date,symbol,reportedCurrency,cik,fillingDate,acceptedDate,calendarYear,period,revenue,costOfRevenue,grossProfit,grossProfitRatio,researchAndDevelopmentExpenses,generalAndAdministrativeExpenses,sellingAndMarketingExpenses,sellingGeneralAndAdministrativeExpenses,otherExpenses,operatingExpenses,costAndExpenses,interestIncome,interestExpense,depreciationAndAmortization,ebitda,ebitdaratio,operatingIncome,operatingIncomeRatio,totalOtherIncomeExpensesNet,incomeBeforeTax,incomeBeforeTaxRatio,incomeTaxExpense,netIncome,netIncomeRatio,eps,epsdiluted,weightedAverageShsOut,weightedAverageShsOutDil,link,finalLink,revenuePerShare,netIncomePerShare,operatingCashFlowPerShare,freeCashFlowPerShare,cashPerShare,bookValuePerShare,tangibleBookValuePerShare,shareholdersEquityPerShare,interestDebtPerShare,marketCap,enterpriseValue,peRatio,priceToSalesRatio,pocfratio,pfcfRatio,pbRatio,ptbRatio,evToSales,enterpriseValueOverEBITDA,evToOperatingCashFlow,evToFreeCashFlow,earningsYield,freeCashFlowYield,debtToEquity,debtToAssets,netDebtToEBITDA,currentRatio,interestCoverage,incomeQuality,dividendYield,payoutRatio,salesGeneralAndAdministrativeToRevenue,researchAndDdevelopementToRevenue,intangiblesToTotalAssets,capexToOperatingCashFlow,capexToRevenue,capexToDepreciation,stockBasedCompensationToRevenue,grahamNumber,roic,returnOnTangibleAssets,grahamNetNet,workingCapital,tangibleAssetValue,netCurrentAssetValue,investedCapital,averageReceivables,averagePayables,averageInventory,daysSalesOutstanding,daysPayablesOutstanding,daysOfInventoryOnHand,receivablesTurnover,payablesTurnover,inventoryTurnover,roe,capexPerShare,report_date,epsEstimated,time,revenueEstimated,updatedFromDate,fiscalDateEnding,surprise(%),QuarterAvgPrice,QuarterAvgVolume
2025-03-31,ORLY,USD,898173,2025-04-23,2025-04-23 16:34:01,2025,Q1,4136924000.0,2015439000.0,2121485000.0,0.5128170109,0,0.0,0.0,1380019000.0,0.0,1380019000.0,3395458000.0,1664000.0,-57564000.0,-449000.0,741466000.0,0.1792312356,741466000.0,0.1792312356,-57115000.0,684351000.0,0.165425084,145866000.0,538485000.0,0.130165553,9.4,9.35,57304000,57622000,https://www.sec.gov/Archives/edgar/data/898173/000089817325000026/0000898173-25-000026-index.htm,https://www.sec.gov/Archives/edgar/data/898173/000089817325000026/orly-20250423xex99d1.htm,72.1925869049281,9.396987993857325,13.177439620270835,8.16991833030853,3.33742845176602,-23.68867792824236,-39.97253245846712,-23.68867792824236,140.4134964400391,82092564320.0,90005135320.0,38.112744236144,19.84386571278564,108.71459413073416,175.34814205981172,-60.47530403932061,-60.47530403932061,21.756535851275004,121.38808161129438,119.19315515414768,192.24924187633096,0.0065594856788851,0.0057029403805082,-5.969857586544242,0.5298734951083358,10.67152236245492,0.708473385718781,-12.880724063650892,1.4023046138703956,0.0,0.0,-0.1535972137752591,0.0,0.0610133141535418,0.3800071511812692,0.0693633723993962,2.3477467600471265,0.0020411300763562,,0.080933636265779,0.0374970100785161,-236.97715691749264,-2481039000.0,-2290586000.0,-10621864000.0,6591989000.0,444049000.0,6530171500.0,5134120000.0,8.531730338773446,291.84603453639625,230.97659616589732,10.548856612472203,0.3083817813148187,0.3896498671032372,-0.3966868907721502,5.007521289962306,2025-04-23,9.86,amc,4172265249.0,2025-05-11,2025-03-31,-0.0517241379310344,1304.901,349546.68333333335
2024-12-31,ORLY,USD,898173,2025-02-28,2025-02-28 16:27:19,2024,Q4,4095601000.0,1994569000.0,2101032000.0,0.5129972378,0,0.0,0.0,1362382000.0,0.0,1362382000.0,3356951000.0,2056000.0,55403000.0,122568000.0,863168000.0,0.1803520411,738650000.0,0.1803520411,-53453000.0,685197000.0,0.1673007209,134067000.0,551130000.0,0.134566331,9.56,9.5,58339000,58705000,https://www.sec.gov/Archives/edgar/data/898173/000089817325000008/0000898173-25-000008-index.htm,https://www.sec.gov/Archives/edgar/data/898173/000089817325000008/orly-20241231x10k.htm,70.20348309021409,9.44702514612866,10.704451567562009,5.725432386568162,2.2325545518435352,-23.49990572344401,-39.44397401395293,-23.49990572344401,136.7224841015444,69178386200.0,76968991200.0,31.380248852357884,16.890899821540234,110.77634314245132,207.11099528166315,-50.459776901020525,-50.459776901020525,18.79308829155965,104.20224896771136,123.2515507928908,230.4350426326883,0.0079667946922994,0.00482832888056,-5.777589588617036,0.5318240729444671,10.547085899952616,0.7050028943062145,13.332310524700828,1.1331028976829425,0.0,0.0,-0.1543575655929374,0.0,0.0624531472650155,0.4651353831224669,0.070922680212257,2.3698763135565564,0.0017899692865589,,0.084519324390356,0.0394691046278962,-226.5141243422068,-2443610000.0,-2301122000.0,-10424807000.0,6416345000.0,526090000.0,6442215000.0,5004520500.0,10.89796100743212,294.4159815980295,229.93557004044484,8.258425584255843,0.3056899272637935,0.3914139947297816,-0.4020026827896636,4.979019180993847,2025-02-05,9.73,amc,4045296492.0,2025-05-05,2024-12-31,0.0236382322713258,1209.47234375,327407.671875
2024-09-30,ORLY,USD,898173,2024-11-08,2024-11-08 16:31:04,2024,Q3,4364437000.0,2113212000.0,2251225000.0,0.5158110886,0,0.0,0.0,1354497000.0,0.0,1354497000.0,3467709000.0,2055000.0,55166000.0,116439000.0,1019526000.0,0.2335985145,896728000.0,0.2054624686,-48807000.0,847921000.0,0.1942795829,182457000.0,665464000.0,0.1524741908,11.47,11.41,57998000,58335000,https://www.sec.gov/Archives/edgar/data/898173/000089817324000043/0000898173-24-000043-index.htm,https://www.sec.gov/Archives/edgar/data/898173/000089817324000043/orly-20240930x10q.htm,75.25150867271286,11.473912893548054,13.311062450429326,8.857305424324977,1.9933963240111727,-24.81230387254733,-42.00644849822408,-24.81230387254733,133.8271836959895,66790496799.99999,74381426800.0,25.09170172992077,15.303347671188744,86.5145065834213,130.01696846055913,-46.41245754184664,-46.41245754184664,17.042616676561032,72.95687093806337,96.34712641593752,144.79376686275808,0.0099634533636228,0.0076913037724253,-5.355246882695974,0.528659329068411,7.445548225351781,0.6961725267603035,16.25508465359098,1.1601153480879507,0.0,0.0,0.0,0.0,0.0684084716181529,0.3345906491454181,0.0591849532940903,2.2184062041068717,0.0016888776261405,,0.103481264836538,0.0490021719703311,-224.6140728990655,-2486878000.0,-2436290000.0,-10318299000.0,6216659000.0,515923000.0,6292928500.0,4850961500.0,11.470551642743382,270.85105990312377,209.2508134536431,7.846178876404494,0.3322859435447312,0.4301058548569914,-0.4624283562093138,4.453757026104348,2024-10-23,11.55,amc,4404788180.0,2025-04-25,2024-09-30,-0.0121212121212121,1101.91421875,357505.40625
2024-06-30,ORLY,USD,898173,2024-07-24,2024-07-24 16:30:48,2024,Q2,4272201000.0,2104141000.0,2168060000.0,0.5074808044,0,0.0,0.0,1304762000.0,0.0,1304762000.0,3408903000.0,1528000.0,54831000.0,113237000.0,979624000.0,0.2020733575,863298000.0,0.2020733575,-51742000.0,811556000.0,0.189962036,188708000.0,622848000.0,0.1457908933,10.61,10.55,58679000,59044000,https://www.sec.gov/Archives/edgar/data/898173/000089817324000035/0000898173-24-000035-index.htm,https://www.sec.gov/Archives/edgar/data/898173/000089817324000035/orly-20240630x10q.htm,72.80630208422093,10.614495816220453,16.170333509432677,20.01100904923397,2.4717871811039727,-26.983963598561665,-44.02709657628794,-26.983963598561665,132.35320983656845,59636641280.0,67203122280.0,23.937076654336213,13.959231150407016,62.850899111459135,50.78804359637753,-37.66385157939411,-37.66385157939411,15.7303278286766,77.84464029801993,70.82519350082573,57.23184657808633,0.0104440489375594,0.019689673576466,-4.870255123178594,0.5357761056589154,8.764622413118065,0.6991681119084973,15.74470646167314,0.0,0.0,0.0,-0.1871117487215606,0.0,0.0694824813581875,0.2375136874920299,0.0527519655559277,0.0,0.001230747336092,,0.0993090100672773,0.0465051129282314,-222.9160687809949,-2443720000.0,-2583466000.0,-10297086000.0,6092355000.0,526342000.0,6171653000.0,4796925000.0,10.019107247060708,266.3136263206696,204.82550361406388,8.982836272802967,0.3379474090132757,0.4393984069951548,-0.3933631090721691,3.840675539801292,2024-07-24,10.98,amc,4309105970.0,2025-04-25,2024-06-30,-0.0391621129326047,1036.9660317460318,416759.4444444445
2024-03-31,ORLY,USD,898173,2024-05-09,2024-05-09 16:31:02,2024,Q1,3976240000.0,1942068000.0,2034172000.0,0.5115817959,0,0.0,0.0,1281691000.0,0.0,1281691000.0,3223759000.0,1656000.0,57148000.0,109648000.0,867186000.0,0.2168201618,752481000.0,0.1892443615,-52091000.0,700390000.0,0.1761437941,153152000.0,547238000.0,0.1376270044,9.27,9.2,59017000,59454000,https://www.sec.gov/Archives/edgar/data/898173/000089817324000022/0000898173-24-000022-index.htm,https://www.sec.gov/Archives/edgar/data/898173/000089817324000022/orly-20240331x10q.htm,67.37448531778979,9.272548587695072,11.932409305793248,7.70921937746751,1.5125133436128573,-23.572834945863057,-40.684124913160616,-23.572834945863057,129.54275886608943,66705734760.0,74204547760.0,30.47382252328968,16.776083626742853,94.72353579517618,146.61406617946042,-47.948411915485785,-47.948411915485785,18.66198915558417,86.07128139756347,105.37200678769976,163.09587946590472,0.0082037624196615,0.0068206279660504,-5.454347260418718,0.5338808253314171,8.69801735007174,0.7098652780274414,13.167232449079584,1.2868532521498872,0.0,0.0,-0.1660807697724483,0.0,0.0710513729139423,0.3539260027122399,0.0626823330583667,2.273092076462863,0.001765989980484,,0.0874400263983561,0.0414473858111789,-214.84640018977584,-2288697000.0,-2401055000.0,-10004555000.0,6144148000.0,546289999.5,6104384000.0,4731765500.0,13.06206868800676,283.4793220422766,222.6826043166357,6.890179660641011,0.3174834741088377,0.4041626883078288,-0.393357379754715,4.223189928325737,2024-04-24,9.28,amc,3985235112.0,2025-04-25,2024-03-31,-0.0086206896551724,1049.0824590163934,381325.95081967214
2023-12-31,ORLY,USD,898173,2024-02-07,2024-02-07 16:30:52,2023,Q4,3832015000.0,1864586000.0,1967429000.0,0.5134189193,0,0.0,0.0,1248693000.0,0.0,1248693000.0,3113279000.0,1980000.0,56148000.0,112478000.0,840157000.0,0.216913034,718736000.0,0.1875608524,-47205000.0,671531000.0,0.1752422681,119027000.0,552504000.0,0.144181064,9.33,9.26,59200000,59673000,https://www.sec.gov/Archives/edgar/data/898173/000089817324000009/0000898173-24-000009-index.htm,https://www.sec.gov/Archives/edgar/data/898173/000089817324000009/orly-20231231x10k.htm,64.72998310810812,9.332837837837838,8.723462837837838,4.461537162162162,4.715067567567568,-29.379695945945947,-45.38418918918919,-29.379695945945947,133.39785472972974,56244736000.0,63806609000.0,25.44992253449749,14.677587639923122,108.9108783588838,212.94902753641296,-32.33797932245449,-32.33797932245449,16.65092881943312,76.76315485542833,123.55349718935226,241.5791468368904,0.0098232126113988,0.0046959594583215,-4.50819535462416,0.5369139212700221,9.0973840671596,0.7254987467618318,12.800740899052505,0.9347063550671126,0.0,0.0,-0.1607230138712922,0.0,0.064877867738896,0.4885589306564891,0.0658416003068881,2.2431586621383737,0.0014517166555976,,0.0806519626552344,0.040457591451435,-225.47607264780405,-2103051000.0,-2686744000.0,-10784816000.0,6081949000.0,535936499.5,6145758000.0,4644939000.0,12.107019390581716,294.03470797270813,224.8504654652561,7.433704126220589,0.3060863141651755,0.4002660159665393,-0.3176628463074908,4.261925675675676,2024-02-07,9.17,amc,3863670000.0,2025-04-25,2023-12-31,0.0098146128680479,947.9370634920635,400443.68253968254
2023-09-30,ORLY,USD,898173,2023-11-08,2023-11-08 16:30:50,2023,Q3,4203380000.0,2042917000.0,2160463000.0,0.513982319,0,0.0,0.0,1263241000.0,0.0,1263241000.0,3306158000.0,1292000.0,51361000.0,104910000.0,1002938000.0,0.2386027435,897222000.0,0.2134525073,-50555000.0,846667000.0,0.2014252816,196840000.0,649827000.0,0.1545963011,10.82,10.73,60082000,60590000,https://www.sec.gov/Archives/edgar/data/898173/000089817323000058/0000898173-23-000058-index.htm,https://www.sec.gov/Archives/edgar/data/898173/000089817323000058/orly-20230930x10q.htm,69.96072034885657,10.815668586265437,14.41839486035751,9.541460004660298,1.3758530008987715,-29.301105156286408,-44.20405445890616,-29.301105156286408,123.7582637062681,54606126520.0,61907745520.0,21.00794769992629,12.991004030090073,63.034755865845696,95.25376614858618,-31.017942673230827,-31.017942673230827,14.728086806332048,61.72639337626055,71.46340298700429,107.99055509620248,0.011900258110452,0.0104982725663581,-4.194497602627481,0.5448916228189858,7.280229685184927,0.6867137899973464,17.468935573684313,1.3331025026660943,0.0,0.0,-0.1854878692861459,0.0,0.0660721446050343,0.3382439517665067,0.0697096146434536,2.793022590792108,0.0017550162012475,,0.1127661076794097,0.0513435888246291,-207.9924394993509,-2453370000.0,-2655868000.0,-9934595000.0,5544090000.0,534880500.0,6209827000.0,4628960500.0,11.912862981695682,273.1307439313492,204.039611007202,7.554858990511898,0.3295125210167527,0.4410908232756005,-0.3691215238666514,4.876934855697214,2023-10-25,10.4,amc,4085500000.0,2025-04-25,2023-09-30,0.0317307692307692,940.8971428571429,368461.4444444445
2023-06-30,ORLY,USD,898173,2023-08-08,2023-08-08 16:30:48,2023,Q2,4068991000.0,1982409000.0,2086582000.0,0.5128008393,0,0.0,0.0,1232809000.0,0.0,1232809000.0,3215218000.0,760000.0,49587000.0,97926000.0,956645000.0,0.2351061971,853773000.0,0.2098242537,-44641000.0,809132000.0,0.1988532292,181767000.0,627365000.0,0.1541819581,10.32,10.22,60817000,61366000,https://www.sec.gov/Archives/edgar/data/898173/000089817323000044/0000898173-23-000044-index.htm,https://www.sec.gov/Archives/edgar/data/898173/000089817323000044/orly-20230630x10q.htm,66.90548695266126,10.315618988111876,15.416824243221468,11.508805103836098,0.9517075817616784,-26.760165743131036,-41.51143594718582,-26.760165743131036,117.96535508163836,58098480100.0,65165312100.0,23.151785682975618,14.278350603380543,61.964772052196814,83.0060107353439,-35.69858307941207,-35.69858307941207,16.015103523207596,68.1185937312169,69.50188202921272,93.10248024448124,0.0107983031383982,0.0120473203222402,-4.377775852502622,0.5366358598869607,7.387099707833104,0.6903398482316503,17.217678020448908,1.4945127637021511,0.0,0.0,-0.1842225750806526,0.0,0.067572002308117,0.2534905423925853,0.0584110409681417,2.427077589200008,0.0017537517286226,,0.1110041059208195,0.0506777538179061,-199.7463867010869,-2382432000.0,-2524601000.0,-9592829000.0,5402090000.0,494087500.0,6137915000.0,4585195000.0,11.355198377189824,282.3763511969528,210.0358200552963,7.925885309127741,0.3187235744725184,0.428498338884794,-0.385484121702787,3.9080191393853694,2023-07-26,10.09,amc,3991220000.0,2025-04-25,2023-06-30,0.0128840436075322,915.9854838709678,441232.9516129032
2023-03-31,ORLY,USD,898173,2023-05-09,2023-05-09 16:32:39,2023,Q1,3707864000.0,1817535000.0,1890329000.0,0.5098161637,0,0.0,0.0,1173684000.0,0.0,1173684000.0,2991219000.0,868000.0,44572000.0,93747000.0,815739000.0,0.2200024057,716645000.0,0.1932770458,-39225000.0,677420000.0,0.1826981788,160535000.0,516885000.0,0.1394023621,8.36,8.28,61840000,62398000,https://www.sec.gov/Archives/edgar/data/898173/000089817323000029/0000898173-23-000029-index.htm,https://www.sec.gov/Archives/edgar/data/898173/000089817323000029/orly-20230331x10q.htm,59.95899094437257,8.358424967658474,11.542108667529108,7.931694695989651,0.968175937904269,-26.277765200517464,-40.70360608020699,-26.277765200517464,116.46562095730918,52500923200.0,59598713200.0,25.39294195033711,14.15934435567216,73.55501706446388,107.03639418058457,-32.30792244019601,-32.30792244019601,16.073597413497367,73.06100750362555,83.49918628566304,121.50703206550104,0.0098452554449556,0.0093426166646913,-4.404668997308951,0.5517431219251087,8.701055116894006,0.7052442611157662,16.07836758503096,1.380895170105536,0.0,0.0,-0.1736447183607597,0.0,0.0687664112402426,0.3128036718018841,0.0602147220070639,2.38160154458276,0.002005197601638,,0.0912580441577805,0.042785936138585,-192.59176503880985,-2168314000.0,-2517111000.0,-9409839000.0,5449482000.0,472484500.0,5968574500.0,4451553000.0,11.524573177441244,299.87828570013784,225.0070562602646,7.809399846249434,0.3001217637011409,0.3999874559307039,-0.3180797493195456,3.6104139715394568,2023-04-26,8.0,amc,3967840000.0,2025-04-25,2023-03-31,0.0349999999999999,821.8514516129032,464615.564516129
2022-12-31,ORLY,USD,898173,2023-02-28,2023-02-28 16:31:13,2022,Q4,3644493000.0,1790539000.0,1853954000.0,0.5087001127,0,0.0,0.0,1171737000.0,0.0,1171737000.0,2962276000.0,2136000.0,42331000.0,99885000.0,788463000.0,0.2163436725,682217000.0,0.187191195,-35970000.0,646247000.0,0.1773215095,117675000.0,528572000.0,0.1450330677,8.45,8.37,62577000,63160000,https://www.sec.gov/Archives/edgar/data/898173/000089817323000011/0000898173-23-000011-index.htm,https://www.sec.gov/Archives/edgar/data/898173/000089817323000011/orly-20221231x10k.htm,58.24013615226041,8.446745609409207,12.708023714783389,9.919107659363664,1.735190245617399,-16.951148185435542,-31.08485545807565,-16.951148185435542,105.26808571839494,52816865310.0,59253312310.0,24.980922802380757,14.4922394719924,66.41709355783861,85.09132363365705,-49.791907354405176,-49.791907354405176,16.258314204472338,75.15040313876491,74.51091169850233,95.4608484343685,0.010007636706526,0.0117520794987899,-6.170179269046865,0.5182959205111126,8.163283502206191,0.7146644654016376,16.116250501996173,1.5044875627161485,0.0,0.0,0.1920297281405122,0.0,0.0700385231872812,0.2194610364297121,0.0478864961463775,1.7472293137107673,0.0020702468079922,,0.0940824880830295,0.0450096197618195,-176.549762692363,-2015558000.0,-1945197000.0,-8640472000.0,5405195000.0,471940000.0,5727627500.0,4248535500.0,11.610849574961456,295.611617507354,219.10795576080724,7.751370769119517,0.3044535284468685,0.4107564222736392,-0.4982993197278911,2.788916055419723,2023-02-08,7.75,amc,3507839758.0,2025-04-25,2022-12-31,0.0799999999999999,806.5246031746033,465851.28571428574
2022-09-30,ORLY,USD,898173,2022-11-08,2022-11-08 16:31:16,2022,Q3,3798619000.0,1863657000.0,1934962000.0,0.5093856478,0,0.0,0.0,1130768000.0,0.0,1130768000.0,2994425000.0,1435000.0,43164000.0,90003000.0,895016000.0,0.2356161542,804194000.0,0.2117069388,-42345000.0,761849000.0,0.2005594665,176411000.0,585438000.0,0.1541186415,9.25,9.17,63288000,63860000,https://www.sec.gov/Archives/edgar/data/898173/000089817322000049/0000898173-22-000049-index.htm,https://www.sec.gov/Archives/edgar/data/898173/000089817322000049/orly-20220930x10q.htm,60.02115724939957,9.250379218809252,15.185295790671216,12.658766274807231,1.059600556187587,-19.04726014410315,-32.969362280369104,-19.04726014410315,104.0277145746429,44513614800.0,50987096800.0,19.008680167669336,11.718367859477352,46.317833362988495,55.56228661870216,-36.92657078649448,-36.92657078649448,13.422535084460955,56.96780482136632,53.05369747785488,63.64254394943256,0.0131518862853618,0.0179978193997401,-5.425750935532654,0.5344441114205655,7.232811480465154,0.6958664931954041,18.63112779167825,1.641586299488588,0.0,0.0,-0.1929356431903278,0.0,0.0719970570421966,0.1663800001456744,0.0420939820497923,1.7765963356776997,0.0016350679023087,,0.1073422567658375,0.0515489842938133,-173.0530116293768,-2080723000.0,-2086565000.0,-8682735000.0,5253780000.0,463745000.0,5416405000.0,4071664500.0,11.223431462855316,269.1851665837651,199.83025309914865,8.018937906634072,0.3343423456135863,0.4503822549598895,-0.4856540598923401,2.5265295158639867,2022-10-26,8.5,amc,3714430754.0,2025-04-25,2022-09-30,0.0788235294117647,699.436015625,460532.984375
2022-06-30,ORLY,USD,898173,2022-08-08,2022-08-08 16:32:40,2022,Q2,3670737000.0,1786019000.0,1884718000.0,0.5134440304,0,0.0,0.0,1086168000.0,0.0,1086168000.0,2872187000.0,682000.0,37384000.0,85122000.0,879804000.0,0.2396804783,798550000.0,0.2175448691,-41252000.0,757298000.0,0.2063067989,180538000.0,576760000.0,0.1571237602,8.86,8.78,65116000,65686000,https://www.sec.gov/Archives/edgar/data/898173/000089817322000037/0000898173-22-000037-index.htm,https://www.sec.gov/Archives/edgar/data/898173/000089817322000037/orly-20220630x10q.htm,56.37227409546041,8.85742367467289,10.78209656612814,8.863505129307697,3.899256711100191,-17.007033601572576,-30.541326248541065,-17.007033601572576,103.3868480864918,41137684160.0,47578534160.0,17.83137013662529,11.206927698715544,58.59342810791255,71.27654249457686,-37.14698370100142,-37.14698370100142,12.961575334871444,54.07856086128274,67.76729117616478,82.43617697814803,0.014020235017527,0.0140298612278518,-6.045306701100746,0.5547668654702652,7.320778264249765,0.748437633757558,21.3607425636636,1.217294888688536,0.0,0.0,-0.1906568081559643,0.0,0.0730296413836982,0.1779423347818717,0.034034309731261,1.467669932567374,0.0016805889389514,,0.1014270899016824,0.0515590820631141,-162.45139443454758,-1613317000.0,-1988729000.0,-8375247000.0,5516336000.0,429079000.0,5100997500.0,3925632500.0,11.12598369210325,264.9938662466637,201.83691214931085,8.089172381573611,0.3396305026782223,0.4459045624589303,-0.5208094416802868,1.9185914368204435,2022-07-27,8.96,amc,3700431623.0,2025-04-25,2022-06-30,-0.0200892857142858,645.332258064516,648467.5322580645
2022-03-31,ORLY,USD,898173,2022-05-09,2022-05-09 16:33:01,2022,Q1,3296011000.0,1587939000.0,1708072000.0,0.5182239986,0,0.0,0.0,1038542000.0,0.0,1038542000.0,2626481000.0,510000.0,34841000.0,82923000.0,751025000.0,0.2278587662,669530000.0,0.203133424,-36269000.0,633261000.0,0.1921295166,151381000.0,481880000.0,0.1462009684,7.24,7.17,66572000,67190000,https://www.sec.gov/Archives/edgar/data/898173/000089817322000022/0000898173-22-000022-index.htm,https://www.sec.gov/Archives/edgar/data/898173/000089817322000022/orly-20220331x10q.htm,49.51046986721144,7.238478639668329,10.363005467764223,8.800937331010035,2.877275731538785,-4.9310971579643095,-18.176500630895877,-4.9310971579643095,88.57181698011176,45599157120.0,51269173120.0,23.65690478957417,13.834649556691408,66.09665527347997,77.82807378783949,-138.90620648058172,-138.90620648058172,15.55491566017225,68.26560117173197,74.31542765036542,87.50558652047462,0.0105677391959652,0.0128488339917805,-17.855754204579725,0.4984156561487889,7.549703405346027,0.7330212435096298,19.21672741884561,1.4316551838632026,0.0,0.0,-0.1666854267173259,0.0,0.0749782171321033,0.1507350489791067,0.0315502587825101,1.2540549666558132,0.0019820928995685,,0.0859967081828279,0.0442960758978899,-145.26970798533918,-1647492000.0,-1210046000.0,-7565281000.0,5446926000.0,395024000.0,4819297500.0,3766132000.0,11.041728926268751,280.1716375754988,217.97392091257916,8.150897436531528,0.3212316592030033,0.412893430659971,-1.4679245627876798,1.5620681367541909,2022-04-27,7.48,amc,3323377473.0,2025-04-25,2022-03-31,-0.0414438502673797,669.9779032258064,585269.1935483871
2021-12-31,ORLY,USD,898173,2022-02-28,2022-02-28 16:36:38,2021,Q4,3291493000.0,1556957000.0,1734536000.0,0.5269754485,0,0.0,0.0,1058655000.0,0.0,1058655000.0,2615612000.0,493000.0,34732000.0,90563000.0,769519000.0,0.2337902587,675881000.0,0.2053417704,-31657000.0,644224000.0,0.1957239465,125251000.0,518973000.0,0.1576710022,7.71,7.64,67300000,67928000,https://www.sec.gov/Archives/edgar/data/898173/000089817322000012/0000898173-22-000012-index.htm,https://www.sec.gov/Archives/edgar/data/898173/000089817322000012/orly-20211231x10k.htm,48.90777117384844,7.711337295690936,9.539123328380386,8.021054977711739,5.380579494799406,-0.986968796433878,-14.05294205052006,-0.986968796433878,87.68646359583953,47529279000.0,53033733000.0,22.895834176344437,14.440036481924768,74.03510529095007,88.04702149061626,-715.5545368321215,-715.5545368321215,16.11236390294617,68.91802931441589,82.60924821996844,98.24391043631452,0.0109190168864122,0.0113575676163738,-88.3213194224892,0.5006155542586738,7.153109929709338,0.7667331391078394,19.459892894161005,1.2370258182988323,0.0,0.0,0.2996071995292106,0.0,0.0750372886701579,0.1591412856726735,0.0310394097754423,1.1281207557170148,0.0018569080961132,,0.0880753626861771,0.0478785338664148,-138.04710252600296,-1370353000.0,-945763000.0,-7280868000.0,5704980000.0,389719500.0,4651930500.0,3666685500.0,10.5455670116874,271.41281358444706,213.09160753957875,8.534391740174344,0.3315981983731858,0.4223535644559993,-7.813152070818843,1.518068350668648,2022-02-09,6.05,amc,3124048575.0,2025-04-25,2021-12-31,0.2628099173553719,649.1790625,401624.3125
2021-09-30,ORLY,USD,898173,2021-11-08,2021-11-08 16:31:14,2021,Q3,3479570000.0,1661330000.0,1818240000.0,0.5225473263,0,0.0,0.0,1063641000.0,0.0,1063641000.0,2724971000.0,485000.0,34873000.0,78737000.0,834139000.0,0.2397247361,754599000.0,0.2168655897,-34070000.0,720529000.0,0.20707415,161877000.0,558652000.0,0.1605520222,8.14,8.07,68608000,69240000,https://www.sec.gov/Archives/edgar/data/898173/000089817321000055/0000898173-21-000055-index.htm,https://www.sec.gov/Archives/edgar/data/898173/000089817321000055/orly-20210930x10q.htm,50.71668027052239,8.142665578358208,12.42559176772388,10.70450967817164,6.548828125,-2.053011310634328,-14.863062616604475,-2.053011310634328,86.38819088152985,41923604480.0,47366350480.0,18.761055397635737,12.048501533235427,49.17753708819407,57.08435214422364,-297.6408346290104,-297.6408346290104,13.612702282178544,56.78472110763314,55.56202731980833,64.49534729001995,0.0133254763498808,0.0175179355188879,-41.83118570424485,0.4997756880447962,6.524986842720458,0.7616688431611716,21.638488228715627,1.5259857657360931,0.0,0.0,-0.1717709372135062,0.0,0.0745477393434856,0.138511076311298,0.0339352276287012,1.4996761370130942,0.0017154418505734,,0.0953408013339521,0.0512030919169428,-136.45811348530785,-1427545000.0,-1019725000.0,-7368029000.0,5664127000.0,390043500.0,4596059500.0,3647200500.0,10.184836057328924,249.6610607164139,197.56997104729345,8.836666539687377,0.3604887351745636,0.4555348139341286,-3.9662059026076832,1.7210820895522387,2021-10-27,7.19,amc,3231390000.0,2025-04-25,2021-09-30,0.1223922114047287,600.39453125,396288.3125
2021-06-30,ORLY,USD,898173,2021-08-06,2021-08-06 16:31:25,2021,Q2,3465601000.0,1639223000.0,1826378000.0,0.5270018101,0,0.0,0.0,1030795000.0,0.0,1030795000.0,2670018000.0,456000.0,37657000.0,79160000.0,878151000.0,0.2533906817,795583000.0,0.2295656655,-34249000.0,761334000.0,0.2196831084,175883000.0,585451000.0,0.1689320265,8.41,8.33,69618000,70264000,https://www.sec.gov/Archives/edgar/data/898173/000089817321000045/0000898173-21-000045-index.htm,https://www.sec.gov/Archives/edgar/data/898173/000089817321000045/orly-20210630x10q.htm,49.780243615157,8.409477433996955,11.809589473986613,9.974891551035652,9.072624895860264,3.1269786549455603,-9.530767904852194,3.1269786549455603,85.37626763193427,39418407780.0,44692857780.0,16.832496562479186,11.374191021990123,47.94493502481269,56.76352440555735,181.0725503688664,181.0725503688664,12.896134834910308,50.89427419657895,54.36029213291817,64.35886851412377,0.014852223440061,0.0176169469826312,27.13013679752313,0.4942592193221161,6.006313265030729,0.8209746254599235,21.12709456409167,1.4043190634228997,0.0,0.0,-0.1755620453710626,0.0,0.0737452877076904,0.1553566215821737,0.0368559450438755,1.6135421930267813,0.0018129611573865,24.324180763090126,0.0939572105525179,0.0528952236358711,-129.08404435634463,-1033265000.0,-663513000.0,-6993292000.0,6040425000.0,383466500.0,4451016000.0,3634807000.0,10.03259752060321,251.65660803929669,200.25778676848728,8.970757554578823,0.3576301878230288,0.4494207264162298,2.6893299769401087,1.834697922950961,2021-07-28,7.56,amc,3223980000.0,2025-04-25,2021-06-30,0.1018518518518519,538.1166666666667,484760.7142857143
2021-03-31,ORLY,USD,898173,2021-05-07,2021-05-07 16:31:21,2021,Q1,3090899000.0,1450104000.0,1640795000.0,0.5308471742,0,0.0,0.0,949690000.0,0.0,949690000.0,2399794000.0,537000.0,37506000.0,79757000.0,773090000.0,0.2501181695,691105000.0,0.2235935241,-35278000.0,655827000.0,0.2121800162,154218000.0,501609000.0,0.1622857945,7.13,7.06,70383000,71015000,https://www.sec.gov/Archives/edgar/data/898173/000089817321000026/0000898173-21-000026-index.htm,https://www.sec.gov/Archives/edgar/data/898173/000089817321000026/orly-20210331x10q.htm,43.91541991674126,7.126848812923575,12.65464671866786,11.306608129804072,8.679368597530654,-0.099129051049259,-12.594561186650186,-0.099129051049259,88.8387820922666,35701776750.0,41306130750.0,17.793628478556005,11.550612540235058,40.084090158891264,44.863145001275456,-5117.067041708471,-5117.067041708471,13.36379181267327,53.42991210596438,46.37636610334668,51.90562212786491,0.0140499730170992,0.0222900110986773,-890.8175433567436,0.524453064146169,7.249290509513769,0.7941008063928683,18.42651842371887,1.775630022587314,0.0,0.0,-0.1618991756120145,0.0,0.0742109852199248,0.1065251854779312,0.0306962472730425,1.1896009127725466,0.0020356537046341,,0.0803693955741439,0.0457196018637877,-130.00902561698138,-1215439000.0,-886443000.0,-7170225000.0,5818020000.0,355452500.0,4251562000.0,3637698000.0,11.082532945916382,268.0232452293077,224.81014465169395,8.120887205046623,0.3357917703108189,0.4003378056601497,-71.8946538626917,1.348038588863788,2021-04-28,5.47,amc,2795620000.0,2025-04-25,2021-03-31,0.2906764168190128,464.6809836065574,650340.5901639344
2020-12-31,ORLY,USD,898173,2021-02-26,2021-02-26 16:38:17,2020,Q4,2828773000.0,1356635000.0,1472138000.0,0.5204157421,0,0.0,0.0,937866000.0,0.0,937866000.0,2294501000.0,599000.0,38349000.0,83125000.0,621403000.0,0.2196722749,534272000.0,0.188870581,-34343000.0,499929000.0,0.1767299815,106984000.0,392945000.0,0.1389100504,5.45,5.4,72143000,72771000,https://www.sec.gov/Archives/edgar/data/898173/000089817321000012/0000898173-21-000012-index.htm,https://www.sec.gov/Archives/edgar/data/898173/000089817321000012/orly-20201231x10k.htm,39.210637206658994,5.446751590590909,6.75705196623373,5.341058730576771,6.454403060587999,1.944166447195154,-10.268106399789309,1.944166447195154,85.98249310397405,32649757510.0,38348803510.0,20.7724729351436,11.542021049409056,66.9774336887711,84.7341365877712,232.78356678406936,232.78356678406936,13.556691721110177,61.71325775704334,78.66840797663055,99.52456013183848,0.0120351582972598,0.0118016190436325,43.95247329920575,0.531592335091486,9.171256012603736,0.8550798995974663,13.931836553756291,1.240565473539554,0.0,0.0,0.6267858891469906,0.0,0.0759728549005824,0.2095578430849645,0.0361124770350961,1.2289203007518796,0.002009705267973,15.43571549991311,0.063082238864663,0.036670327369076,-123.59377902221976,-762630000.0,-740772000.0,-6956597000.0,6208445000.0,331913500.0,4134233500.0,3590345000.0,10.508605674615811,277.613049936055,242.35520239415908,8.564409283850146,0.3241922525642453,0.3713557584525326,2.8015870752470446,1.4159932356569591,2021-02-10,5.13,amc,2679890210.0,2025-04-25,2020-12-31,0.0526315789473685,452.7865625,509658.84375
2020-09-30,ORLY,USD,898173,2020-11-06,2020-11-06 16:31:20,2020,Q3,3207638000.0,1527170000.0,1680468000.0,0.5238957763,0,0.0,0.0,955455000.0,0.0,955455000.0,2482625000.0,582000.0,41668000.0,79637000.0,807711000.0,0.2518086517,725013000.0,0.2260270642,-38607000.0,686406000.0,0.213991105,159154000.0,527252000.0,0.16437391,7.13,7.07,73916000,74586000,https://www.sec.gov/Archives/edgar/data/898173/000089817320000059/0000898173-20-000059-index.htm,https://www.sec.gov/Archives/edgar/data/898173/000089817320000059/orly-20200930x10q.htm,43.39571946533904,7.133124086801234,10.68849775420748,9.079184479679636,22.01279831159695,9.595013258293198,-2.225390984360625,9.595013258293198,89.60244060825802,34081189280.0,39035477280.0,16.159819820503287,10.625011076686334,43.1379610683361,50.78429687511641,48.05412849236843,48.05412849236843,12.169539480452595,48.32852007710679,49.40880687449291,58.16666931904032,0.0154704695211269,0.019691126224689,9.27968698226938,0.5263445130263227,6.133738428720173,0.976021557192104,17.399755207833348,1.4984314900654716,0.0,0.0,-0.1782355116132182,0.0,0.0698752738234498,0.150564963527671,0.0370846086746696,1.4937026758918592,0.0017402213092624,39.24225342896276,0.0727709232392206,0.0453345994586179,-110.31076830456192,-135943000.0,-164492000.0,-6261285000.0,6724568000.0,331853000.0,4010102500.0,3528089000.0,9.35827858380528,240.668982497037,207.88422376028865,9.617153325158233,0.3739576204054797,0.432933285518477,0.743419930205506,1.6093132745278425,2020-10-28,6.4,amc,662896451.0,2025-04-25,2020-09-30,0.1046874999999999,455.82140625,517288.75
2020-06-30,ORLY,USD,898173,2020-08-07,2020-08-07 19:05:59,2020,Q2,3091595000.0,1454415000.0,1637180000.0,0.5295583671,0,0.0,0.0,900690000.0,0.0,900690000.0,2355105000.0,635000.0,41723000.0,77910000.0,820043000.0,0.2652491675,736490000.0,0.2382233119,-36080000.0,700410000.0,0.2265529605,168743000.0,531667000.0,0.1719717492,7.16,7.1,74205000,74833000,https://www.sec.gov/Archives/edgar/data/898173/000155837020009976/0001558370-20-009976-index.htm,https://www.sec.gov/Archives/edgar/data/898173/000155837020009976/orly-20200630x10q.htm,41.66289333602857,7.164840644161445,14.823596792668958,13.325220672461423,11.756930126002292,7.938818138939425,-3.8258473148709657,7.938818138939425,82.7438178020349,31290022350.0,36515881350.0,14.713167429048632,10.1209965567935,28.44586276176493,31.644504084757457,53.11495900526226,53.11495900526226,11.811340537813006,44.52922755270151,33.1967084551153,36.92956635227822,0.0169915826218641,0.0316010640369517,10.351862162620948,0.5199525771974078,6.372664604173195,0.9526792982109604,17.651894638448816,2.068936006936673,0.0,0.0,0.2913350552061314,0.0,0.074433592942341,0.1010804692791265,0.035964283808196,1.427121037094083,0.001812980031343,35.77440781537529,0.0795807252559393,0.0489765684575006,-111.24642207398423,-237651000.0,-283897000.0,-6354950000.0,6600099000.0,317393000.0,3847299500.0,3542703000.0,9.611727926846823,243.5865966728891,218.3568445044915,9.363560921092882,0.3694784574738339,0.4121693561025459,0.9025072143948396,1.4983761202075332,2020-07-29,4.3,amc,2669196845.0,2025-04-25,2020-06-30,0.6511627906976744,392.0523809523809,703253.2698412698
2020-03-31,ORLY,USD,898173,2020-05-08,2020-05-08 16:34:06,2020,Q1,2476487000.0,1180581000.0,1295906000.0,0.5232839906,0,0.0,0.0,872345000.0,0.0,872345000.0,2052926000.0,675000.0,39386000.0,73963000.0,493009000.0,0.1990759491,423561000.0,0.1710329996,-43901000.0,379660000.0,0.1533058724,79222000.0,300438000.0,0.1213162032,4.0,3.97,75022000,75663000,https://www.sec.gov/Archives/edgar/data/898173/000089817320000027/0000898173-20-000027-index.htm,https://www.sec.gov/Archives/edgar/data/898173/000089817320000027/orly-20200331x10q.htm,33.01014369118392,4.004665298179201,6.119444962810909,4.34284609847778,3.826437578310362,1.4508277571912238,-10.680826957425822,1.4508277571912238,86.50205273119884,22585373100.0,28748477100.0,18.79370544005752,9.119923948722525,49.195638138677786,69.32089997513881,207.50223347175776,207.50223347175776,11.60857177929866,58.31227644931431,62.620159967588265,88.23720983766563,0.0133023261856143,0.014425663838159,59.26069420454963,0.5806329217160138,12.500996939203947,0.908510654859358,10.754100441781343,1.5280790046532062,0.0,0.0,0.3522509910207483,0.0,0.0819292741236681,0.290320261907718,0.0538197858498752,1.802036153211741,0.0023723120694758,11.433581695572222,0.0492846891140953,0.0294583997346333,-116.04768934445896,-423132000.0,-801297000.0,-6798218000.0,6430948000.0,299510000.0,3681460500.0,3505407500.0,11.070185306847966,286.5012311734646,271.1419800928526,8.129945209167042,0.3141347757263519,0.3319294192997318,2.760262393884826,1.776598864333129,2020-04-22,3.95,amc,2464010994.0,2025-04-25,2020-03-31,0.0050632911392405,383.345,982308.6935483871
2019-12-31,ORLY,USD,898173,2020-02-28,2020-02-28 16:30:28,2019,Q4,2482975000.0,1158391000.0,1324584000.0,0.5334665069,0,0.0,0.0,883081000.0,0.0,883081000.0,2041472000.0,732000.0,35288000.0,70493000.0,515094000.0,0.2074503368,441503000.0,0.1778121004,-32190000.0,409313000.0,0.1648478136,84397000.0,324916000.0,0.1308575398,4.29,4.25,75713000,76495000,https://www.sec.gov/Archives/edgar/data/898173/000089817320000007/0000898173-20-000007-index.htm,https://www.sec.gov/Archives/edgar/data/898173/000089817320000007/orly-20191231x10k.htm,32.79456632282435,4.291416269332876,2.889900017170103,0.9503387793377625,0.5336732133187168,5.24797590902487,-7.12524929668617,5.24797590902487,77.88851320116757,33181979380.0,39003458380.0,25.531198355882747,13.363799224720346,151.65230540714705,461.1618609370005,83.51029189107565,83.51029189107565,15.708357264974476,75.72104971131483,178.2583345749373,542.0685500257113,0.0097919414715759,0.0021684360410207,14.752818744651936,0.5469625348506507,11.301779869305408,0.8577524590959871,12.511420312854227,0.6734140516318063,0.0,0.0,0.3556544065083217,0.0,0.0874125234670379,0.6711516752512534,0.0591427622106545,2.083185564524137,0.0021518541266021,22.510622091221,0.0533942236331688,0.0332213195729476,-110.04137664601852,-635765000.0,-539474000.0,-6486158000.0,6177621000.0,297273500.0,3605646500.0,3401361500.0,10.671323714495715,280.06517661135143,268.3621333383978,8.433817810038484,0.3213537687510993,0.335367731953868,0.8177278904716364,1.9395612378323408,2020-02-05,4.27,amc,2494659588.0,2025-04-25,2019-12-31,-0.0046838407494144,429.13796875,437817.5
2019-09-30,ORLY,USD,898173,2019-11-06,2019-11-06 16:32:10,2019,Q3,2666528000.0,1243998000.0,1422530000.0,0.5334764908,0,0.0,0.0,886167000.0,0.0,886167000.0,2130165000.0,656000.0,35858000.0,68107000.0,605858000.0,0.2272085648,536363000.0,0.2011465846,-34470000.0,501893000.0,0.1882196624,110600000.0,391293000.0,0.1467425056,5.14,5.08,76172000,76969000,https://www.sec.gov/Archives/edgar/data/898173/000089817319000166/0000898173-19-000166-index.htm,https://www.sec.gov/Archives/edgar/data/898173/000089817319000166/orly-20190930x10q.htm,35.006669117260934,5.136966339337289,8.437116000630153,6.0005382555269655,0.5619387701517619,2.1821535472352047,-8.428818988604737,2.1821535472352047,74.70448458751247,30355303720.0,35967031720.0,19.394228698187803,11.38383085420442,47.23296443597978,66.41237552863547,182.62234594119803,182.62234594119803,13.488338288591006,59.36544820733571,55.96483388104663,78.68990668886589,0.0128904327101886,0.0150574345826377,34.01856586792124,0.5451347206384746,9.262447636244795,0.8130556005495918,14.95797311618049,1.642431630517285,0.0,0.0,0.3323299061551201,0.0,0.0779215758560624,0.2887927278611796,0.0696032443687071,2.725109019630875,0.0020862334841411,15.881344706503477,0.0685452690977915,0.0409111225771645,-108.49499159796252,-856365000.0,-642040000.0,-6482016000.0,5731532000.0,320058500.0,3561360500.0,3305528500.0,10.1302517730922,260.9259741575147,242.26469013615772,8.884280669021123,0.344925415304454,0.3714945002898199,2.3540810617318115,2.436577745103188,2019-10-23,4.79,amc,2514304944.0,2025-04-25,2019-09-30,0.0605427974947808,387.45953125,573119.65625
2019-06-30,ORLY,USD,898173,2019-08-08,2019-08-08 16:31:43,2019,Q2,2589874000.0,1221587000.0,1368287000.0,0.5283218411,0,0.0,0.0,870213000.0,0.0,870213000.0,2091800000.0,603000.0,34538000.0,68311000.0,567820000.0,0.2192461873,498074000.0,0.1923159196,-33103000.0,464971000.0,0.1795342167,111290000.0,353681000.0,0.1365630143,4.56,4.51,77613000,78412000,https://www.sec.gov/Archives/edgar/data/898173/000089817319000127/0000898173-19-000127-index.htm,https://www.sec.gov/Archives/edgar/data/898173/000089817319000127/orly-20190630x10q.htm,33.3690747684022,4.556981433522735,5.236004277633902,3.397472072977465,0.7190676819604963,1.8641464703078088,-8.551518431190651,1.8641464703078088,74.13743831574607,29053650420.0,34717332420.0,20.5366208673918,11.218171393666251,71.49344808579119,110.18192113406752,200.8104008791695,200.8104008791695,13.405027588214717,61.14143992814624,85.43029076090968,131.6606459907163,0.0121733756305036,0.0090758991103741,39.531462103095066,0.5606276176998832,9.974432038322004,0.8486789719823356,14.421043488331692,1.1490071561661497,0.0,0.0,0.3360059215235954,0.0,0.0792389253694124,0.3511326781205861,0.0550968888833974,2.088887587650598,0.0021587922810144,13.825151689134971,0.0616476469750258,0.0376514656010846,-104.56052787548478,-659819000.0,-663709000.0,-6356688000.0,5798022000.0,328554500.0,3477414500.0,3245663500.0,11.814447343770391,259.0511359403792,240.35810793664308,7.61779179179768,0.3474217539069721,0.3744412900093366,2.444540440414149,1.8385322046564363,2019-07-24,4.67,amc,2681754230.0,2025-04-25,2019-06-30,-0.0342612419700214,379.9609523809524,644023.1904761905
2019-03-31,ORLY,USD,898173,2019-05-06,2019-05-06 16:32:21,2019,Q1,2410608000.0,1131318000.0,1279290000.0,0.5306918421,0,0.0,0.0,834504000.0,0.0,834504000.0,1965822000.0,554000.0,34291000.0,63964000.0,512407000.0,0.2125633865,444786000.0,0.1845119571,-30634000.0,414152000.0,0.1718039598,93000000.0,321152000.0,0.1332244811,4.09,4.05,78484000,79297000,https://www.sec.gov/Archives/edgar/data/898173/000089817319000089/0000898173-19-000089-index.htm,https://www.sec.gov/Archives/edgar/data/898173/000089817319000089/orly-20190331x10q.htm,30.714642474899343,4.0919423067121965,5.614163396361041,3.6658172366342185,0.7226568472554916,4.744470210488762,-5.559757402782733,4.744470210488762,69.0730339941899,30729625360.0,36059745360.0,23.9214027625548,12.747665883461766,69.74146856035333,106.80837988516134,82.5255471378889,82.5255471378889,14.958776109595588,70.37324892126766,81.83827716273812,125.33452444839908,0.0104508921354451,0.0093625612622828,14.466550293394922,0.5353877459583313,10.402121750873818,0.8435889802262054,12.9709253156805,1.3720045336787563,0.0,0.0,0.3461798849087035,0.0,0.0803768838277794,0.3470412280821203,0.0634337893178816,2.390625977112125,0.0022500547579697,20.900172570765545,0.0571811024187106,0.0347084599385378,-99.13078461852098,-676686000.0,-436352000.0,-6039551000.0,5695105000.0,293656500.0,3407541000.0,3211122500.0,11.840116684255593,273.5580181699575,256.86950088304087,7.601276440094345,0.3289978506281045,0.3503724641913766,0.8624655915566716,1.9483461597268232,2019-04-24,4.05,amc,2410608000.0,2025-04-25,2019-03-31,0.0,362.8788524590164,689562.3114754099
2018-12-31,ORLY,USD,898173,2019-02-27,2019-02-27 16:33:18,2018,Q4,2314957000.0,1080642000.0,1234315000.0,0.5331913293,0,0.0,0.0,806275000.0,0.0,806275000.0,1886917000.0,683000.0,31468000.0,65619000.0,490244000.0,0.2117724001,428040000.0,0.1849019226,-34883000.0,393157000.0,0.1698333922,92800000.0,300357000.0,0.1297462545,3.76,3.72,79826000,80636000,https://www.sec.gov/Archives/edgar/data/898173/000089817319000060/0000898173-19-000060-index.htm,https://www.sec.gov/Archives/edgar/data/898173/000089817319000060/orly-20181231x10xk.htm,29.000037581740287,3.762646255605943,4.829704607521359,2.902926364843535,0.3922907323428456,4.430473780472528,-5.6822714403828325,4.430473780472528,43.20133790995415,27486486580.0,30872293580.0,22.8781804485995,11.873432888818238,71.29421527431938,118.6147896033729,77.71855044434454,77.71855044434454,13.33601167537885,62.97332263117958,80.0762926938081,133.22585252601098,0.0109274424406991,0.0084306518887216,9.661975813406396,0.4281684429947966,6.906371113159977,0.9098828460048998,13.60238972924876,1.2835925248953746,0.0,0.0,0.3482894066714846,0.0,0.1011504000419006,0.3989432893426294,0.0664405429560894,2.343940017373017,0.0021736904832357,19.367030633650156,0.0770363679424571,0.0418701869052177,-72.61417645879789,-350918000.0,-453593000.0,-4084020000.0,4043344000.0,298055000.0,3380250500.0,3166482500.0,10.503992082790306,281.1997590321309,265.9539051785883,8.568170966870357,0.3200571732698969,0.3384045063732563,0.8492649865551494,1.926778242677824,2019-02-06,3.75,amc,2333626008.0,2025-04-25,2018-12-31,-0.0079999999999999,341.4423809523809,722739.9841269841
2018-09-30,ORLY,USD,898173,2018-11-07,2018-11-07 16:31:58,2018,Q3,2482717000.0,1166962000.0,1315755000.0,0.5299657593,0,0.0,0.0,830607000.0,0.0,830607000.0,1997569000.0,669000.0,31582000.0,62526000.0,549759000.0,0.2214344204,485148000.0,0.1954101092,-29497000.0,455651000.0,0.1835291739,89500000.0,366151000.0,0.1474799584,4.54,4.5,80593000,81410000,https://www.sec.gov/Archives/edgar/data/898173/000089817318000198/0000898173-18-000198-index.htm,https://www.sec.gov/Archives/edgar/data/898173/000089817318000198/orly-20180930x10q.htm,30.80561587234623,4.543210948841711,5.791892596131178,4.224213020981972,0.4965567729207251,6.183899346097055,-3.60824141054434,6.183899346097055,39.77900065762535,27867447540.0,31001755540.0,19.027291704788457,11.224576760057628,59.700692694296734,81.85666733246778,55.916175320388696,55.916175320388696,12.487027534753254,56.39153800119688,66.41534994622803,91.06325171394832,0.0131390217735025,0.0122164758545374,6.369303281237773,0.4020825833589412,5.701239997889984,0.9116407572595804,15.361535051611677,1.274845623800017,0.0,0.0,0.3345556501204124,0.0,0.0999628358924718,0.2706679292009614,0.0508894086599479,2.020663404023926,0.0020107003738243,25.142237019680103,0.097716790628217,0.0515303841962098,-68.76600635290906,-345050000.0,-290799000.0,-3836304000.0,3946061000.0,323010500.0,3349384500.0,3115670000.0,11.815124317431266,260.992920077946,242.1380387707569,7.617355313580565,0.3448369403013742,0.3716888121209534,0.7346838450255729,1.5676795751492063,2018-10-24,4.3,amc,2377874888.0,2025-04-25,2018-09-30,0.0465116279069767,318.7995238095238,588613.2857142857
2018-06-30,ORLY,USD,898173,2018-08-08,2018-08-08 16:32:46,2018,Q2,2456073000.0,1167435000.0,1288638000.0,0.5246741445,0,0.0,0.0,809488000.0,0.0,809488000.0,1976923000.0,597000.0,30862000.0,60872000.0,541607000.0,0.2205174683,479150000.0,0.1950878496,-29277000.0,449873000.0,0.1831676013,96800000.0,353073000.0,0.143755092,4.32,4.28,81733000,82536000,https://www.sec.gov/Archives/edgar/data/898173/000089817318000168/0000898173-18-000168-index.htm,https://www.sec.gov/Archives/edgar/data/898173/000089817318000168/orly-20180630x10q.htm,30.04995534239536,4.319834093940024,5.419549019367942,4.082585981182631,0.4510785117394443,4.71033731785203,-4.944318696242644,4.71033731785203,40.18450319944208,22359696810.0,25576366810.0,15.83220524509096,9.103840484382998,50.47836988323897,67.00899901702819,58.07864310761319,58.07864310761319,10.413520611968782,47.223109764090935,57.74019724306703,76.64892565376616,0.0157905987277114,0.014923368721653,8.450967557598899,0.4189065167625027,5.939121909428793,0.9166777081885498,15.525565420257925,1.2545734168288143,0.0,0.0,0.3295862948699,0.0,0.1016004140733435,0.2466926737644371,0.0444913485877659,1.795143908529373,0.0020259984129136,21.39689706806438,0.0952551594567518,0.0506006618860599,-68.01357468831439,-318201000.0,-404114000.0,-3881033000.0,3905787000.0,311355000.0,3268728000.0,3072233500.0,11.729407065669465,255.5349034421617,238.34706857341092,7.673022131137298,0.3522023754393724,0.3776006163561436,0.9170965479622848,1.3369630381853108,2018-07-25,4.06,amc,2329851869.0,2025-04-25,2018-06-30,0.0541871921182267,261.1084375,831601.015625
2018-03-31,ORLY,USD,898173,2018-05-07,2018-05-07 16:31:29,2018,Q1,2282681000.0,1081423000.0,1201258000.0,0.52624874,0,0.0,0.0,778412000.0,0.0,778412000.0,1859835000.0,572000.0,28217000.0,69920000.0,493543000.0,0.2162119893,422846000.0,0.1852409513,-27440000.0,395406000.0,0.1732199988,90500000.0,304906000.0,0.1335736356,3.65,3.61,83530000,84523000,https://www.sec.gov/Archives/edgar/data/898173/000089817318000103/0000898173-18-000103-index.htm,https://www.sec.gov/Archives/edgar/data/898173/000089817318000103/orly-20180331x10q.htm,27.327678678319167,3.6502573925535735,5.17511073865677,3.8002394349335566,0.4612115407637974,5.073961450975697,-4.372991739494792,5.073961450975697,38.56438405363343,20663651400.0,23818192400.0,16.942640846687176,9.052360535703412,47.801875649178655,65.09589835997404,48.75480477929726,48.75480477929726,10.434306151407052,48.25960939573654,55.099374706496064,75.03352633933353,0.0147556689811366,0.0153619509860682,7.533872231188123,0.4164873947014976,6.391623424909279,0.9194889467717808,14.985505191905588,1.417738581726827,0.0,0.0,0.3410077886485234,0.0,0.1029267384728441,0.2656699292351894,0.0503105777811266,1.642491418764302,0.0022675091263299,20.413928312772327,0.0832123430774794,0.0443335005924345,-65.25759008739375,-301770000.0,-365276000.0,-3796418000.0,3877097000.0,297552500.0,3206407000.0,3031274000.0,11.931417486718468,268.21202249258613,254.06091788319648,7.543110456086551,0.3355554279916283,0.3542457484207671,0.7194097605632473,1.3748713037232132,2018-04-25,3.58,amc,2263730193.0,2025-04-25,2018-03-31,0.0083798882681563,253.71196721311475,926159.8852459016
2017-12-31,ORLY,USD,898173,2018-02-28,2018-02-28 16:32:56,2017,Q4,2190808000.0,1031628000.0,1159180000.0,0.5291107208,0,0.0,0.0,756345000.0,0.0,756345000.0,1787973000.0,579000.0,26794000.0,60345000.0,463863000.0,0.2117314708,402835000.0,0.1838750817,-26111000.0,376724000.0,0.171956648,74409000.0,302315000.0,0.1379924667,3.56,3.52,84830000,85848000,https://www.sec.gov/Archives/edgar/data/898173/000089817318000077/0000898173-18-000077-index.htm,https://www.sec.gov/Archives/edgar/data/898173/000089817318000077/orly-20171231x10xk.htm,25.82586349168926,3.5637746080396084,3.728256513026052,2.335070140280561,0.5463633148650242,7.698290699045149,-1.6033478722150185,7.698290699045149,35.42595779794884,20405008200.0,23337050200.0,16.87396275408101,9.313918974186691,64.5180928832509,103.01189495365604,31.245897226229086,31.245897226229086,10.652257158089618,50.31022133690335,73.7888442713142,117.81390824094828,0.0148157254844915,0.0097076167800804,4.560766010357616,0.3933485519127667,6.320922341294736,0.9315412821197544,15.034522654325595,1.0461538461538462,0.0,0.0,0.3452356390884094,0.0,0.1042089255185465,0.3736830789077617,0.0539453936629773,1.9584721186510896,0.0020841625555502,24.84525891730057,0.0796765358673468,0.0445706487870028,-60.688739243192266,-249694000.0,-136012000.0,-3521167000.0,3883170000.0,295804500.0,3172139500.0,2998696000.0,12.015580552928418,278.3005211180774,262.57720806337164,7.490274781443277,0.3233914174447944,0.3427563293242076,0.4629306358204476,1.393186372745491,2018-02-07,2.77,amc,2092591724.0,2025-04-25,2017-12-31,0.0469314079422382,223.32444444444445,1009978.8412698412
2017-09-30,ORLY,USD,898173,2017-11-07,2017-11-07 16:34:10,2017,Q3,2339830000.0,1109536000.0,1230294000.0,0.5258048662,0,0.0,0.0,768331000.0,0.0,768331000.0,1877867000.0,592000.0,24324000.0,58541000.0,522395000.0,0.2232619464,461963000.0,0.197434429,-22433000.0,439530000.0,0.1878469803,155796000.0,283734000.0,0.1212626558,3.26,3.22,86947000,88025000,https://www.sec.gov/Archives/edgar/data/898173/000089817317000178/0000898173-17-000178-index.htm,https://www.sec.gov/Archives/edgar/data/898173/000089817317000178/orly-20170930x10q.htm,26.91099175359702,3.2632983311672628,4.334962678413286,2.9519362370179536,0.4288474587967382,7.063831989602861,-1.9900744131482395,7.063831989602861,33.64279388593051,18725775390.0,21589304390.0,16.499410883080632,8.003049533513119,49.68208863076792,72.95889297987236,30.489117000092808,30.489117000092808,9.226868785339104,41.32754790914921,57.2794296546674,84.11570232445784,0.0151520561413718,0.0137063483169334,4.723079102346384,0.3878444694496618,5.481539830970817,0.9255838500757888,18.99206544976155,1.32839913440053,0.0,0.0,0.3283704371685122,0.0,0.1052514343534606,0.3190399881139364,0.0513926225409538,2.0541159187577938,0.0019155237773684,22.774026888642933,0.0774418875125621,0.0423982362534551,-58.76826687522284,-270019000.0,-173031000.0,-3506668000.0,3809872000.0,282335500.0,3123069000.0,2973453500.0,11.505528179397649,255.8569528163124,242.33849104490525,7.82232667607197,0.3517590552429262,0.3713813666658633,0.4619728124862621,1.3830264413953328,2017-10-25,3.15,amc,2288934782.0,2025-04-25,2017-09-30,0.0222222222222223,197.9952380952381,1828589.825396825
2017-06-30,ORLY,USD,898173,2017-08-07,2017-08-07 16:32:43,2017,Q2,2290829000.0,1090767000.0,1200062000.0,0.5238549014,0,0.0,0.0,742617000.0,0.0,742617000.0,1833384000.0,470000.0,20827000.0,57951000.0,515104000.0,0.2248548451,457445000.0,0.1996853541,-21119000.0,436326000.0,0.1904664207,153505000.0,282821000.0,0.1234579272,3.14,3.1,90030000,91299000,https://www.sec.gov/Archives/edgar/data/898173/000089817317000154/0000898173-17-000154-index.htm,https://www.sec.gov/Archives/edgar/data/898173/000089817317000154/orly-20170630x10q.htm,25.44517383094524,3.1414084194157503,3.707730756414529,2.4095634788403864,0.2946573364434077,9.655803621015217,0.9149616794401866,9.655803621015217,29.155714761746086,19693162200.0,22270696200.0,17.407796981129408,8.596522132380898,58.99565377598433,90.77992836497904,22.653733297136128,22.653733297136128,9.72167551571942,43.23533927129279,66.71728334037333,102.66163377632724,0.014361380723305,0.0110156509044545,2.995543602296989,0.3545016416411347,5.003909890041623,0.9224526959594608,21.96403706726845,1.180276570693124,0.0,0.0,0.3241695473560008,0.0,0.1071290978747016,0.3501244731236912,0.0510182121843227,2.0167727908060256,0.0021498767476751,26.124481101140585,0.0784508452561971,0.0431211082582683,-52.99387704098634,-276544000.0,82374000.0,-3186797000.0,3739792000.0,266178500.0,3039942000.0,2915980500.0,10.432646871503724,255.11398859701475,244.175291331696,8.62676568166327,0.3527834772799014,0.3685876630233686,0.3253388886843849,1.298167277574142,2017-07-26,2.89,amc,2135616774.0,2025-04-25,2017-06-30,0.0519031141868511,244.9295238095238,1400880.7301587302
2017-03-31,ORLY,USD,898173,2017-05-08,2017-05-08 16:33:47,2017,Q1,2156259000.0,1025112000.0,1131147000.0,0.5245877235,0,0.0,0.0,727990000.0,0.0,727990000.0,1753102000.0,706000.0,19404000.0,57008000.0,461636000.0,0.2140911644,403157000.0,0.1869705819,-17933000.0,385224000.0,0.178653863,120290000.0,264934000.0,0.1228674292,2.88,2.83,92001000,93495000,https://www.sec.gov/Archives/edgar/data/898173/000089817317000113/0000898173-17-000113-index.htm,https://www.sec.gov/Archives/edgar/data/898173/000089817317000113/orly-20170331x10q.htm,23.43734307235791,2.879686090368583,4.094520711731394,2.892012043347355,0.2993337028945337,15.462831925739938,6.924142128889903,15.462831925739938,21.70566624275823,24825549840.0,26775549840.0,23.42616447870035,11.51325042121563,65.90270730023892,93.3052822586707,17.450878422264648,17.450878422264648,12.417594472649157,58.00143368368151,71.07924035041145,100.63423575927956,0.0106718280846745,0.0107175068312605,1.3900917758801514,0.2745162085610165,4.224107305322809,0.914361010712932,20.77700474129045,1.4218635584711663,0.0,0.0,0.3376171415400469,0.0,0.1090502634470726,0.2936872843111229,0.0513073800503557,1.940639910188044,0.0025173228262467,31.65252431198596,0.0749784120418173,0.0412788346060768,-44.75125270377496,-300230000.0,637028000.0,-2575595000.0,3659988000.0,273093500.0,2962326000.0,2825811000.0,11.136287431148114,262.3319598248777,252.20477372228595,8.081687955383646,0.3430767644936606,0.3568528805846596,0.1862327744489651,1.2025086683840394,2017-04-26,2.88,amc,2194397173.0,2025-04-25,2017-03-31,-0.0972222222222221,270.93,912845.2096774194
2016-12-31,ORLY,USD,898173,2017-02-28,2017-02-28 16:32:37,2016,Q4,2099302000.0,985075000.0,1114227000.0,0.5307607005,0,0.0,0.0,706517000.0,0.0,706517000.0,1691592000.0,1052000.0,18703000.0,56419000.0,466052000.0,0.2220033135,407710000.0,0.1942121715,-16780000.0,390930000.0,0.1862190385,144900000.0,246030000.0,0.1171960966,2.62,2.59,93813000,94963000,https://www.sec.gov/Archives/edgar/data/898173/000089817317000091/0000898173-17-000091-index.htm,https://www.sec.gov/Archives/edgar/data/898173/000089817317000091/orly-20161231x10xk.htm,22.377516975259297,2.62255764126507,3.0502062613923444,1.7698932983701618,1.5626618912091077,17.344461854966795,8.972498481020754,17.344461854966795,20.31405029153742,26118477330.000004,27858898330.000004,26.53993144128765,12.441505476582218,91.2757945336171,157.303268087618,16.05180963975968,16.05180963975968,13.270552940929893,59.77637330169166,97.35801393679516,167.78526930419963,0.0094197681163215,0.0063571470075434,1.1597180567573946,0.261933577811465,3.734392299571722,0.9580450672798044,21.79917660268406,1.163065479819534,0.0,0.0,0.3365485289872538,0.0,0.1090197661388395,0.4197463559194685,0.0572142550238126,2.1288927488966483,0.0021378534389049,31.991469907709902,0.0653323073786611,0.0383296540313672,-40.84117073326725,-142674000.0,841737000.0,-2319078000.0,3766156000.0,283451000.0,2967868000.0,2784434000.0,11.97736676285737,268.3034692789889,253.8972565540695,7.514172504017839,0.3354410594907949,0.3544740940547885,0.1512043246538703,1.2803129630221823,2017-02-07,2.54,amc,2058772972.0,2025-04-25,2016-12-31,0.0196850393700786,273.9822222222222,821387.380952381
2016-09-30,ORLY,USD,898173,2016-11-08,2016-11-08 16:32:47,2016,Q3,2220955000.0,1050929000.0,1170026000.0,0.5268121146,0,0.0,0.0,722217000.0,0.0,722217000.0,1773146000.0,1227000.0,18706000.0,55017000.0,505616000.0,0.2276570214,447809000.0,0.201629029,-15916000.0,431893000.0,0.1944627424,153400000.0,278493000.0,0.1253933556,2.93,2.9,94891000,96120000,https://www.sec.gov/Archives/edgar/data/898173/000089817316000385/0000898173-16-000385-index.htm,https://www.sec.gov/Archives/edgar/data/898173/000089817316000385/orly-20160930x10q.htm,23.405328218693025,2.9348726433486845,3.8952587705894137,2.463953378086436,5.904880336385959,20.03101453246356,12.050795122825136,20.03101453246356,20.07784721417205,26579918010.0,27906099010.0,23.860490218784676,11.967787735456143,71.9104985052418,113.68315751880824,13.98381492590081,13.98381492590081,12.564909694253148,55.19227834957754,75.4984078728441,119.35527597548403,0.0104775718230291,0.0087963777733263,0.9924966973788948,0.2507864574055413,2.6229015695705837,1.0589641452657508,23.939324280979363,1.3272326413949362,0.0,0.0,0.3251830856545945,0.0,0.1006669467213659,0.3674480892796753,0.0611529724825581,2.468655142955813,0.0020342600367859,36.36950264743199,0.0711762902716644,0.0411661989960516,-36.36455248653719,204336000.0,1143512000.0,-1951813000.0,4020271000.0,276269500.0,2956860500.0,2765461000.0,11.65132566846244,256.83676061846234,238.92221072974485,7.724442914132087,0.3504171279192286,0.376691642543869,0.1465164252460722,1.431305392502977,2016-10-26,2.92,amc,2236317241.0,2025-04-25,2016-09-30,-0.0068493150684931,281.12671875,682052.625
2016-06-30,ORLY,USD,898173,2016-08-08,2016-08-08 16:32:20,2016,Q2,2176689000.0,1049510000.0,1127179000.0,0.517841088,0,0.0,0.0,702118000.0,0.0,702118000.0,1751628000.0,1193000.0,18701000.0,53652000.0,481147000.0,0.2210453583,425061000.0,0.1952787008,-16267000.0,408794000.0,0.1878054237,151000000.0,257794000.0,0.1184340069,2.69,2.65,95967000,97282000,https://www.sec.gov/Archives/edgar/data/898173/000089817316000359/0000898173-16-000359-index.htm,https://www.sec.gov/Archives/edgar/data/898173/000089817316000359/orly-20160630x10q.htm,22.68164056394385,2.6862775745829297,3.232757093584253,2.0194025029437204,4.14995779799306,17.610324382339762,9.720841539279128,17.610324382339762,19.8508341409026,26016653700.000004,27504718700.000004,25.23008070397294,11.952398206634022,83.86030628098428,134.24762998204298,15.394378553973056,15.394378553973056,12.636035143284136,57.16489700652816,88.65683346334106,141.92614243844045,0.0099088069885021,0.007448921073197,1.1161614428316993,0.2616028535608489,3.092745044653713,1.0212250959774851,22.729319287738623,1.2034337494278378,0.0,0.0,0.3225623871853076,0.0,0.1050017751544939,0.3753311973388173,0.0534950100818261,2.1703198389622007,0.0021477574426112,32.624989472208746,0.069733285443767,0.0399463237834914,-37.02412287557181,71458000.0,932880000.0,-2082497000.0,3807828000.0,255892000.0,2848625000.0,2721395000.0,10.957670112726255,249.94301150060505,235.0551209612105,8.213424849820388,0.3600820821500829,0.3828889140213715,0.1525399257992556,1.2133545906405327,2016-07-27,2.68,amc,2201341886.0,2025-04-25,2016-06-30,-0.0111940298507463,265.2171875,700748.671875
2016-03-31,ORLY,USD,898173,2016-05-09,2016-05-09 16:37:00,2016,Q1,2096150000.0,998571000.0,1097579000.0,0.5236166305,0,0.0,0.0,678953000.0,0.0,678953000.0,1677524000.0,752000.0,14821000.0,52778000.0,473173000.0,0.2257343224,418626000.0,0.1997118527,-13052000.0,405574000.0,0.1934851991,150200000.0,255374000.0,0.1218300217,2.63,2.59,97140000,98537000,https://www.sec.gov/Archives/edgar/data/898173/000089817316000311/0000898173-16-000311-index.htm,https://www.sec.gov/Archives/edgar/data/898173/000089817316000311/orly-20160331x10q.htm,21.578649372040356,2.6289273213918056,5.02527280214124,3.954920732962734,7.37088737904056,19.969538809965,12.17532427424336,19.969538809965,19.566584311303277,26583332400.000004,27753201400.000004,26.023922169054018,12.6819800109725,54.456745091210784,69.19481286164596,13.7038718121743,13.7038718121743,13.240083677217758,58.6533918883791,56.85325644518648,72.23991139593058,0.0096065457918285,0.014451950350664,0.9721812251622683,0.2541690965478324,2.472391704513994,1.1163521054674506,28.245462519398156,1.9115297563573423,0.0,0.0,0.3239047778069318,0.0,0.1020422053343141,0.2129938236830515,0.0496023662428738,1.9700253893667816,0.0024702430646661,34.36881564580015,0.0642266484933771,0.0383292336089446,-33.23005970763846,385786000.0,1182711000.0,-1778469000.0,4056843000.0,240227500.0,2695420000.0,2666387500.0,10.59519595448799,250.7931934734736,243.50637060359253,8.494415807560138,0.3588614138745328,0.3696001865450669,0.1316468720890011,1.0703520691785051,2016-04-27,2.49,amc,2023359073.0,2025-04-25,2016-03-31,0.0401606425702809,256.1290163934426,995756.9344262296
2015-12-31,ORLY,USD,898173,2016-02-26,2016-02-26 13:14:39,2015,Q4,1949052000.0,921413000.0,1027639000.0,0.5272506839,0,0.0,0.0,665019000.0,0.0,665019000.0,1586432000.0,632000.0,14112000.0,52191000.0,415929000.0,0.2134006686,362620000.0,0.186049423,-12994000.0,349626000.0,0.1793825922,131050000.0,218576000.0,0.112144776,2.22,2.19,98474000,99935000,https://www.sec.gov/Archives/edgar/data/898173/000089817316000276/0000898173-16-000276-index.htm,https://www.sec.gov/Archives/edgar/data/898173/000089817316000276/orly-20151231x10xk.htm,19.792554379836304,2.219631577878425,2.221439161606109,1.0277636736600524,1.181032556817028,19.917074557751285,12.22832422771493,19.917074557751285,14.25889067164937,24955281080.0,26228998080.0,28.543025172022546,12.803804659906458,114.07919891750552,246.57419453007668,12.723756155312204,12.723756155312204,13.457310569446069,63.0612390095425,119.90179873282317,259.1593360208679,0.0087587071970579,0.0040555744363509,0.7087177269932301,0.2081898738954846,3.0623423709335005,0.9880606539263748,25.695861678004537,1.0008143620525585,0.0,0.0,0.3412012609206937,0.0,0.1134009038019472,0.5373433171507721,0.0603093196076862,2.2522273955279646,0.0026900257150655,31.53875031790628,0.0603565733665108,0.0369244782788938,-31.564638889453057,-36372000.0,1204172000.0,-1705344000.0,3582326000.0,237218500.0,2617178500.0,2618914000.0,10.790799834996706,254.7617517877434,256.987203349638,8.34043827855208,0.3532712401623936,0.350211990429549,0.1114436546111433,1.193675487946057,2016-02-10,2.1,amc,1869000000.0,2025-04-25,2015-12-31,0.0428571428571427,260.1328125,738325.234375
2015-09-30,ORLY,USD,898173,2015-11-06,2015-11-06 16:48:15,2015,Q3,2080201000.0,990947000.0,1089254000.0,0.523629207,0,0.0,0.0,673994000.0,0.0,673994000.0,1664941000.0,551000.0,14296000.0,52058000.0,467222000.0,0.224604257,415260000.0,0.1996249401,-14392000.0,400868000.0,0.1927063779,134600000.0,266268000.0,0.1280010922,2.68,2.64,99270000,100770000,https://www.sec.gov/Archives/edgar/data/898173/000089817315000189/0000898173-15-000189-index.htm,https://www.sec.gov/Archives/edgar/data/898173/000089817315000189/orly-20150930x10q.htm,20.95498136395689,2.682260501662133,3.669477183439106,2.561962324972298,2.789523521708472,20.168087035358116,12.541482824619724,20.168087035358116,14.216691850508711,24817500000.0,25937579000.0,23.301241606201277,11.930337501039563,68.12959653442923,97.58145057917793,12.395821158531652,12.395821158531652,12.468784987604565,55.5144642161542,71.20446428326319,101.98555790599468,0.0107290420066485,0.0102478492998891,0.6977697261755988,0.2061904285381562,2.397316479104152,1.0172852838611404,29.04728595411304,1.3680539907161209,0.0,0.0,0.3240042668953625,0.0,0.1117436570018062,0.3018181618529164,0.0528521041957003,2.1119328441353877,0.0025728282988038,34.88784061966386,0.0751296601621553,0.0442439923212576,-30.344464591518083,53652000.0,1244993000.0,-1615616000.0,3615895000.0,245528000.0,2581048500.0,2583894000.0,10.41606075566736,238.51057624676196,236.75652683745952,8.640502596053999,0.3773417574023485,0.3801373554604799,0.1329952859167888,1.1075148584668078,2015-10-28,2.38,amc,1956867984.0,2025-04-25,2015-09-30,0.0630252100840335,242.201328125,693094.21875
2015-06-30,ORLY,USD,898173,2015-08-07,2015-08-07 16:33:33,2015,Q2,2035518000.0,976727000.0,1058791000.0,0.5201580138,0,0.0,0.0,673023000.0,0.0,673023000.0,1649750000.0,577000.0,14319000.0,51057000.0,437584000.0,0.2149742719,385768000.0,0.1895183437,-13560000.0,372208000.0,0.1828566488,138700000.0,233508000.0,0.1147167453,2.32,2.29,100547000,102109000,https://www.sec.gov/Archives/edgar/data/898173/000089817315000163/0000898173-15-000163-index.htm,https://www.sec.gov/Archives/edgar/data/898173/000089817315000163/orly-20150630x10q.htm,20.244442897351487,2.322376599998011,2.908371209484122,1.9596507106129477,2.5862730862183856,19.59267805106069,12.065332630511104,19.59267805106069,14.035098013864165,22721611060.0,23858437060.0,24.326373250595267,11.162569458978007,77.69984768900379,115.31646878505052,11.533900542389915,11.533900542389915,11.721064151729436,54.52310198727559,81.58738923769269,121.0860755086608,0.0102769121161076,0.0086717882583102,0.7090754498130697,0.2094836841479349,2.5979606201323637,1.033976870957797,26.940987499127036,1.2523254021275505,0.0,0.0,0.3306396700987168,0.0,0.113502596748392,0.3262033731380032,0.0468632554465251,1.8683236382866208,0.0026597652292929,31.996648001536897,0.0661012320373189,0.0395020042139666,-29.537460093289702,102164000.0,1213133000.0,-1589129000.0,3602832000.0,240935500.0,2503360000.0,2544478500.0,11.067227113688014,233.67572515144968,235.97970569053584,8.132118287216446,0.3851491203960928,0.3813887289020783,0.1185328822300677,0.9487204988711748,2015-07-29,2.26,amc,1916762500.0,2025-04-25,2015-06-30,0.0619469026548673,222.4375396825397,535326.8888888889
2015-03-31,ORLY,USD,898173,2015-05-08,2015-05-08 16:32:26,2015,Q1,1901903000.0,914944000.0,986959000.0,0.5189323535,0,0.0,0.0,636586000.0,0.0,636586000.0,1551530000.0,580000.0,14402000.0,54950000.0,407016000.0,0.2140046049,350373000.0,0.1842223289,-12709000.0,337664000.0,0.1775400743,124800000.0,212864000.0,0.1119215859,2.09,2.06,101612000,103257000,https://www.sec.gov/Archives/edgar/data/898173/000089817315000123/0000898173-15-000123-index.htm,https://www.sec.gov/Archives/edgar/data/898173/000089817315000123/orly-20150331x10q.htm,18.717307010982957,2.0948706845648157,3.995837105853639,3.098895799708696,4.661319529189466,21.094949415423372,13.651104200291304,21.094949415423372,13.887621540762902,21972578880.0,22895679880.0,25.805888830426937,11.552944014494956,54.11632012807093,69.77969379297204,10.25079490552834,10.25079490552834,12.038300523212802,56.25253031821845,56.38982791700018,72.71124340632295,0.0096877112678728,0.0143308166838174,0.651619780732447,0.2058365300020189,2.267972266446528,1.1089764498552186,24.328079433412025,1.9074385523150927,0.0,0.0,0.3347100246437384,0.0,0.1114671861898018,0.2244689366418324,0.0479204249638388,1.6585987261146498,0.0030968982119487,31.532551439137187,0.0576197427891878,0.0353047753596338,-26.87575532417431,321740000.0,1387116000.0,-1368089000.0,3776972000.0,222388000.0,2443958000.0,2541385500.0,10.95789322589007,243.03936634373247,248.6691863108562,8.213257616651912,0.3703103795650631,0.3619266276421272,0.09930674131094,0.8969413061449435,2015-04-22,1.94,amc,1791109708.0,2025-04-25,2015-03-31,0.0618556701030928,201.56901639344264,723197.8524590164
2014-12-31,ORLY,USD,898173,2015-02-27,2015-02-27 15:28:23,2014,Q4,1764178000.0,852071000.0,912107000.0,0.5170152898,0,0.0,0.0,609095000.0,0.0,609095000.0,1461166000.0,613000.0,14079000.0,50690000.0,354875000.0,0.2011560058,303012000.0,0.1717581786,-12906000.0,290106000.0,0.1644425903,108428000.0,181678000.0,0.1029816719,1.79,1.76,101640000,103330000,https://www.sec.gov/Archives/edgar/data/898173/000089817315000076/0000898173-15-000076-index.htm,https://www.sec.gov/Archives/edgar/data/898173/000089817315000076/orly-20141231x10xk.htm,17.357123179850454,1.787465564738292,2.0412829594647777,0.9311885084612356,2.46517119244392,19.858500590318773,12.416706021251477,19.858500590318773,13.87956513183786,19577896800.0,20723976800.0,26.94037913231101,11.097461140542508,94.36222406447013,206.8539272658116,9.69962455745044,9.69962455745044,11.747100802753463,58.39796209933075,99.88614008367232,218.9630496798597,0.0092797506216295,0.0048343292932262,0.6919478522288247,0.2135436885855865,3.229531525184924,1.0835249329107073,21.52226720647773,1.141998480828719,0.0,0.0,0.3452571112438767,0.0,0.1156497231549434,0.5438219360311554,0.063956131410776,2.225882817123693,0.0032145282392139,28.260726890544085,0.0511515116139429,0.0314108933444238,-27.882922569854387,236422000.0,1262034000.0,-1454905000.0,3651366000.0,216531500.0,2413110500.0,2536358000.0,10.877014677657243,255.3132661480088,269.8495899989555,8.274329185642392,0.3525081221115463,0.3335191281941483,0.0900100970165743,1.110094451003542,2015-02-04,1.68,amc,1684009090.0,2025-04-25,2014-12-31,0.0476190476190476,175.78359375,739684.875
2014-09-30,ORLY,USD,898173,2014-11-07,2014-11-07 16:34:37,2014,Q3,1876872000.0,908671000.0,968201000.0,0.5158588332,0,0.0,0.0,624433000.0,0.0,624433000.0,1533104000.0,551000.0,12983000.0,48511000.0,393812000.0,0.2098235788,343768000.0,0.1831600663,-11450000.0,332318000.0,0.1770594905,115321000.0,216997000.0,0.115616302,2.1,2.06,103498000,105222000,https://www.sec.gov/Archives/edgar/data/898173/000089817314000169/0000898173-14-000169-index.htm,https://www.sec.gov/Archives/edgar/data/898173/000089817314000169/orly-20140930x10q.htm,18.134379408297743,2.0966298865678565,3.163626350267638,1.9826566696941004,2.88201704380761,19.09607915128795,11.788353398133298,19.09607915128795,13.618765580011209,15561959280.000002,16660208280.000002,17.928772379341652,8.291433448844675,47.527736639088175,75.837638607999,7.87386765674664,7.87386765674664,8.876582036494765,42.30497872081095,50.881895861392856,81.18970316908788,0.0139440668167588,0.0131860645763108,0.7066017812129693,0.2156747554043318,2.7887646897504395,1.078992825574098,26.478317800200266,1.5089102614321857,0.0,0.0,0.3326987668844758,0.0,0.1168053192685418,0.3732961955110879,0.0651232476162466,2.519593494259034,0.0028169209194873,30.01402557071031,0.0618507650107719,0.0379442268109919,-26.82790488705096,224809000.0,1220071000.0,-1428019000.0,3582256000.0,218536000.0,2355668000.0,2490354000.0,10.5423704972955,238.6065583693108,249.38996622539952,8.536979422520604,0.3771899675142193,0.3608805974120774,0.1097937367119913,1.1809696805735377,2014-10-22,1.95,amc,1776677184.0,2025-04-25,2014-09-30,0.0564102564102564,153.127265625,618291.890625
2014-06-30,ORLY,USD,898173,2014-08-08,2014-08-08 16:38:00,2014,Q2,1847088000.0,896211000.0,950877000.0,0.5147978873,0,0.0,0.0,614403000.0,0.0,614403000.0,1510614000.0,506000.0,12819000.0,47527000.0,385144000.0,0.2085141585,336474000.0,0.1821645747,-11676000.0,324798000.0,0.1758432733,119151000.0,205647000.0,0.1113357891,1.94,1.91,105772000,107556000,https://www.sec.gov/Archives/edgar/data/898173/000089817314000128/0000898173-14-000128-index.htm,https://www.sec.gov/Archives/edgar/data/898173/000089817314000128/orly-20140630x10q.htm,17.462920243542715,1.944248005143138,2.930605453239042,1.8731989562455087,4.286871761902961,20.02024165185493,12.869492871459366,20.02024165185493,13.323403169080663,15929263200.0,16872256200.0,19.36481349107937,8.623987162495776,51.38869847988231,80.39722609169644,7.522386723341397,7.522386723341397,9.13451670954497,43.80765687638909,54.43084690427646,85.15664405547817,0.0129100133143634,0.0124382400813114,0.6594430154029527,0.2145744633118393,2.44841669609289,1.1631209808746743,26.24806927217412,1.5073207972885576,0.0,0.0,0.3326333125438528,0.0,0.1162205610555579,0.3608150308410974,0.0605515275937042,2.353272876470217,0.0038119461552454,29.59386904609309,0.0563474707233593,0.0357552003146294,-24.03810554778202,444850000.0,1361232000.0,-1218328000.0,3730135000.0,214478500.0,2231589500.0,2429911500.0,10.584119435565604,231.2015585615441,247.3193143132588,8.503305404658871,0.3892707322560833,0.3639020278295147,0.0971141127541284,1.0574064969935333,2014-07-23,1.85,amc,1789075916.0,2025-04-25,2014-06-30,0.0324324324324323,147.98603174603176,614596.1428571428
2014-03-31,ORLY,USD,898173,2014-05-09,2014-05-09 16:46:08,2014,Q1,1727943000.0,850227000.0,877716000.0,0.5079542554,0,0.0,0.0,590596000.0,0.0,590596000.0,1440823000.0,631000.0,13409000.0,47477000.0,335846000.0,0.1943617353,287120000.0,0.1661628885,-12160000.0,274960000.0,0.1591256193,101100000.0,173860000.0,0.1006167449,1.64,1.61,106191000,108070000,https://www.sec.gov/Archives/edgar/data/898173/000089817314000093/0000898173-14-000093-index.htm,https://www.sec.gov/Archives/edgar/data/898173/000089817314000093/orly-20140331x10q.htm,16.272028702997428,1.6372385607066513,3.2540328276407604,2.471621888860638,4.819909408518613,20.371067227919504,13.249701010443449,20.371067227919504,13.275371735834486,15757682489.999998,16642167489.999998,22.65857944610606,9.119330029983626,45.60187553718865,60.03750034290416,7.284350806943709,7.284350806943709,9.63120166000846,49.55297216581409,48.161526990383415,63.40742917123872,0.0110333483435989,0.0166562564112179,0.6454791551868877,0.2171641207240131,2.6336029013297764,1.216880497334334,21.41248415243493,1.9875129414471413,0.0,0.0,0.3417913669606,0.0,0.1176130168203449,0.2404434682201366,0.0480831832994491,1.7500052657076055,0.0029491713557681,27.393916801667675,0.047377096452613,0.0306439638829177,-22.57624704541816,563423000.0,1406999000.0,-1105276000.0,3782747000.0,204930000.0,2108709000.0,2386044500.0,11.028332531802263,228.739771849165,253.7366844383912,8.160798537808697,0.3934602158270385,0.3546984157974703,0.0803707799099862,0.7824109387801226,2014-04-23,1.58,amc,1695703105.0,2025-04-25,2014-03-31,0.0189873417721519,143.11819672131145,761857.524590164
2013-12-31,ORLY,USD,898173,2014-02-28,2014-02-28 13:02:01,2013,Q4,1621234000.0,801934000.0,819300000.0,0.5053557969,0,0.0,0.0,563540000.0,0.0,563540000.0,1365474000.0,532000.0,12912000.0,47109000.0,303918000.0,0.1874609094,255760000.0,0.1577563757,-11863000.0,243897000.0,0.15043911,91550000.0,152347000.0,0.0939697786,1.43,1.4,106898000,108738000,https://www.sec.gov/Archives/edgar/data/898173/000089817314000064/0000898173-14-000064-index.htm,https://www.sec.gov/Archives/edgar/data/898173/000089817314000064/orly-20131231x10k.htm,15.166177103406984,1.425162304252652,1.760350988793055,0.858837396396565,2.163913263110629,18.39436659245262,11.320099534135345,18.39436659245262,13.181911728937866,13758841580.0,14923731580.0,22.578130156813067,8.486647565989857,73.11610060687222,149.86538841930985,6.997250998183918,6.997250998183918,9.205168149693382,49.10446758665167,79.30646292340231,162.5537162338794,0.0110726618308806,0.0066726547773798,0.710061073446299,0.2301236417146074,3.832908876736488,1.17011526985031,19.807930607187117,1.2351933415164067,0.0,0.0,0.3475994211816431,0.0,0.124641350683873,0.5121215019821658,0.0594423753757939,2.0456812923220618,0.0032302554720663,24.28655085142341,0.0438379383317444,0.0286852735171624,-23.69972543920373,412191000.0,1210096000.0,-1265686000.0,3593519000.0,206208500.0,2066023000.0,2369792500.0,10.99845549747908,230.8006519239738,266.5484067267381,8.182967146671512,0.3899469054777461,0.3376497391420043,0.0774781940486828,0.90151359239649,2014-02-05,1.32,amc,1528560000.0,2025-04-25,2013-12-31,0.0606060606060604,126.4683125,732324.734375
2013-09-30,ORLY,USD,898173,2013-11-08,2013-11-08 16:50:17,2013,Q3,1728025000.0,848862000.0,879163000.0,0.5087675236,0,0.0,0.0,578783000.0,0.0,578783000.0,1427645000.0,514000.0,13295000.0,46389000.0,347973000.0,0.2013703505,300380000.0,0.1738285036,-12091000.0,288289000.0,0.1668314984,101800000.0,186489000.0,0.1079203137,1.72,1.69,108307000,110193000,https://www.sec.gov/Archives/edgar/data/898173/000089817313000049/0000898173-13-000049-index.htm,https://www.sec.gov/Archives/edgar/data/898173/000089817313000049/orly-20130930x10q.htm,15.954878262716168,1.7218554664056802,2.589269391636736,1.4542181022463925,3.3516577875852898,18.79737228433989,11.793919137267212,18.79737228433989,13.012953918029304,13818890130.0,14851981130.0,18.525074039219472,7.99692720302079,49.27644856580468,87.73787082068799,6.787650851938246,6.787650851938246,8.594772141606748,42.68141818474422,52.9603229613887,94.2970954654544,0.0134952227165583,0.0113975868190798,0.6857448375081722,0.2263757350203723,2.9688826431935813,1.2200511181375089,22.59345618653629,1.5037669782131922,0.0,0.0,0.3349390199794563,0.0,0.1229935711255848,0.4383673993353207,0.0711413318673051,2.6500679040289725,0.0030734509049348,26.985978951887187,0.052119273956731,0.0344797493941652,-22.392749314448743,536717000.0,1277364000.0,-1155516000.0,3673638000.0,236203000.0,2067192000.0,2354957500.0,11.16098436075867,220.0560868551072,250.698488093471,8.06380486621184,0.4089866419339685,0.3589969795368059,0.0916008599691436,1.1350512893903442,2013-10-23,1.65,amc,1687100591.0,2025-04-25,2013-09-30,0.0242424242424242,122.635546875,604967.8125
2013-06-30,ORLY,USD,898173,2013-08-08,2013-08-08 16:46:31,2013,Q2,1714969000.0,843094000.0,871875000.0,0.5083911138,0,0.0,0.0,575614000.0,0.0,575614000.0,1418708000.0,469000.0,11467000.0,45503000.0,343097000.0,0.200060176,296261000.0,0.1727500614,-10134000.0,286127000.0,0.1668409167,109000000.0,177127000.0,0.1032829165,1.61,1.58,110278000,112079000,https://www.sec.gov/Archives/edgar/data/898173/000089817313000039/0000898173-13-000039-index.htm,https://www.sec.gov/Archives/edgar/data/898173/000089817313000039/orly-20130630x10q.htm,15.55132483360235,1.6061861840076896,1.9320988773826149,0.9972523984838316,3.318250240301783,18.19168827871379,11.313280980793994,18.19168827871379,12.762817606412884,12652194940.0,13682255940.0,17.857518814184175,7.37750649720199,59.38101892353615,115.04610084110026,6.306726359985306,6.306726359985306,7.97813601295417,39.87868136416232,64.21544267557775,124.41242045919527,0.013999705255885,0.0086921676848586,0.6958581716258512,0.2279672926880489,3.002244263284144,1.2365384821120702,25.835964070811897,1.2029109057343037,0.0,0.0,0.3356410524038627,0.0,0.1238701583990975,0.4838502262188597,0.0601136230450812,2.265630837527196,0.0032519538254044,25.64045365206135,0.0496560381772349,0.0330146134962029,-21.629885380583616,574859000.0,1247606000.0,-1112346000.0,3635667000.0,231498000.0,2012929500.0,2320611500.0,13.545480997032598,219.78250349308612,250.36820330829065,6.644282327051823,0.409495744973308,0.3594705669920017,0.0882923101693149,0.934846478898783,2013-07-24,1.5,amc,1628164556.0,2025-04-25,2013-06-30,0.0533333333333333,107.911203125,724183.203125
2013-03-31,ORLY,USD,898173,2013-05-09,2013-05-09 16:40:47,2013,Q1,1585009000.0,786346000.0,798663000.0,0.5038854669,0,0.0,0.0,547579000.0,0.0,547579000.0,1333925000.0,477000.0,11400000.0,44179000.0,296208000.0,0.1868809578,251084000.0,0.1584117188,-10455000.0,240629000.0,0.1518155417,86300000.0,154329000.0,0.0973679014,1.38,1.36,111557000,113396000,https://www.sec.gov/Archives/edgar/data/898173/000089817313000028/0000898173-13-000028-index.htm,https://www.sec.gov/Archives/edgar/data/898173/000089817313000028/orly-20130331x10q.htm,14.208064039011449,1.3834093781654222,2.028953808367023,1.3702412219762097,1.841300859650224,18.578170800577283,11.778256855239922,18.578170800577283,9.926181234705128,11456903900.0,12347428900.0,18.559220723260047,7.228289492362504,50.61721936521401,74.95030681669502,5.527993100203858,5.527993100203858,7.790131727958642,41.684994665910445,54.55160684621638,80.77606241004841,0.0134703931661676,0.013342173534335,0.5287921737976623,0.189295662644068,3.0064177875006752,1.1669486279821986,22.02491228070176,1.4666329724160725,0.0,0.0,0.3454737480985912,0.0,0.1310255856206908,0.3246562754038101,0.0463618818568222,1.6633242038072389,0.0035312102328756,24.04739806258146,0.0468041300244115,0.0306758368129521,-19.810679742194573,392166000.0,1313947000.0,-975828000.0,3394818000.0,193029000.0,1948056000.0,2286088500.0,11.633725739096748,225.12990464757243,262.7674585996495,7.736128736260518,0.3997691916624301,0.3425081647462417,0.0744642404796082,0.6587125863908136,2013-04-24,1.35,amc,1573345588.0,2025-04-25,2013-03-31,0.0074074074074074,97.62998333333331,1102352.2833333334
2012-12-31,ORLY,USD,898173,2013-02-28,2013-02-28 17:04:29,2012,Q4,1488385000.0,738001000.0,750384000.0,0.504159878,0,0.0,0.0,527413000.0,0.0,527413000.0,1265414000.0,591000.0,11478000.0,44610000.0,268765000.0,0.1506028346,222971000.0,0.1498073415,-10294000.0,212677000.0,0.1428911202,79875000.0,132802000.0,0.08922557,1.16,1.14,114439000,116308000,https://www.sec.gov/Archives/edgar/data/898173/000089817313000006/0000898173-13-000006-index.htm,https://www.sec.gov/Archives/edgar/data/898173/000089817313000006/orly-20121231x10k.htm,13.00592455369236,1.160461031641311,1.9086937145553529,1.1801134228715735,2.16821188580816,18.42297643285943,11.79577766320922,18.42297643285943,9.677068132367465,10233135380.0,11080963380.0,19.263895460911733,6.875328211450666,46.84879471132496,75.7723776943525,4.853721673361612,4.853721673361612,7.444957709194866,49.43437969262341,50.73027565021128,82.05021347490948,0.0129776451760379,0.0131974214143544,0.5198275203753533,0.1906279966193481,3.7823291918538513,1.202424253090263,19.4259452866353,1.6447719160856011,0.0,0.0,0.3543525364740977,0.0,0.1319160430857441,0.3817167134400652,0.0560191079592981,1.869042815512217,0.003661686996308,21.932414147479097,0.0400483604704216,0.0266094838539169,-18.51384580431496,460083000.0,1349897000.0,-907932000.0,3430083000.0,201960000.0,1896232500.0,2241892500.0,10.955270309765282,235.2572421988588,277.6009653103451,8.21522403876936,0.3825599550466743,0.3242063654187374,0.062989877660132,0.7285802916837791,2013-02-06,1.08,amc,1410063157.0,2025-04-25,2012-12-31,0.0555555555555553,88.14504032258066,1527235.2096774194
2012-09-30,ORLY,USD,898173,2012-11-08,2012-11-08 16:56:25,2012,Q3,1601558000.0,796065000.0,805493000.0,0.5029433839,0,0.0,0.0,542175000.0,0.0,542175000.0,1338240000.0,565000.0,10451000.0,44266000.0,308699000.0,0.1924057699,263318000.0,0.1644136522,-9336000.0,253982000.0,0.1585843285,94650000.0,159332000.0,0.0994856259,1.34,1.32,118546000,120539000,https://www.sec.gov/Archives/edgar/data/898173/000089817312000024/0000898173-12-000024-index.htm,https://www.sec.gov/Archives/edgar/data/898173/000089817312000024/orly-20120930x10q.htm,13.510012990737772,1.3440520979197947,2.8821554502049835,2.3252914480454843,3.565746630000169,19.051870160106624,12.774534779747944,19.051870160106624,9.333726992053718,9938896640.0,10612216640.0,15.594633595260213,6.2057675338639005,29.08934006111196,36.055695328201296,4.40061785512036,4.40061785512036,6.626183154153643,34.438588604863234,31.060025053560768,38.4983226798813,0.0160311557480891,0.0277348693707715,0.4852839665569046,0.1873753281557833,2.185046844221464,1.313126620142306,25.19548368577169,2.144377777219893,0.0,0.0,0.3385297316737826,0.0,0.1272196460601816,0.1932109533231089,0.0412186133752258,1.4913025798581303,0.0035496685102881,24.003143258846418,0.0452039534209894,0.0312097285847399,-16.005107721896984,687441000.0,1514370000.0,-707983000.0,3605678000.0,218195500.0,1781585000.0,2176396500.0,12.51727380463274,210.663413163498,249.5661283940382,7.1900640191069645,0.4272217878201285,0.3606258612863507,0.0705469902232565,0.5568640021594993,2012-10-24,1.27,amc,1540933333.0,2025-04-25,2012-09-30,0.0393700787401575,86.13222222222223,1554390.9047619049
2012-06-30,ORLY,USD,898173,2012-08-08,2012-08-08 16:37:16,2012,Q2,1562849000.0,782988000.0,779861000.0,0.4989995835,0,0.0,0.0,536258000.0,0.0,536258000.0,1319246000.0,658000.0,9140000.0,44397000.0,288607000.0,0.1846998654,243603000.0,0.1558711046,-8533000.0,235070000.0,0.1504112042,88950000.0,146120000.0,0.0934959168,1.17,1.15,124870000,127188000,https://www.sec.gov/Archives/edgar/data/898173/000089817312000009/0000898173-12-000009-index.htm,https://www.sec.gov/Archives/edgar/data/898173/000089817312000009/orly-20120630x10q.htm,12.51580844077841,1.170176984063426,2.217746456314567,1.6101545607431729,2.9447985905341554,20.92297589493073,14.96373027949067,20.92297589493073,6.459085448866822,10460359900.0,10890048900.0,17.896865418833833,6.693135357286597,37.77257754667245,52.02606137471402,4.00373256752143,4.00373256752143,6.96807490678882,37.72647527523921,39.32419347849637,54.16317964786631,0.0139689266332031,0.0192211359764017,0.3052094193945462,0.1396485380620837,1.4885747147142985,1.3731406161663433,26.652407002188184,1.8952231042978376,0.0,0.0,0.3431284788229701,0.0,0.1303185657954372,0.2739681507962301,0.0485459567750947,1.708899249949321,0.0036260700809867,23.470846995435437,0.0409507194479821,0.0294243148506401,-11.987024505485705,751094000.0,1868521000.0,-333448000.0,3648010000.0,213421500.0,1584563500.0,2075128000.0,12.303203956364309,195.38425876258643,246.5944688807492,7.315167684710618,0.460630762017323,0.3649716897888865,0.0559278464946728,0.6075918955713943,2012-07-25,1.14,amc,1549210434.0,2025-04-25,2012-06-30,0.0087719298245614,97.19325396825396,1460583.3015873015
2012-03-31,ORLY,USD,898173,2012-05-10,2012-05-10 16:31:32,2012,Q1,1529392000.0,767712000.0,761680000.0,0.4980279745,0,0.0,0.0,514179000.0,0.0,514179000.0,1281891000.0,627000.0,9131000.0,43833000.0,292756000.0,0.1909000439,247501000.0,0.1618296683,-7709000.0,239792000.0,0.1567891031,92300000.0,147492000.0,0.0964383232,1.16,1.14,126970000,129327000,https://www.sec.gov/Archives/edgar/data/898173/000119312512225689/0001193125-12-225689-index.htm,https://www.sec.gov/Archives/edgar/data/898173/000119312512225689/d349957d10q.htm,12.045302039851933,1.1616287311963456,3.2647712057966447,2.670481216035284,4.530172481688588,22.6183114121446,16.758415373710324,22.6183114121446,6.3528313774907454,11598709500.0,11821001500.0,19.659895960458872,7.583869603084102,27.980521219314497,34.20731793636141,4.038763032988874,4.038763032988874,7.7292162506407776,40.48828953182103,28.51677450015439,34.86290924319685,0.0127162422681592,0.0292335108487715,0.2776916736859589,0.1385941389872483,0.7613756631878915,1.570989134440759,27.105574416821817,2.810511756569848,0.0,0.0,0.3361983062550346,0.0,0.129303934134208,0.1820311293808862,0.0493379068283343,1.7214655624757602,0.0034157364495171,24.31392211714516,0.0385100064410345,0.0294389686101697,-9.015712373001495,1028726000.0,2127816000.0,-51896000.0,3899356000.0,208475500.0,1374302000.0,1995332500.0,12.546044441189702,172.2493591346755,235.03935069401024,7.173575737108228,0.5224983155358638,0.382914604444972,0.051357889191172,0.5942899897613609,2012-04-25,1.04,amc,1395242105.0,2025-04-25,2012-03-31,0.096153846153846,85.41709677419354,955017.2096774194
2011-12-31,ORLY,USD,898173,2012-02-28,2012-02-28 16:33:21,2011,Q4,1391307000.0,696610000.0,694697000.0,0.4993125169,0,0.0,0.0,490584000.0,-2798000.0,487786000.0,1184396000.0,625000.0,9459000.0,43139000.0,250186000.0,0.1801723128,206911000.0,0.1487169978,-9323000.0,197588000.0,0.1420161043,74600000.0,122988000.0,0.0883974565,0.96,0.94,128087000,130405000,https://www.sec.gov/Archives/edgar/data/898173/000119312512085384/0001193125-12-085384-index.htm,https://www.sec.gov/Archives/edgar/data/898173/000119312512085384/d307773d10k.htm,10.862203033875414,0.9601911200980584,2.17697346334913,1.5132995542092484,2.8227064417153964,22.21030237260612,16.402476441793468,22.21030237260612,6.300662830732237,10240555650.0,10676577650.0,20.81616834569226,7.360385342702941,36.72529837685858,52.83157572974814,3.599680844444929,3.599680844444929,7.673775557802843,42.59131405205944,38.28898677387194,55.08103660864451,0.0120098951857168,0.0189280744741619,0.2803570380311658,0.1450002463411969,1.7393916425650744,1.650375630533984,21.87451104767946,2.267229323186002,0.0,0.0,0.3526065778437109,0.0,0.1352434987285703,0.3048608172370016,0.0610993835293001,1.9705602818795056,0.0033738060686821,21.905205774873647,0.0328452041152344,0.0258563165155571,-8.965853287218843,1027600000.0,2100944000.0,-48040000.0,3865274000.0,202654000.0,1235068000.0,1997577500.0,13.180247062654038,165.2810898494136,256.55290621725214,6.828400072636967,0.5445269031200022,0.3508048352560345,0.0432317896438161,0.6636739091398814,2012-02-08,0.86,amc,1286578494.0,2025-04-25,2011-12-31,0.0813953488372093,75.46809523809523,1008128.1111111112
2011-09-30,ORLY,USD,898173,2011-11-08,2011-11-08 16:30:43,2011,Q3,1535453000.0,781243000.0,754210000.0,0.4911970604,0,0.0,0.0,513160000.0,0.0,513160000.0,1294403000.0,516000.0,7212000.0,42627000.0,284868000.0,0.1850873977,241050000.0,0.1569895008,-6021000.0,235029000.0,0.1530681825,86590000.0,148439000.0,0.0966744016,1.12,1.1,132777000,135033000,https://www.sec.gov/Archives/edgar/data/898173/000119312511302235/0001193125-11-302235-index.htm,https://www.sec.gov/Archives/edgar/data/898173/000119312511302235/d251990d10q.htm,11.564148911332534,1.1179571763181877,2.09886501427205,1.4009881229429797,2.0840732958268373,21.318059603696422,15.71510879143225,21.318059603696422,6.062631329221175,8846931510.0,9367980510.0,14.89994460687555,5.7617729165269145,31.74572902350716,47.559289696213824,3.125518984309752,3.125518984309752,6.101118373535367,32.963445651370726,33.615425917088,50.3603422768642,0.0167785858669996,0.0210263863566408,0.2818415373984119,0.1478225083350581,1.8334336172952888,1.6842196823870703,33.4234608985025,1.8774109230054097,0.0,0.0,0.3342075595931624,0.0,0.1378493446929402,0.3325020363785116,0.0603483141457276,2.173786567199193,0.0034856162969494,23.15675384591833,0.0391212032778417,0.0319028808211758,-8.53798662418943,1030467000.0,2086605000.0,-29721000.0,3832285000.0,202773000.0,1153047000.0,2022344500.0,11.814070505577185,137.1862275885992,231.48576051241417,7.618034779588698,0.6560425312509972,0.3887928130040355,0.0524417886571787,0.6978768913290705,2011-10-26,1.0,amc,1395909090.0,2025-04-25,2011-09-30,0.1,64.09125,1858855.03125
2011-06-30,ORLY,USD,898173,2011-08-08,2011-08-08 16:30:54,2011,Q2,1479318000.0,760657000.0,718661000.0,0.4858056212,0,0.0,0.0,496293000.0,0.0,496293000.0,1256950000.0,562000.0,6257000.0,41323000.0,264562000.0,0.1786316397,222368000.0,0.1503179168,-5386000.0,216982000.0,0.1466770498,83210000.0,133772000.0,0.0904281568,0.97,0.96,137399000,139716000,https://www.sec.gov/Archives/edgar/data/898173/000119312511214296/0001193125-11-214296-index.htm,https://www.sec.gov/Archives/edgar/data/898173/000119312511214296/d10q.htm,10.76658490964272,0.9736024279652692,1.945829300067686,1.536474064585623,1.9562878914693704,22.95056732581751,17.535476968536887,22.95056732581751,3.67403692894417,9001008490.0,9230768490.0,16.821548025745297,6.084566327185906,33.66687920555068,42.63658040831794,2.854395670049804,2.854395670049804,6.239881141174514,34.93155608450992,34.52626092648352,43.72492297854199,0.0148618902147041,0.0234540385374083,0.1581005808044371,0.0929111265915777,0.8694697884224588,1.751548953089437,35.53907623461723,1.998587148282152,0.0,0.0,0.3354877044692216,0.0,0.1386585144492016,0.2103757176787417,0.0380208988195911,1.3611064056336666,0.0036483027989925,22.42222963067939,0.0350740133875936,0.0289432381756837,-5.626611183487507,1095941000.0,2409357000.0,341667000.0,3848563000.0,200428000.0,1046439500.0,2018298000.0,12.41057703617478,131.95524395358223,240.81206115239857,7.25187875935703,0.6820494381538881,0.3737354332225215,0.042421715077607,0.4093552354820632,2011-07-27,0.96,amc,1479300000.0,2025-04-25,2011-06-30,0.0,59.63507936507937,1166410.9682539685
2011-03-31,ORLY,USD,898173,2011-05-09,2011-05-09 16:31:53,2011,Q1,1382738000.0,712957000.0,669781000.0,0.4843874978,0,0.0,0.0,473344000.0,0.0,473344000.0,1186301000.0,542000.0,5237000.0,38791000.0,210202000.0,0.167445315,196437000.0,0.1420637894,-30263000.0,166174000.0,0.1201775029,63700000.0,102474000.0,0.0741094842,0.73,0.72,140579000,142866000,https://www.sec.gov/Archives/edgar/data/898173/000119312511132393/0001193125-11-132393-index.htm,https://www.sec.gov/Archives/edgar/data/898173/000119312511132393/d10q.htm,9.836021027322715,0.7289424451731766,2.092154589234523,1.4206175886867882,1.6364321840388678,22.676573314648703,17.384922356824276,22.676573314648703,3.585784505509358,8077669340.0,8346470340.0,19.706631291839884,5.841793123498451,27.464509695253188,40.44719737217652,2.533892541995389,2.533892541995389,6.036190760650246,36.04872886370409,28.37844753547106,41.79316074888963,0.0126860850186769,0.024723591867156,0.1564844644509622,0.0950535109371302,1.1609619363114545,1.872124184543853,37.509451976322325,2.870123153190077,0.0,0.0,0.3423237084682709,0.0,0.1417459622422346,0.3209786714630091,0.0682732375909246,2.433657291639814,0.003714369605811,19.28530860533216,0.0308131084225852,0.0227508114109725,-4.850527105755483,1149437000.0,2443955000.0,407175000.0,3865752000.0,190258500.0,936681500.0,2012401000.0,12.81359881626165,123.41057034295196,252.63551658795697,7.023787874939679,0.7292730253972118,0.3562444473980595,0.0321451762159449,0.6715370005477347,2011-04-27,0.78,amc,1299404819.0,2025-04-25,2011-03-31,0.064102564102564,56.69411290322581,1154316.5
2010-12-31,ORLY,USD,898173,2011-02-28,2011-02-28 16:31:09,2010,Q4,1310330000.0,673733000.0,636597000.0,0.4858295239,0,0.0,0.0,472461000.0,0.0,472461000.0,1146194000.0,532000.0,7492000.0,40711000.0,217463000.0,0.1567383789,164136000.0,0.1252631017,5124000.0,169260000.0,0.129173567,63500000.0,105760000.0,0.0807124923,0.75,0.75,139959000,140579000,https://www.sec.gov/Archives/edgar/data/898173/000119312511049998/0001193125-11-049998-index.htm,https://www.sec.gov/Archives/edgar/data/898173/000119312511049998/d10k.htm,9.362241799384105,0.7556498688901749,0.7939753785037047,0.1583892425638937,0.2123550468351445,22.933037532420208,17.617373659428832,22.933037532420208,2.6164519609314154,8456322780.0,8785305780.0,19.98941655635401,6.453582517381117,76.09807764299342,381.4653004330567,2.6346270054538063,2.6346270054538063,6.704651332107179,42.77606658908652,79.05858122457795,396.3057461205341,0.0125066181544219,0.0026214704164828,0.1117567611774987,0.0710610724178938,1.601833683093208,1.8725229015149416,21.90816871329418,1.0507186081694402,0.0,0.0,0.360566422198988,0.0,0.1473852015926853,0.8005111407076779,0.0678882418932635,2.1850605487460397,0.0031907992643074,19.7461465380996,0.0268456227275877,0.0245733357002053,-4.708078794504105,1072294000.0,2465710000.0,463110000.0,3746364000.0,188905500.0,919441500.0,2010603000.0,12.614135370479191,119.65606553337896,270.3057739490273,7.134852873913706,0.7521557691105415,0.3329562616630294,0.0329502739365389,0.635586135939811,2011-02-16,0.64,amc,1215350724.0,2025-04-25,2010-12-31,0.0781249999999998,58.2237109375,1078068.515625
2010-09-30,ORLY,USD,898173,2010-11-08,2010-11-08 16:30:55,2010,Q3,1425887000.0,732472000.0,693415000.0,0.4863043144,0,0.0,0.0,494384000.0,0.0,494384000.0,1226856000.0,510000.0,9756000.0,40794000.0,240742000.0,0.1685512246,199031000.0,0.1395839923,-8839000.0,190192000.0,0.1333850438,73650000.0,116542000.0,0.0817329845,0.84,0.82,138831000,141706000,https://www.sec.gov/Archives/edgar/data/898173/000119312510252152/0001193125-10-252152-index.htm,https://www.sec.gov/Archives/edgar/data/898173/000119312510252152/d10q.htm,10.270667214094834,0.8394522837118511,1.7058149836852,1.0273570023985998,0.3111192745136172,22.14398081120211,16.785516203153474,22.14398081120211,3.176581599210551,7385809200.0,7773868200.0,15.843664086767005,5.179799801807577,31.18743856093236,51.78336242980039,2.4024587292402004,2.4024587292402004,5.451952503950173,32.345967919778644,32.82606283253104,54.50412048040721,0.0157791782652603,0.0193112218495977,0.1402778089504796,0.0858483037150594,1.614658705556827,1.6696735687093265,20.40088150881509,2.0320571124573115,0.0,0.0,0.3467203221573659,0.0,0.1480905733724381,0.397732455029136,0.0660578292669755,2.308942491542874,0.0030535379030736,20.451120834927067,0.0325668639560179,0.0272326333602679,-5.484918714120045,926334000.0,2330350000.0,360448000.0,3561815000.0,195375500.0,898903000.0,1965098500.0,12.255045455916212,115.88597243307592,245.4627890212868,7.3439140086218,0.7766254889216633,0.3666543526163352,0.0379088245636119,0.6784579812866003,2010-10-27,0.74,amc,1226937209.0,2025-04-25,2010-09-30,0.1621621621621621,48.9634375,1287631.3125
2010-06-30,ORLY,USD,898173,2010-08-05,2010-08-05 14:07:53,2010,Q2,1381241000.0,708608000.0,672633000.0,0.4869772907,0,0.0,0.0,491469000.0,0.0,491469000.0,1200077000.0,503000.0,11146000.0,40002000.0,222593000.0,0.1604853896,181164000.0,0.1311603116,-9719000.0,171445000.0,0.1241238857,71850000.0,99595000.0,0.0721054472,0.72,0.71,138230000,141117000,https://www.sec.gov/Archives/edgar/data/898173/000119312510179031/0001193125-10-179031-index.htm,https://www.sec.gov/Archives/edgar/data/898173/000119312510179031/d10q.htm,9.992338855530637,0.7205020617810894,1.339050857266874,0.6767705997250959,0.2286840772625334,21.199826376329305,15.819084135137093,21.199826376329305,4.308247124357954,6574218800.0,7126990800.0,16.502381645664943,4.759646433895316,35.51769504638109,70.274920363442,2.243414599522531,2.243414599522531,5.15984596460719,32.15149975864916,38.50408596573688,76.18376055585249,0.0151493284646991,0.0142298275804267,0.199417359506315,0.1188611291851002,2.493682021392256,1.724459630403696,16.253723308810336,1.8584969124956072,0.0,0.0,0.3449571798114884,0.0,0.1512818317187424,0.4945893234358201,0.0662788029026071,2.2885605719714013,0.0031305181355027,18.53851851699034,0.0283472247522572,0.0238680157086268,-6.08241698618245,948393000.0,2186672000.0,271430000.0,3522918000.0,191891500.0,824667500.0,1917793500.0,12.809697945543174,108.54987524837428,245.4433339730853,7.025926792544967,0.8291119616127601,0.3666834154472054,0.0339862246506682,0.6622802575417782,2010-07-28,0.74,amc,1261837037.0,2025-04-25,2010-06-30,0.0945945945945946,47.47305555555556,1643948.0952380951
2010-03-31,ORLY,USD,898173,2010-05-07,2010-05-07 16:51:43,2010,Q1,1280067000.0,661720000.0,618347000.0,0.4830583087,0,0.0,0.0,449902000.0,0.0,449902000.0,1111622000.0,396000.0,10879000.0,39935000.0,209290000.0,0.1630977129,168445000.0,0.1315907683,-9969000.0,158476000.0,0.1238028947,61000000.0,97476000.0,0.0761491391,0.71,0.7,137583000,139612000,https://www.sec.gov/Archives/edgar/data/898173/000119312510113014/0001193125-10-113014-index.htm,https://www.sec.gov/Archives/edgar/data/898173/000119312510113014/d10q.htm,9.303961972045965,0.7084886940973812,1.2403131200802424,0.5808929882325577,0.217119847655597,20.35366287986161,14.947297267831054,20.35366287986161,5.1850810056475,5738586930.0,6411214930.0,14.717948341130125,4.483036380126978,33.628605006856304,71.80324232679772,2.049262594462486,2.049262594462486,5.008499500416775,30.70858206882017,37.57026200438335,80.21940328574468,0.0169860631526583,0.0139269476919817,0.2508643661184194,0.1452086819289087,3.221768785684178,1.778411608506189,15.483500321720747,1.7506463129385694,0.0,0.0,0.3514675403709337,0.0,0.1537504663730798,0.5316561771151975,0.0708751963764396,2.271816702140979,0.0032138942727216,18.012708035208327,0.0280867319189428,0.023809238842503,-6.655820486542669,976754000.0,2056494000.0,194011000.0,3504879000.0,179094000.0,806414500.0,1908163000.0,13.161178282074298,108.08323762316388,258.8401740917609,6.8382935077006906,0.8326915623474221,0.3477049121752417,0.0348089038459203,0.6594201318476847,2010-04-28,0.59,amc,1078941428.0,2025-04-25,2010-03-31,0.1864406779661016,39.53782786885246,1561125.1311475409
2009-12-31,ORLY,USD,898173,2010-02-26,2010-02-26 16:37:34,2009,Q4,1173697000.0,604163000.0,569534000.0,0.4852478962,0,0.0,0.0,444122000.0,0.0,444122000.0,1048285000.0,416000.0,11069000.0,0.0,127042000.0,0.1072065448,125412000.0,0.1068521092,-9439000.0,115973000.0,0.0988099995,44050000.0,71923000.0,0.0612790183,0.52,0.52,137313000,137583000,https://www.sec.gov/Archives/edgar/data/898173/000119312510043016/0001193125-10-043016-index.htm,https://www.sec.gov/Archives/edgar/data/898173/000119312510043016/d10k.htm,8.54760292179182,0.5237887162905187,-0.0275283476437045,-0.7381966747503877,0.1961576835405242,19.56016546139113,14.1396080487645,19.56016546139113,5.839337863130221,5234371560.0,5998184560.0,18.194359106266425,4.45972986213648,-1384.7543809523809,-51.6393548005209,1.9488587698934976,1.9488587698934976,5.110505147410277,47.66971230568713,-1586.8213121693125,-59.17470265577523,0.0137405224630251,-0.0193650754131791,0.294410925344349,0.1653775584961197,6.070294370092507,1.808319155415694,11.330020778751468,-0.0525562059424662,0.0,0.0,0.3783957869876126,0.0,0.1556661119559232,-25.815873015873017,0.0831424123943402,0.6585548559512482,0.0,15.182930021661646,0.0212690608059308,0.0178152551869409,-7.164756796515989,995344000.0,1941552000.0,131113000.0,3466036000.0,174823500.0,853591500.0,1884633500.0,13.11218312733184,121.87732449686592,285.0052386524829,6.863845564542068,0.7384474542047759,0.3157836691898152,0.0267783377049851,0.7106683271066833,2010-02-17,0.51,amc,1151128846.0,2025-04-25,2009-12-31,0.0196078431372549,37.54609375,2231228.234375
2009-09-30,ORLY,USD,898173,2009-11-06,2009-11-06 15:59:56,2009,Q3,1258239000.0,647684000.0,610555000.0,0.4852456489,0,0.0,0.0,461359000.0,0.0,461359000.0,1109043000.0,340000.0,11086000.0,37036000.0,187397000.0,0.1188454658,149196000.0,0.1185752468,-9921000.0,139275000.0,0.1106904173,52050000.0,87225000.0,0.0693230777,0.64,0.63,136774000,138704000,https://www.sec.gov/Archives/edgar/data/898173/000119312509227489/0001193125-09-227489-index.htm,https://www.sec.gov/Archives/edgar/data/898173/000119312509227489/d10q.htm,9.199401933115944,0.6377308552795122,0.9959275885767764,0.3669849532805943,0.2159401640662699,19.003955430125608,13.56158334186322,19.003955430125608,5.225839706376943,4943012360.0,5617150360.0,14.167418629979936,3.928516251681914,36.28777876476504,98.47815197035504,1.9017093642889653,1.9017093642889653,4.464295225310931,37.563866627434194,41.236779256627294,111.90880105191856,0.0176461221715415,0.010154536615401,0.2707218667560259,0.1503217932665984,4.508198694628718,1.786445698757343,13.458055204762765,1.5616738320435657,0.0,0.0,0.3666704020460342,0.0,0.1590167376932527,0.6315144218416203,0.0683677743258633,119.64255910987482,0.0,16.513227936364352,0.0268967961919861,0.0221566800516976,-7.240535481889832,957349000.0,1854872000.0,92796000.0,3373960000.0,180958000.0,853951500.0,1796094500.0,12.778573863947946,123.53663206131384,257.9103544320996,7.04303946263644,0.7285288460456902,0.3489584596096332,0.0335577957770077,0.628942635296182,2009-10-28,0.56,amc,1118400000.0,2025-04-25,2009-09-30,0.1249999999999999,38.5371875,2087795.78125
2009-06-30,ORLY,USD,898173,2009-08-07,2009-08-07 17:09:56,2009,Q2,1251377000.0,647608000.0,603769000.0,0.482483696,0,0.0,0.0,454094000.0,0.0,454094000.0,1101702000.0,361000.0,10961000.0,38057000.0,188483000.0,0.1198967218,149675000.0,0.1196082396,-10210000.0,139465000.0,0.1114492275,53950000.0,85515000.0,0.0683367203,0.63,0.62,135773000,137548000,https://www.sec.gov/Archives/edgar/data/898173/000119312509169249/0001193125-09-169249-index.htm,https://www.sec.gov/Archives/edgar/data/898173/000119312509169249/d10q.htm,9.216685202507126,0.6298380384907161,0.4876742798641851,-0.10088161858396,0.3021513850323702,18.24692685585499,12.76167573818064,18.24692685585499,5.948023539289844,5170235840.0,5925831840.0,15.114996901128457,4.13163726039395,78.0849053811185,-377.472135504125,2.086926763110307,2.086926763110307,4.735448901490119,39.49606654402943,89.4965012912872,-432.6372081477696,0.0165398644561637,-0.0026492021686964,0.3215496641694652,0.1744111963659627,5.036098003145912,1.8131060471059688,13.655232186844266,0.7742852131205051,0.0,0.0,0.3628754563972328,0.0,0.1630546108337154,1.2068627006781143,0.0638576544079042,0.0,0.0,16.080537737773067,0.0267734694548264,0.022370121062601,-7.68561127764725,935385000.0,1732691000.0,-4272000.0,3304228000.0,172850500.0,789743000.0,1681169500.0,13.18063221555135,113.80120381465332,241.2765129522798,6.82820053910709,0.7908527940230048,0.3730160010137431,0.034517485791785,0.588555898448145,2009-07-29,0.55,amc,1092492063.0,2025-04-25,2009-06-30,0.1454545454545453,37.15079365079365,2050745.2222222225
2009-03-31,ORLY,USD,898173,2009-05-11,2009-05-11 15:04:27,2009,Q1,1163749000.0,621079000.0,542670000.0,0.4663118937,0,0.0,0.0,429334000.0,0.0,429334000.0,1050413000.0,426000.0,12060000.0,36032000.0,150277000.0,0.0977547564,113336000.0,0.0973886981,-11151000.0,102185000.0,0.087806735,39350000.0,62835000.0,0.0539936017,0.47,0.46,135043000,136234000,https://www.sec.gov/Archives/edgar/data/898173/000119312509106959/0001193125-09-106959-index.htm,https://www.sec.gov/Archives/edgar/data/898173/000119312509106959/d10q.htm,8.617618092015135,0.4652962389757336,0.6409069703723999,-0.4791955155024696,0.2769784439030531,17.516465125922853,12.167753974659924,17.516465125922853,5.9464614974489605,4727855430.0,5481419430.0,18.81059692050609,4.062607512444694,54.625712651646445,-73.0599491593522,1.998690931550352,1.998690931550352,4.710138895930308,48.18321961639212,63.33240242634315,-84.7048372790209,0.0132903810047338,-0.013687389760139,0.3343800571216956,0.1806773000282791,6.624039661749969,1.7838088925640632,9.397678275290216,1.3774170446407257,0.0,0.0,0.3689231956375473,0.0,0.1649931449492598,1.747683419988446,0.1299781997664444,0.0,0.0,13.541889462808868,0.0211877484180495,0.0171892234361048,-7.701163703412987,859720000.0,1643170000.0,-55749000.0,3154614000.0,164123000.0,748799500.0,1598171500.0,12.562116057672233,110.21974660228408,235.6510363415926,7.164398066919075,0.8165505980045042,0.381920662846306,0.0265633639910106,1.1201024858748694,2009-04-29,0.4,bmo,990382978.0,2025-04-25,2009-03-31,0.1749999999999998,31.301803278688524,3204809.9672131147
2008-12-31,ORLY,USD,898173,2009-03-02,2009-02-27 20:47:48,2008,Q4,1114631000.0,599502000.0,515129000.0,0.4621520485,0,0.0,0.0,434527000.0,0.0,434527000.0,1034029000.0,0.0,0.0,0.0,73655000.0,0.067968682,80602000.0,0.0723127205,-11988000.0,68614000.0,0.0615575917,25900000.0,42714000.0,0.0383212023,0.32,0.32,134705000,135043000,https://www.sec.gov/Archives/edgar/data/898173/000119312509041373/0001193125-09-041373-index.htm,https://www.sec.gov/Archives/edgar/data/898173/000119312509041373/d10k.htm,8.274607475594818,0.3170929067220964,0.0686314539178204,-0.5360602798708288,0.23236702423815,16.942340670353737,11.59355628967002,16.942340670353737,5.439256152332876,4140831700.0,4842225700.0,24.23579915250269,3.7149798453479215,447.8995889670091,-57.34429718875502,1.8143892038359173,1.8143892038359173,4.344241008907881,63.91533394931362,523.7669767441861,-67.0575502008032,0.0103153190215385,-0.0174385256952123,0.3210451411740684,0.1747292179436947,9.2581045406547,1.7801910012425235,0.0,0.2164395748466545,0.0,0.0,0.3898393279928514,0.0,0.1718229268142618,8.810708491076257,0.073077996215788,0.7208534664330342,0.0,10.994392257936102,0.0159395446838864,0.0122995534738593,-7.203650569763558,821932000.0,1561710000.0,-35666000.0,2992333000.0,165703500.0,747033000.0,1543944000.0,13.388278273258146,110.63973097671068,235.7172453136103,6.722298279366266,0.8134510017829375,0.3818133878166588,0.0187160034668029,0.6046917337886493,2009-02-18,0.3,bmo,903729729.0,2025-04-25,2008-12-31,0.2333333333333333,25.62375,1887083.875
2008-09-30,ORLY,USD,898173,2008-11-10,2008-11-10 16:05:12,2008,Q3,1111272000.0,604066000.0,507206000.0,0.4564193105,0,0.0,0.0,414735000.0,0.0,414735000.0,1018801000.0,510000.0,10860000.0,0.0,82009000.0,0.0926262877,92471000.0,0.0832118509,-21322000.0,71149000.0,0.0640248292,29750000.0,41399000.0,0.0372537057,0.31,0.31,132196000,133081000,https://www.sec.gov/Archives/edgar/data/898173/000110465908069707/0001104659-08-069707-index.htm,https://www.sec.gov/Archives/edgar/data/898173/000110465908069707/a08-25815_110q.htm,8.406245272171624,0.3131637871039971,0.5584813458803595,-0.4617613240945263,0.199779115858271,16.57003994069412,11.60857363309026,16.57003994069412,4.951193682108385,3538886920.0,4177864920.0,21.37060629483804,3.184537107026902,47.93356160858199,-57.9736729846174,1.615566413588174,1.615566413588174,3.759534047469926,40.58819737110548,56.58839913854989,-68.44134331536786,0.0116983110610383,-0.0172492089687906,0.3037617559152209,0.1653077514932995,6.207707926515306,1.711302569400201,-8.514825046040515,1.7833522548853835,0.0,0.0,0.3732074595598557,0.0,0.1629470923670613,1.8268160208048327,0.1213672260256714,0.0,0.0,10.805349154774031,0.0180543163701092,0.0122872641804834,-6.99850978849587,749146000.0,1534607000.0,-32305000.0,2809769000.0,152676500.0,601546500.0,1210948000.0,13.411334038831178,112.79760820837458,226.1291978028891,6.7107418053576176,0.7978892587309135,0.3980025616968342,0.0188993984459206,1.020242669974886,2008-10-29,0.39,bmo,1083517500.0,2025-04-25,2008-09-30,0.0256410256410256,26.916875,2091405.0625
2008-06-30,ORLY,USD,898173,2008-08-11,2008-08-11 14:22:01,2008,Q2,704430000.0,387333000.0,317097000.0,0.4501469273,0,0.0,0.0,228709000.0,0.0,228709000.0,616042000.0,0.0,0.0,0.0,88388000.0,0.1245162756,88388000.0,0.1254744971,675000.0,89063000.0,0.1264327187,33275000.0,55788000.0,0.0791959457,0.48,0.48,115696000,116509000,https://www.sec.gov/Archives/edgar/data/898173/000110465908051790/0001104659-08-051790-index.htm,https://www.sec.gov/Archives/edgar/data/898173/000110465908051790/a08-19212_110q.htm,6.0886288203567975,0.4821947171898769,0.8350677637947725,0.2631724519430231,1.0131205918960031,14.84268254736551,14.40061886322777,14.84268254736551,0.650938666851058,2585805600.0,2543902600.0,11.58764250376425,3.670777224138665,26.76429502970584,84.92530215449291,1.5057924959775548,1.5057924959775548,3.6112922504720126,29.00257202467137,26.3305794191318,83.54908696794534,0.021574707704245,0.0117750537782113,0.0438558639770002,0.0305798315471987,-0.4777285009063651,2.026564992880548,0.0,1.7318061231806123,0.0,0.0,0.3246724301917862,0.0,0.0207672914246455,0.6848489866892997,0.0939284243998694,0.0,0.0,12.689914107214666,0.0294469366875149,0.023132978551365,-0.6173095871940257,598395000.0,1666094000.0,435777000.0,1821317000.0,140086500.0,431570500.0,898367500.0,17.855755717388526,103.63477937588588,210.08713432627732,5.040391536738768,0.8684343281473859,0.4283936771693255,0.0324870329639613,0.5718953118517495,2008-07-22,0.48,bmo,704400000.0,2025-04-25,2008-06-30,0.0,26.888125,1770328.640625
2008-03-31,ORLY,USD,898173,2008-05-09,2008-05-09 15:28:43,2008,Q1,646220000.0,357726000.0,288494000.0,0.4464331033,0,0.0,0.0,214338000.0,0.0,214338000.0,572064000.0,0.0,0.0,0.0,74156000.0,0.1154498468,74156000.0,0.1147534895,-450000.0,73706000.0,0.1140571322,27375000.0,46331000.0,0.0716953979,0.4,0.4,115386000,116291000,https://www.sec.gov/Archives/edgar/data/898173/000110465908031820/0001104659-08-031820-index.htm,https://www.sec.gov/Archives/edgar/data/898173/000110465908031820/a08-13994_110q.htm,5.600506127259807,0.4015305149671537,1.030055639332328,0.5171164612691315,0.9818088849600471,14.308607630041774,13.870226890610644,14.308607630041774,0.8700448927946198,3290808720.0,3277912720.0,17.757056398523666,5.092396892699081,27.687824726134583,55.15198632432795,1.993205819699784,1.993205819699784,5.072440840580607,43.93631504168565,27.579321857068336,54.935857075819534,0.0140789100619619,0.0181317132282304,0.0608056992888608,0.0418690798319748,-0.172854730182559,1.982943130169328,0.0,2.565323433554208,0.0,0.0,0.33167961375383,0.0,0.0210961507021623,0.4979723021522204,0.091588004085296,0.0,0.0,11.369705725235654,0.0254063487101841,0.0197392330197477,-0.7092064895221257,578291000.0,1600430000.0,419894000.0,1754837000.0,136460500.0,398905500.0,887172000.0,19.55594070130915,104.94490196407304,224.5642474966874,4.602182087511395,0.8575928731708252,0.4007761743165621,0.0280621654705323,0.5129391780631966,2008-04-22,0.43,bmo,694665000.0,2025-04-25,2008-03-31,-0.069767441860465,28.085163934426227,1336396.508196721
2007-12-31,ORLY,USD,898173,2008-03-03,2008-02-29 17:50:02,2007,Q4,604288000.0,333995000.0,270293000.0,0.4472916887,0,0.0,0.0,206608000.0,0.0,206608000.0,540603000.0,0.0,0.0,0.0,63685000.0,0.1046338832,63685000.0,0.1053884903,810000.0,64495000.0,0.1067289107,23900000.0,40595000.0,0.0671782329,0.35,0.35,115144000,115386000,https://www.sec.gov/Archives/edgar/data/898173/000089817308000015/0000898173-08-000015-index.htm,https://www.sec.gov/Archives/edgar/data/898173/000089817308000015/form10k2007.htm,5.248106718543736,0.3525585353991524,0.1520704509136385,-0.3952876398249149,0.4130045855624262,13.830308135899395,13.392187174320853,13.830308135899395,0.8725508927951088,3734119920.0,3787033920.0,22.996181303116146,6.179371293158229,213.2564203312393,-82.04152301439086,2.344850142262651,2.344850142262651,6.266935500953188,59.89393980610163,216.2783506567676,-83.20408480720641,0.0108713701942384,-0.0121889497324981,0.0630897651897013,0.0440704344404639,0.8368628319283873,2.083845013762439,0.0,0.4313339081167631,0.0,0.0,0.3419031984748993,0.0,0.0221284297267623,3.599371787549972,0.1042962958059733,0.7983608426332923,0.0,10.474246825500757,0.0225694452017211,0.0182098336241583,-0.8636641944000556,573328000.0,1542030000.0,415044000.0,1713935000.0,134746500.0,390995500.0,869173500.0,19.73471258737556,102.580787137532,237.6038264045869,4.560492056903513,0.8773572762639782,0.3787817787359613,0.0254917339465499,0.5473580907385535,2008-02-19,0.35,bmo,604300000.0,2025-04-25,2007-12-31,0.0,32.57359375,636252.703125
2007-09-30,ORLY,USD,898173,2007-11-09,2007-11-09 16:12:46,2007,Q3,661778000.0,368077000.0,293701000.0,0.4438059289,0,0.0,0.0,210985000.0,0.0,210985000.0,579062000.0,0.0,0.0,0.0,82716000.0,0.1238481787,82716000.0,0.1249905557,756000.0,83472000.0,0.1261329328,30385000.0,53087000.0,0.0802187441,0.46,0.46,114946000,116306000,https://www.sec.gov/Archives/edgar/data/898173/000089817307000079/0000898173-07-000079-index.htm,https://www.sec.gov/Archives/edgar/data/898173/000089817307000079/form10q3q2007.htm,5.757294729699163,0.4618429523428392,0.7827849598942112,0.0954361178292415,0.9550832564856542,13.512179632175108,13.078436831207698,13.512179632175108,0.874732483079011,3772527720.0,3763291720.0,17.76577938101607,5.700594036066476,41.92722354353287,343.89496080218777,2.428919751913988,2.428919751913988,5.686637694211654,45.916199609565645,41.82457622974505,343.0530282588879,0.0140719973291541,0.0029078646504948,0.0647365937169828,0.0444789984738227,-0.1126891166422645,2.032369230547051,0.0,1.6949158927797765,0.0,0.0,0.3188153731311708,0.0,0.0220552520404326,0.8780813087643646,0.1193874683050811,0.0,0.0,11.84952999122695,0.030374582352979,0.0240137368689365,-0.5790719120282567,571883000.0,1503314000.0,418456000.0,1667683000.0,139014500.0,397612000.0,854856500.0,18.629993744125677,98.1254465777541,209.44731672992336,4.830919496598242,0.917193277981002,0.4297023299470222,0.0341797522616634,0.6873488420649696,2007-10-23,0.46,bmo,661800000.0,2025-04-25,2007-09-30,0.0,34.53222222222222,845674.619047619
2007-06-30,ORLY,USD,898173,2007-08-10,2007-08-09 17:43:25,2007,Q2,643108000.0,355923000.0,287185000.0,0.4465579654,0,0.0,0.0,205627000.0,0.0,205627000.0,561550000.0,0.0,0.0,0.0,81558000.0,0.1256040976,81558000.0,0.1268185126,781000.0,82339000.0,0.1280329276,30440000.0,51899000.0,0.0807002867,0.45,0.45,114533000,116111000,https://www.sec.gov/Archives/edgar/data/898173/000089817307000069/0000898173-07-000069-index.htm,https://www.sec.gov/Archives/edgar/data/898173/000089817307000069/form10q2q2007.htm,5.615045445417478,0.4531357774615176,0.5526704094016571,-0.115547484131211,0.8074877982764793,13.031728846707937,12.599547728602236,13.031728846707937,0.8785764801410947,4186181149.999999,4194323149.999999,20.16503762114877,6.50929727199786,66.13344839570925,-316.3201715278827,2.804693101731719,2.804693101731719,6.521957664964515,51.924720526882645,66.26207602015829,-316.9354050173794,0.0123976956897816,-0.0031613538749989,0.06741825973175,0.0460593288610264,0.1007960186686804,2.044731498299172,0.0,1.2196574115108192,0.0,0.0,0.3197394527824253,0.0,0.0226570739102413,1.2090712333528175,0.1190048949787593,0.0,0.0,11.52673883233959,0.0308043858696758,0.0243063312421992,-0.587714894397248,565416000.0,1443064000.0,414482000.0,1602856000.0,137589000.0,382988500.0,839166500.0,19.73803777903556,99.60704983943155,215.7248337421296,4.5597237682659655,0.9035505031529564,0.4171981428321926,0.0347717315784995,0.6682178935328682,2007-07-24,0.48,bmo,685973333.0,2025-04-25,2007-06-30,-0.0624999999999999,35.80793809523809,734671.4920634921
2007-03-31,ORLY,USD,898173,2007-05-10,2007-05-10 17:01:42,2007,Q1,613145000.0,343864000.0,269281000.0,0.4391799656,0,0.0,0.0,192089000.0,0.0,192089000.0,535953000.0,0.0,0.0,0.0,77192000.0,0.1259114891,77192000.0,0.1258951798,-10000.0,77182000.0,0.1258788704,28775000.0,48407000.0,0.0789486989,0.42,0.42,113936000,115537000,https://www.sec.gov/Archives/edgar/data/898173/000089817307000050/0000898173-07-000050-index.htm,https://www.sec.gov/Archives/edgar/data/898173/000089817307000050/form10q1q2007.htm,5.381486097458223,0.4248613256565089,1.12897591630389,0.5664759163038899,0.7918217244768994,12.46739397556523,12.46739397556523,12.46739397556523,0.8838470720404438,3771281600.0,3781766600.0,19.476943417274363,6.15071736701759,29.318605934805763,58.431433795048186,2.6549253248010363,2.6549253248010363,6.167817726638886,48.98534493925028,29.40011816747129,58.59388615165319,0.0128356895968733,0.0171140760212655,0.0708926880607679,0.0480992802923919,0.135812543716484,2.152073806819895,0.0,2.6572809717602826,0.0,0.0,0.3132847858173841,0.0,0.0,0.4982391491942067,0.1045250307839091,0.0,0.0,10.916984678411154,0.0303260546528174,0.0231211084299598,-0.6119246770116556,573174000.0,1420485000.0,397546000.0,1504265000.0,131487500.0,345232500.0,819072000.0,19.689192605338057,97.38003978317008,215.98230695856503,4.571035583023327,0.9242140401708322,0.4167007995579285,0.0340777973720243,0.5625,2007-04-24,0.4,bmo,583904761.0,2025-04-25,2007-03-31,0.0499999999999999,33.34,601354.4426229508
2006-12-31,ORLY,USD,898173,2007-03-01,2007-03-01 14:33:00,2006,Q4,558332000.0,309303000.0,249029000.0,0.4460231547,0,0.0,0.0,185000000.0,0.0,185000000.0,494303000.0,0.0,0.0,0.0,64029000.0,0.1098127996,64029000.0,0.1146790798,-32000.0,63997000.0,0.1146217663,23645000.0,40352000.0,0.0722724114,0.35,0.35,113760000,113936000,https://www.sec.gov/Archives/edgar/data/898173/000089817307000024/0000898173-07-000024-index.htm,https://www.sec.gov/Archives/edgar/data/898173/000089817307000024/form10k2006.htm,4.907981715893109,0.3547116736990154,0.2297204641350211,-0.2449982419127988,0.2628604078762306,11.99099859353024,11.99099859353024,11.99099859353024,0.9711585794655416,3647145600.000001,3727721600.000001,22.59581681205393,6.532216673950267,139.56092297095628,-130.85808187722006,2.6736722342122548,2.6736722342122548,6.676532242465058,60.79921711899792,142.64422760494395,-133.7491155681533,0.0110639948128201,-0.007641866559975,0.0809906340902693,0.0558681281782618,1.31419624217119,2.306853180384707,0.0,0.6476258921490881,0.0,0.0,0.331344074851522,0.0,0.0,2.066505950330999,0.0967238130717924,0.8316240105947211,0.0,9.782653605221702,0.0261474273638728,0.0204056038545716,-0.7067466596343178,566892000.0,1364096000.0,387276000.0,1449987000.0,129733500.0,329889500.0,814799500.0,20.767966013053165,92.64817994005878,236.5461052754096,4.333597230630715,0.9714168163716536,0.3804755098174768,0.0295814957305057,0.4747187060478199,2007-02-27,0.35,bmo,558300000.0,2025-04-25,2006-12-31,0.0,32.771904761904764,536943.5873015873
2006-09-30,ORLY,USD,898173,2006-11-08,2006-11-08 16:19:26,2006,Q3,597144000.0,333818000.0,263326000.0,0.4409757111,0,0.0,0.0,188242000.0,0.0,188242000.0,522060000.0,0.0,0.0,0.0,75084000.0,0.1252830138,75084000.0,0.1257385153,272000.0,75356000.0,0.1261940169,27500000.0,47856000.0,0.0801414734,0.42,0.42,113464000,115026000,https://www.sec.gov/Archives/edgar/data/898173/000089817306000068/0000898173-06-000068-index.htm,https://www.sec.gov/Archives/edgar/data/898173/000089817306000068/thirdqtr10q2006.htm,5.262849890714235,0.4217725445956427,0.3172371853627582,-0.1712966227173376,0.3597881266304731,11.599088697736727,11.599088697736727,11.599088697736727,0.8888722414157795,3768139440.0,3828171440.0,19.68478059177533,6.310269281781279,104.68507959438811,-193.8742251492077,2.863155965561338,2.863155965561338,6.410801146792063,51.17055338715714,106.35286678705376,-196.9629265280922,0.012700166955605,-0.005157983219432,0.076632937688391,0.0518303399819515,0.8024381115329091,2.205673525665897,0.0,0.7521522902039451,0.0,0.0,0.3152371957182857,0.0,0.0,1.53996388387276,0.0928268558337687,0.0,0.0,10.491615032409788,0.0320024900696415,0.0245936517790518,-0.7285460586617782,550015000.0,1316079000.0,376415000.0,1396679000.0,137787500.0,349732500.0,808560000.0,19.688065190305856,92.03742758029824,220.1783307071518,4.571297338263326,0.9778630538264372,0.4087595709847783,0.0363625587825654,0.4885338080800959,2006-10-24,0.43,bmo,611316666.0,2025-04-25,2006-09-30,-0.0232558139534883,29.845714285714287,622346.8412698413
2006-06-30,ORLY,USD,898173,2006-08-09,2006-08-09 09:34:43,2006,Q2,591199000.0,330271000.0,260928000.0,0.4413539265,0,0.0,0.0,182692000.0,0.0,182692000.0,512963000.0,0.0,0.0,0.0,78236000.0,0.1320604399,78236000.0,0.1323344593,162000.0,78398000.0,0.1326084787,29085000.0,49313000.0,0.0834118461,0.44,0.43,113253000,115196000,https://www.sec.gov/Archives/edgar/data/898173/000089817306000061/0000898173-06-000061-index.htm,https://www.sec.gov/Archives/edgar/data/898173/000089817306000061/secqtr10q2006.htm,5.2201619383150994,0.4354233441939727,0.5904302755776889,-0.0451908558713676,0.4878193072148199,11.140561397932064,11.140561397932064,11.140561397932064,0.8913053075856711,3532361070.0,3578057070.0,17.907859337294425,5.974910427791658,52.82588188670216,-690.1838745603751,2.799679377539229,2.799679377539229,6.052204198586263,45.82904769833747,53.50925809056649,-699.1123622508793,0.0139603508879119,-0.0014488892552538,0.0800054212484406,0.0526752755011412,0.5852908778850834,2.0867408353840653,0.0,1.3559913207470646,0.0,0.0,0.3090194672183139,0.0,0.0,1.0765388526649518,0.1217627228733472,0.0,0.0,10.44721787137283,0.0344188207780692,0.025733095517151,-0.7985483828242961,529045000.0,1261702000.0,361239000.0,1336895000.0,139946500.0,335299500.0,777742500.0,22.065565063540365,97.58077457602998,218.12787074856703,4.078753466808329,0.9223128263844284,0.4126020195912595,0.0390845064840984,0.6356211314490565,2006-07-26,0.43,bmo,591200000.0,2025-04-25,2006-06-30,0.0,33.32317460317461,511683.8888888889
2006-03-31,ORLY,USD,898173,2006-05-10,2006-05-09 18:12:20,2006,Q1,536547000.0,303119000.0,233428000.0,0.4350560156,0,0.0,0.0,168462000.0,0.0,168462000.0,471581000.0,0.0,0.0,0.0,64966000.0,0.1210816573,64966000.0,0.1210816573,-452000.0,64514000.0,0.1202392335,23950000.0,40564000.0,0.075601951,0.36,0.35,112523000,114615000,https://www.sec.gov/Archives/edgar/data/898173/000089817306000044/0000898173-06-000044-index.htm,https://www.sec.gov/Archives/edgar/data/898173/000089817306000044/firstqtr10q.htm,4.768331807719311,0.3604951876505248,0.5059587817601735,0.0842672164801862,0.4913662095749313,10.72200350150636,10.72200350150636,10.72200350150636,0.8939505701056673,4113840880.000001,4159140880.000001,25.354013903954247,7.667251666675987,72.2588505585611,433.8579287070239,3.409810488763933,3.409810488763933,7.751680430605335,64.02027029523136,73.05453664020236,438.63540181396337,0.0098603716534607,0.0023049019824996,0.0833753290586105,0.0557905350766558,0.6972878120863221,1.8935597472899344,0.0,1.4035105019228873,0.0,0.0,0.3139743582575245,0.0,0.0,0.8334504320944285,0.0884358686191517,0.0,0.0,9.32564689155477,0.0298253266967234,0.0224981336599012,-0.5555197604045395,454435000.0,1206472000.0,366480000.0,1205080000.0,133010000.0,302588000.0,740708000.0,22.63591074034521,92.78801394831731,224.17710536126071,3.975983163760587,0.9699528653574776,0.4014682938071007,0.033621998687081,0.4216915652799872,2006-04-25,0.35,bmo,536500000.0,2025-04-25,2006-03-31,0.0,33.792741935483875,393596.1612903226
2005-12-31,ORLY,USD,898173,2006-03-15,2006-03-15 11:11:30,2005,Q4,514964000.0,283516000.0,231448000.0,0.4494450097,0,0.0,0.0,168217000.0,0.0,168217000.0,451733000.0,0.0,0.0,0.0,66838000.0,0.1297915971,63231000.0,0.122787224,-421000.0,62810000.0,0.1219696911,23303000.0,39507000.0,0.0767179842,0.35,0.35,112183000,112523000,https://www.sec.gov/Archives/edgar/data/898173/000089817306000027/0000898173-06-000027-index.htm,https://www.sec.gov/Archives/edgar/data/898173/000089817306000027/form105k2005.htm,4.590392483709653,0.3521656578982555,0.2693367087704911,-0.2259076687198595,0.2797571824608006,10.213392403483594,10.213392403483594,10.213392403483594,0.898300098945473,3590977830.0,3660367830.0,22.72368080340193,6.973259936616929,118.84752043686908,-141.69505701771692,3.134120254606295,3.134120254606295,7.108007219922169,54.76477198599599,121.14406188978984,-144.43309118888843,0.0110017387659561,-0.0070574092071183,0.0879531563517602,0.0587980972040942,1.0381818725874503,1.8750064342644657,0.0,0.7648011744754094,0.0,0.0,0.3266577857869676,0.0,0.0,1.8387555849743504,0.1078871532767339,0.9708184804641083,0.0,8.996006683011164,0.0305108246107306,0.0230509499101172,-0.6707455675102288,424974000.0,1145769000.0,342525000.0,1143340000.0,121161000.0,290259000.0,720823500.0,22.90756247038628,92.9049154192356,230.58698627237968,3.9288335507694185,0.9687323818537792,0.3903082366222002,0.0344807723022703,0.4952443774903506,2006-02-28,0.3,bmo,429166666.0,2025-04-25,2005-12-31,0.2,29.77476349206349,439099.9365079365
2005-09-30,ORLY,USD,898173,2005-11-08,2005-11-08 15:59:54,2005,Q3,542906000.0,306990000.0,235916000.0,0.4345429964,0,0.0,0.0,168331000.0,0.0,168331000.0,475321000.0,0.0,0.0,0.0,67585000.0,0.1255208084,67585000.0,0.1244874803,-561000.0,67024000.0,0.1234541523,18401000.0,48623000.0,0.0895606238,0.43,0.42,111911000,113830000,https://www.sec.gov/Archives/edgar/data/898173/000089817305000075/0000898173-05-000075-index.htm,https://www.sec.gov/Archives/edgar/data/898173/000089817305000075/thirdqtr10q2005.htm,4.851229995264093,0.434479184351851,0.5157491220702165,0.0948164166167758,0.4610002591344908,9.808490675626167,9.808490675626167,9.808490675626167,0.9017165426097524,3153651980.0,3202972980.0,16.21481593073237,5.808836115275941,54.638968432724624,297.2059165017435,2.873021031668668,2.873021031668668,5.899682412793375,47.00162856220468,55.493485221248136,301.85401752897934,0.0154179980252608,0.0033646705683738,0.0919322424244632,0.0607168428589479,0.7237548792298888,1.8446757752305296,0.0,1.1870513954301465,0.0,0.0,0.3100555160561865,0.0,0.0,0.8161578710281021,0.0867682434896648,0.0,0.0,9.792122504367878,0.0391597628897917,0.0292555399787004,-0.6404709992762105,410009000.0,1097678000.0,331081000.0,1089041000.0,117017000.0,279975500.0,705549500.0,18.442253355092777,84.3890354734682,209.69129287598943,4.880097798631898,1.0664892600685771,0.4292023706164358,0.0442962325928004,0.4209327054534407,2005-10-25,0.37,bmo,542906000.0,2025-04-25,2005-09-30,0.0,29.531875,492370.84375
2005-06-30,ORLY,USD,898173,2005-08-09,2005-08-08 18:11:44,2005,Q2,521209000.0,292239000.0,228970000.0,0.4393055377,0,0.0,0.0,160843000.0,0.0,160843000.0,453082000.0,0.0,0.0,0.0,68127000.0,0.1307095618,68127000.0,0.1307095618,195000.0,68322000.0,0.131083692,25399000.0,42923000.0,0.0823527606,0.39,0.38,111448000,113138000,https://www.sec.gov/Archives/edgar/data/898173/000089817305000064/0000898173-05-000064-index.htm,https://www.sec.gov/Archives/edgar/data/898173/000089817305000064/form10q2q2005.txt,4.676701241834757,0.38513925777044,0.5476096475486325,0.0368422941640944,0.3270763046443184,9.363882707630465,9.363882707630465,9.363882707630465,0.9067726652788743,3324493840.0,3389099840.0,19.36312606294993,6.378427540583528,54.47310896280518,809.6672771553824,3.1856443455546546,3.1856443455546546,6.502381654959911,49.746794075770254,55.53170309683762,825.4018119824647,0.0129111383764813,0.0012350752317832,0.096837251553777,0.0628427550620013,0.948317113626022,1.7549428846919657,0.0,1.42184842625166,0.0,0.0,0.3085959758945068,0.0,0.0,0.932721612321809,0.1092153051846764,0.0,0.0,9.007994993725893,0.0359972010784318,0.0266915986416343,-0.7901554985284617,373471000.0,1043586000.0,303649000.0,1020392000.0,114298000.0,265285000.0,672569500.0,21.20195545357045,83.79785038957839,214.29644913923192,4.244891476971943,1.074013230429989,0.4199789607410877,0.0411302949637116,0.510767353384538,2005-07-26,0.36,bmo,492252944.0,2025-04-25,2005-06-30,0.0555555555555556,27.022421875,634197.875
2005-03-31,ORLY,USD,898173,2005-05-09,2005-05-09 16:05:51,2005,Q1,466239000.0,270070000.0,196169000.0,0.4207477281,0,0.0,0.0,142588000.0,0.0,142588000.0,412658000.0,0.0,0.0,0.0,53581000.0,0.1163544877,53581000.0,0.1149217461,-668000.0,52913000.0,0.1134890046,19700000.0,33213000.0,0.071235997,0.3,0.3,110896000,112510000,https://www.sec.gov/Archives/edgar/data/898173/000089817305000032/0000898173-05-000032-index.htm,https://www.sec.gov/Archives/edgar/data/898173/000089817305000032/firstqtr10q.txt,4.20429050642043,0.299496825854855,0.5803545664406291,0.1694290145722118,0.8049884576540182,8.918410041841005,8.918410041841005,8.918410041841005,0.9086351175876496,2746339440.0,2757833440.0,20.672172342155186,5.890411226860044,42.672189437374726,146.16740859013254,2.776840253342716,2.776840253342716,5.915063819200024,50.836576526756254,42.85078139809506,146.7791495023684,0.012093552427008,0.0068414704046925,0.1018830837923754,0.0669498434288971,0.2118748732695533,2.325782632841717,0.0,1.9377653328515945,0.0,0.0,0.3058259819534616,0.0,0.0,0.7080594788607654,0.0977395713357312,0.0,0.0,7.752309251576431,0.0294986772661112,0.0220674561331821,-0.2053658382628769,484612000.0,989016000.0,334090000.0,1084510000.0,109857500.0,249509000.0,637308500.0,20.4251253112674,86.13433554263709,216.3762357907209,4.406337715360407,1.04487948311216,0.415942165141684,0.0335818631852265,0.4109255518684173,2005-04-26,0.28,bmo,432936214.0,2025-04-25,2005-03-31,0.0714285714285712,23.98893442622951,586111.1803278689
2004-12-31,ORLY,USD,898173,2005-03-15,2005-03-15 16:19:46,2004,Q4,427618000.0,237397000.0,190221000.0,0.4448386176,0,0.0,0.0,149909000.0,0.0,149909000.0,387306000.0,0.0,0.0,0.0,40312000.0,0.087833066,40312000.0,0.094271055,-1046000.0,39266000.0,0.0918249466,14613000.0,46545000.0,0.1088471486,0.42,0.42,110542000,110896000,https://www.sec.gov/Archives/edgar/data/898173/000089817305000019/0000898173-05-000019-index.htm,https://www.sec.gov/Archives/edgar/data/898173/000089817305000019/form10k2004.txt,3.868375820954931,0.4210616779142769,0.2737421070724249,-0.1538419786144632,0.6244504351287293,8.574270413055672,8.574270413055672,8.574270413055672,0.9129018834470156,2489958550.0,2521844550.0,13.373931410462992,5.822857199650155,82.28547752808988,-146.41647359755382,2.627045674428713,2.627045674428713,5.897423752040372,67.14354881652866,83.33921183079974,-148.29145889685992,0.0186930822603452,-0.0068298325688995,0.1064699198262955,0.0704531063135796,0.8489576399797651,2.4369096655333045,0.0,0.6501235363626597,0.0,0.0,0.3505675626376813,0.0,0.0,1.5619960343688035,0.1105332329321965,0.0,0.0,9.012861668624964,0.0230269711321842,0.0324953904648073,-0.1576233467822185,479662000.0,947817000.0,328937000.0,1047155000.0,109836500.0,254350500.0,619009500.0,23.973172317348663,91.1945812289119,237.06618028029,3.754196516364658,0.986900743302792,0.3796408238981641,0.0491075808937801,0.4275840856868882,2005-02-24,0.25,bmo,410513280.0,2025-04-25,2004-12-31,0.04,21.294765625,692564.5
2004-09-30,ORLY,USD,898173,2004-11-08,2004-11-08 17:18:07,2004,Q3,455162000.0,259314000.0,195848000.0,0.4302819655,0,0.0,0.0,142039000.0,0.0,142039000.0,401353000.0,0.0,0.0,0.0,53809000.0,0.1199572899,53809000.0,0.1182194471,-791000.0,53018000.0,0.1164816044,19775000.0,33243000.0,0.0730355346,0.3,0.3,110280000,111556000,https://www.sec.gov/Archives/edgar/data/898173/000089817304000062/0000898173-04-000062-index.htm,https://www.sec.gov/Archives/edgar/data/898173/000089817304000062/form10q3q2004.txt,4.1273304316285815,0.3014417845484222,0.3209829524845847,-0.0822905331882481,0.7582426550598477,8.112713093942691,8.112713093942691,8.112713093942691,0.9164036996735582,2111310600.0,2128752600.0,15.877858496525583,4.638591534442682,59.64491214192892,-232.651305785124,2.3598763790000783,2.3598763790000783,4.676911956622038,38.98814285714285,60.13765184473699,-234.5732892561983,0.0157451963723385,-0.0042982780458734,0.1129589681111471,0.0719127491944941,0.3194505494505494,2.234658892832536,0.0,1.0648256775862588,0.0,0.0,0.3120625184000422,0.0,0.0,1.2563704164077067,0.0977080687755129,0.0,0.0,7.41781578584743,0.0323908289603371,0.0236549759202122,-0.3750702756619514,449785000.0,894670000.0,303426000.0,989454000.0,108972500.0,263570000.0,597846000.0,20.91389439364446,93.06774798121197,212.64918207269952,4.30335920732918,0.9670374748744188,0.4232322886115368,0.0371567170017995,0.4032734856728328,2004-10-26,0.3,bmo,455162000.0,2025-04-25,2004-09-30,0.0,20.015625,823056.25
2004-06-30,ORLY,USD,898173,2004-08-04,2004-08-04 17:06:40,2004,Q2,435167000.0,245732000.0,189435000.0,0.4314619445,0,0.0,0.0,135193000.0,0.0,135193000.0,380925000.0,0.0,0.0,0.0,54242000.0,0.1217992173,54242000.0,0.1207927072,-438000.0,53804000.0,0.119786197,20109000.0,33695000.0,0.0750332631,0.31,0.3,109868000,111441000,https://www.sec.gov/Archives/edgar/data/898173/000089817304000057/0000898173-04-000057-index.htm,https://www.sec.gov/Archives/edgar/data/898173/000089817304000057/orly2q200410q.txt,3.9608166163032,0.2971929952306404,0.7178250263953108,0.3385608184366694,0.8020260676448101,7.81069101103142,7.81069101103142,7.81069101103142,0.9228528779990534,2483016800.0,2496291800.0,19.01121523949529,5.705894059062383,31.48399563817108,66.75314675914724,2.893469984676249,2.893469984676249,5.736399589123256,47.09717940493934,31.6523191235767,67.110030378794,0.0131501325323292,0.0149805671874632,0.1181525266709006,0.0749544434710933,0.2504575212723808,2.2594659453974915,0.0,2.4153497488668383,0.0,0.0,0.3106692373272789,0.0,0.0,0.5283518880125783,0.0957540438498323,0.0,0.0,7.226953699088088,0.0328400565669206,0.0241381222208669,-0.2805593985509884,441900000.0,858145000.0,298193000.0,949433000.0,108958500.0,237761500.0,572453500.0,23.1999209498882,94.2117303735919,212.07542975397013,3.879323562972472,0.9552950534196696,0.4243773081323446,0.0380495137768092,0.3792642079586413,2004-07-27,0.3,bmo,435167000.0,2025-04-25,2004-06-30,0.0,21.582290322580647,674095.0645161291
2004-03-31,ORLY,USD,898173,2004-05-05,2004-05-04 17:58:27,2004,Q1,403294000.0,233701000.0,169593000.0,0.4198872287,0,0.0,0.0,125566000.0,0.0,125566000.0,359267000.0,0.0,0.0,0.0,44027000.0,0.1096420973,44027000.0,0.1085362044,-446000.0,43581000.0,0.1074303114,16296000.0,49177000.0,0.0672611048,0.45,0.45,109388000,110762000,https://www.sec.gov/Archives/edgar/data/898173/000089817304000035/0000898173-04-000035-index.htm,https://www.sec.gov/Archives/edgar/data/898173/000089817304000035/firstqtr10q2004.txt,3.686821223534574,0.2479796687022342,0.7497348886532343,0.3833510074231177,0.414460452700479,7.448760375909607,7.448760375909607,7.448760375909607,0.9293158298899332,2189947760.0,2246266760.0,20.18310624493106,5.430152097477275,26.702772277227723,52.223679114799445,2.687695534514393,2.687695534514393,5.569799600291598,50.79982721968429,27.38948885528947,53.56671817618162,0.0123865968382734,0.0191484019691867,0.1247611391682672,0.0811315770361307,1.273666832511647,2.42787644216878,0.0,3.023372410233724,0.0,0.0,0.3113510243147679,0.0,0.0,0.4886845827439887,0.0993766334237553,0.0,0.0,6.44675697004772,0.0286615285115704,0.021649240169612,-0.2977680367133506,424996000.0,814805000.0,284466000.0,902740000.0,104335500.0,196524500.0,558111500.0,23.59740040764306,83.29873993400469,216.16141496691685,3.8139794403306193,1.0804485166438835,0.4163555277142053,0.0332914010100576,0.3663838812301166,2004-04-27,0.22,bmo,348299363.0,2025-04-25,2004-03-31,0.1363636363636363,19.513790322580647,628650.4193548387
2003-12-31,ORLY,USD,898173,2004-03-15,2004-03-12 18:45:40,2003,Q4,367047000.0,211024000.0,156023000.0,0.4250763526,0,0.0,0.0,117177000.0,0.0,117177000.0,328201000.0,0.0,0.0,0.0,38846000.0,0.089686062,38846000.0,0.1058338578,-639000.0,38207000.0,0.1040929363,14305000.0,23902000.0,0.0651197258,0.22,0.22,108998000,109388000,https://www.sec.gov/Archives/edgar/data/898173/000089817304000027/0000898173-04-000027-index.htm,https://www.sec.gov/Archives/edgar/data/898173/000089817304000027/form10k2003.txt,3.3674654580818,0.2192884273105928,0.0066239747518303,-0.3277858309326776,0.193526486724527,7.195407255178994,7.195407255178994,7.195407255178994,1.1183874933485018,2101481440.0,2202289440.0,21.980184085013807,5.725374243625477,2910.6391135734075,-58.81889386475594,2.679486972210358,2.679486972210358,6.000020269883693,66.90025334912968,3050.262382271468,-61.64043439319301,0.0113738810845743,-0.0170013397786658,0.1554307426509495,0.1026463633975304,3.062304444241927,2.7961548473164464,0.0,0.0302066772655007,0.0,0.0,0.3192424948303623,0.0,0.0,50.48476454293629,0.09930608341711,0.0,0.0,5.9583609045665575,0.0257802781268261,0.0201264407304865,-0.2556101946824712,441617000.0,784285000.0,284178000.0,890675000.0,105257500.0,165640000.0,546386000.0,25.238457200304047,75.28134240655092,236.40822844794903,3.565986592830079,1.1955153444788769,0.3806974088459686,0.0304761661895866,0.3344098056845079,2004-02-25,0.21,bmo,349568571.0,2025-04-25,2003-12-31,0.0476190476190476,20.428375,567848.84375
2003-09-30,ORLY,USD,898173,2003-11-07,2003-11-07 15:58:56,2003,Q3,412182000.0,236529000.0,175653000.0,0.4261539805,0,0.0,0.0,127291000.0,0.0,127291000.0,363820000.0,0.0,0.0,0.0,48362000.0,0.1201920511,48362000.0,0.1173316642,-1179000.0,47183000.0,0.1144712773,17650000.0,29533000.0,0.0716503875,0.28,0.27,108180000,109728000,https://www.sec.gov/Archives/edgar/data/898173/000089817303000061/0000898173-03-000061-index.htm,https://www.sec.gov/Archives/edgar/data/898173/000089817303000061/thirdqtr10q.txt,3.810149750415974,0.2729987058606027,0.546903309299316,0.2469587724163431,0.3054631170271769,6.923627287853577,6.923627287853577,6.923627287853577,1.0225827324828989,1990512000.0,2068090000.0,16.849896725696677,4.829206515568365,33.643972686092894,74.50636322802814,2.657566508855832,2.657566508855832,5.017419489448836,41.74501927696251,34.955209248867554,77.41016619254378,0.0148368861880762,0.0134216724139316,0.1476946533902627,0.0969852281703674,1.5659352859247897,2.7680106652531995,0.0,2.003318321877222,0.0,0.0,0.3088223163553964,0.0,0.0,0.5484416199039956,0.0787225060774124,0.0,0.0,6.521363278680048,0.0339364019293467,0.0258921268050537,-0.0799939914956553,440293000.0,748998000.0,297707000.0,862531000.0,105560500.0,148758500.0,533234500.0,23.49120048910433,58.88931167002778,204.8868003500628,3.8312218246038015,1.5282909147298842,0.4392669505611342,0.039430011829137,0.2999445368829728,2003-10-28,0.27,bmo,412182000.0,2025-04-25,2003-09-30,0.0,18.396562328125,710733.65625
2003-06-30,ORLY,USD,898173,2003-08-08,2003-08-08 15:53:48,2003,Q2,393112000.0,227399000.0,165713000.0,0.4215414437,0,0.0,0.0,120987000.0,0.0,120987000.0,348386000.0,0.0,0.0,0.0,44726000.0,0.1179765563,44726000.0,0.1137741916,-1652000.0,43074000.0,0.1095718269,16150000.0,26924000.0,0.0684893872,0.25,0.25,107268000,108444000,https://www.sec.gov/Archives/edgar/data/898173/000089817303000043/0000898173-03-000043-index.htm,https://www.sec.gov/Archives/edgar/data/898173/000089817303000043/secondqtr10q.txt,3.6647648879442154,0.2509975015848156,0.5184304732072939,0.1883227057463549,0.244527724950591,6.620166312413767,6.620166312413767,6.620166312413767,1.2659134131334602,1795130087.268,1904692087.268,16.668493604850692,4.566459653401576,32.28012600507094,88.86342692282561,2.527882263111647,2.527882263111647,4.845163941238121,41.06887074190349,34.250275795580016,94.28701981426664,0.0149983559358505,0.0112532234534288,0.1912207871212675,0.1241467834214967,2.3623700892664625,3.040132284182917,0.0,2.0654806120933,0.0,0.0,0.3077672520808319,0.0,0.0,0.6367445289600978,0.0900761106249618,0.0,0.0,6.11449238294283,0.0319485075968706,0.0246150583012281,-0.147154789872096,447248000.0,710132000.0,282803000.0,848056000.0,101432000.0,127651000.0,515256000.0,23.703779075683265,56.497609927924046,208.974269895646,3.796862926904652,1.592987740805604,0.4306750302079901,0.0379140779460719,0.3301077674609389,2003-07-29,0.25,bmo,393112000.0,2025-04-25,2003-06-30,0.0,15.306984142857145,545723.8095238095
2003-03-31,ORLY,USD,898173,2003-05-09,2003-05-09 17:32:06,2003,Q1,339475000.0,198529000.0,140946000.0,0.4151881582,0,0.0,0.0,107605000.0,0.0,107605000.0,306134000.0,0.0,0.0,0.0,33341000.0,0.103406731,33341000.0,0.0982134178,-1763000.0,31578000.0,0.0930201046,11850000.0,19728000.0,0.0581132631,0.19,0.19,106804000,107506000,https://www.sec.gov/Archives/edgar/data/898173/000089817303000032/0000898173-03-000032-index.htm,https://www.sec.gov/Archives/edgar/data/898173/000089817303000032/firstqtr10q.txt,3.178485824500955,0.1847121830643047,0.536908730010112,0.235524886708363,0.1848619901876334,6.30229204898693,6.30229204898693,6.30229204898693,1.460141942249354,1445592140.0,1581797140.0,18.319040703568533,4.258316930554533,25.20912632533482,57.46738779566687,2.147631352973511,2.147631352973511,4.6595394064364095,45.06031050592525,27.58435302734375,62.88201709401709,0.013647002812287,0.0174011737501561,0.2316842715157998,0.1516035864029327,3.880042160437557,3.567336760662009,0.0,2.906731549067316,0.0,0.0,0.3169747404079829,0.0,0.0,0.5613316127232143,0.0948199425583621,0.0,0.0,5.117858708506584,0.0244020159495405,0.0191782925992283,-0.0941912287929291,450945000.0,673110000.0,271039000.0,826597000.0,93833500.0,98961000.0,503302000.0,26.33336770012519,51.02367916022344,227.8031924806955,3.4177170586340204,1.7638869144928566,0.3950778697169785,0.0293087311137852,0.301383843301749,2003-04-22,0.19,bmo,339475000.0,2025-04-25,2003-03-31,0.0,12.459426229508196,644393.4426229508
2002-12-31,ORLY,USD,898173,2003-03-27,2003-03-27 17:16:39,2002,Q4,314241000.0,183251000.0,130990000.0,0.4168456694,0,0.0,0.0,99819000.0,0.0,99819000.0,283070000.0,0.0,0.0,0.0,31171000.0,0.0791144376,31171000.0,0.0991945672,-1949000.0,29222000.0,0.0929923212,10515000.0,18707000.0,0.0595307423,0.18,0.18,106648000,106804000,https://www.sec.gov/Archives/edgar/data/898173/000089817303000017/0000898173-03-000017-index.htm,https://www.sec.gov/Archives/edgar/data/898173/000089817303000017/oreilly10k2002.txt,2.946525016877953,0.1754088215437701,-0.0055415947790863,-0.2835308679018828,0.2750450078763783,6.09972995274173,6.09972995274173,6.09972995274173,1.7923636636411373,1348563960.0,1510382960.0,18.022183674560324,4.291495890097091,-2281.8341116751267,-44.59831867186983,2.07304259335551,2.07304259335551,4.806447790071951,60.75310566751136,-2555.6395262267342,-49.94983001521265,0.013871792925565,-0.0224223699408369,0.2938431172408704,0.1893683396092207,6.508949760669322,4.2805347912794565,0.0,0.0255490229984437,0.0,0.0,0.3176511021795373,0.0,0.0,-50.16412859560068,0.0943447863264182,0.0,0.0,4.906505371624231,0.0231310697790458,0.0185324429201352,-0.1055692558697772,483623000.0,650524000.0,272150000.0,837224000.0,89652000.0,89006500.0,497250000.0,25.30067686902728,41.92773845708891,247.57747570272468,3.557217084187052,2.1465503104134944,0.363522569024277,0.028756817580904,0.2779892731227965,2003-02-25,0.17,bmo,295756235.0,2025-04-25,2002-12-31,0.0588235294117645,13.405234375,875200.0
2002-09-30,ORLY,USD,898173,2002-11-12,2002-11-12 16:23:28,2002,Q3,359579000.0,207383000.0,152196000.0,0.4232616476,0,0.0,0.0,111473000.0,0.0,111473000.0,318856000.0,0.0,0.0,0.0,40723000.0,0.1187360775,40723000.0,0.1132518862,-1972000.0,38751000.0,0.107767695,14655000.0,24096000.0,0.0670116998,0.23,0.23,106374000,107430000,https://www.sec.gov/Archives/edgar/data/898173/000089817302000058/0000898173-02-000058-index.htm,https://www.sec.gov/Archives/edgar/data/898173/000089817302000058/oreilly3rdqtr10q2002.txt,3.3803278996747324,0.2265215184161543,0.4164927519882678,0.1601613176152067,0.3044070919585613,5.923806569274447,5.923806569274447,5.923806569274447,1.5169778329290993,1522211940.0,1651697940.0,15.7932015687251,4.233317129198312,34.35834100758397,89.34741679873217,2.415676445990488,2.415676445990488,4.593421584686536,38.68598055978452,37.2810116468039,96.94769853847508,0.0158295959759716,0.0111922653819152,0.2560815946957734,0.1655108963109369,3.032814146855604,3.727017991148739,0.0,1.0,0.0,0.0,0.310009761415433,0.0,0.0,0.6154523293607801,0.0758303460435676,0.0,0.0,5.494730869178384,0.0312849055771393,0.0247147840482151,0.0092292289469231,453514000.0,630139000.0,274994000.0,787888000.0,93366000.0,94209000.0,484974000.0,22.767875765826147,40.20517593052468,212.82448416697608,3.9529379431649536,2.2385177509363903,0.4228836750257951,0.0382391821487005,0.2563314343730611,2002-10-22,0.23,bmo,359579000.0,2025-04-25,2002-09-30,0.0,14.38515625,750296.875
2002-06-30,ORLY,USD,898173,2002-08-12,2002-08-12 17:24:50,2002,Q2,343181000.0,198995000.0,144186000.0,0.4201456374,0,0.0,0.0,106417000.0,0.0,106417000.0,305412000.0,0.0,0.0,0.0,37769000.0,0.1145051737,37769000.0,0.1100556266,-1527000.0,36242000.0,0.1056060796,13695000.0,22547000.0,0.0657000242,0.21,0.21,106116000,107396000,https://www.sec.gov/Archives/edgar/data/898173/000089817302000051/0000898173-02-000051-index.htm,https://www.sec.gov/Archives/edgar/data/898173/000089817302000051/oreilly2ndqtr10q2002.txt,3.234017490293641,0.2124750273285838,0.3096517019111161,0.0842851219420257,0.262467488408911,5.680444042368729,5.680444042368729,5.680444042368729,1.6498454521467074,1464931380.0,1612654380.0,16.243085332860247,4.268684396863463,44.582348215100886,163.7892866726297,2.430267756716314,2.430267756716314,4.699136548934819,41.038639556188926,49.07801150369762,180.30572227191416,0.0153911646018532,0.0061054054286146,0.2904430428045774,0.1853734203685762,3.759237581433225,3.898421325881154,0.0,0.7437865000679071,0.0,0.0,0.3100900108106218,0.0,0.0,0.7278066891871329,0.0696862588546568,0.0,0.0,5.211183293712447,0.0296326250301233,0.0238732800745411,-0.0208144860341513,452203000.0,602786000.0,266561000.0,769080000.0,90958500.0,84063000.0,470803500.0,25.115114181729176,43.31641498530114,216.88554988818817,3.583499535330542,2.077734273035761,0.4149654047786865,0.0374046510701973,0.2253665799690904,2002-07-23,0.21,bmo,343181000.0,2025-04-25,2002-06-30,0.0,15.352812453125,899687.5
2002-03-31,ORLY,USD,898173,2002-05-14,2002-05-14 14:51:47,2002,Q1,295489000.0,169461000.0,126028000.0,0.4265065705,0,0.0,0.0,97390000.0,0.0,97390000.0,266851000.0,0.0,0.0,0.0,28638000.0,0.1032491903,28638000.0,0.0969173133,-1871000.0,26767000.0,0.0905854363,10125000.0,16642000.0,0.0563202014,0.16,0.16,105768000,107214000,https://www.sec.gov/Archives/edgar/data/898173/000089817302000034/0000898173-02-000034-index.htm,https://www.sec.gov/Archives/edgar/data/898173/000089817302000034/firstqtr200210q.txt,2.793746690870585,0.157344376370925,0.2643616216625066,0.0617672642008925,0.1975172074729596,5.436653808335224,5.436653808335224,5.436653808335224,1.694406625822555,1583346960.0,1742169960.0,23.78540680206705,5.358395608635178,56.626979006473306,242.3613898668299,2.753531956927015,2.753531956927015,5.895887698019216,57.103476351240616,62.307140660205285,266.6722730751569,0.0105106463841633,0.0041260697528986,0.3116635131751022,0.2002876675126818,5.20577534498017,4.143201832012541,0.0,1.6801466169931498,0.0,0.0,0.329589257129707,0.0,0.0,0.7663531347233646,0.0725170818541468,0.0,0.0,4.387152301651405,0.0232013128721568,0.018598922867332,-0.0304912638983435,435104000.0,575024000.0,253772000.0,737127000.0,83038000.0,67113000.0,454927000.0,26.23955544876459,38.42530139678156,245.39858728557013,3.4299361578641903,2.342206742132106,0.3667502775607549,0.0289414007067531,0.2025943574616141,2002-04-23,0.16,bmo,295489000.0,2025-04-25,2002-03-31,0.0,16.089333283333335,907613.3333333334
2001-12-31,ORLY,USD,898173,2002-03-29,2002-03-29 00:00:00,2001,Q4,278377000.0,156499000.0,121878000.0,0.4378163426,0,0.0,0.0,95136000.0,0.0,95136000.0,251635000.0,0.0,0.0,0.0,26742000.0,0.0726389034,26742000.0,0.0960639708,-1209000.0,25533000.0,0.0917209396,9625000.0,15908000.0,0.0571455257,0.15,0.15,105316000,105768000,https://www.sec.gov/Archives/edgar/data/898173/000089817302000023/0000898173-02-000023-index.htm,https://www.sec.gov/Archives/edgar/data/898173/000089817302000023/oreilly200110k.txt,2.643254586197729,0.1510501728132477,-0.2111265144897261,-0.4205533822021345,0.1475654221580766,5.282112879334574,5.282112879334574,5.282112879334574,1.7325097800903946,1920437365.316,2087857365.316,30.180370966117675,6.898692655341497,-86.37001867847988,-43.35953952983676,3.452217212422995,3.452217212422995,7.500107283705191,103.25193439078186,-93.89958917544412,-47.13953998139577,0.0082835297246897,-0.0230629755491724,0.3279955994254805,0.2129416858549656,8.2795113990406,4.54582452780346,0.0,-1.3977244153884838,0.0,0.0,0.3417523717835884,0.0,0.0,-0.991949628963346,0.079230683569404,0.0,0.0,4.236973143997706,0.02213925630019,0.0185654816019905,-0.0112613468039044,429527000.0,556291000.0,250095000.0,718531000.0,76900500.0,64720500.0,421743500.0,25.840281345082385,35.58329446194544,257.51838669895653,3.482934214148087,2.529276767676768,0.3494896079215173,0.0285965438951915,0.2094268677124083,2002-02-26,0.15,bmo,278377000.0,2025-04-25,2001-12-31,0.0,16.08953125,1107384.375
2001-09-30,ORLY,USD,898173,2001-11-13,2001-11-13 00:00:00,2001,Q3,293996000.0,168520000.0,125476000.0,0.4267949224,0,0.0,0.0,91219000.0,0.0,91219000.0,259739000.0,0.0,0.0,0.0,34257000.0,0.12287242,34257000.0,0.1165219935,-1867000.0,32390000.0,0.110171567,12250000.0,20140000.0,0.0685043334,0.19,0.19,104808000,106410000,https://www.sec.gov/Archives/edgar/data/898173/000089817301500035/0000898173-01-500035-index.htm,https://www.sec.gov/Archives/edgar/data/898173/000089817301500035/thirdqtr200110q.txt,2.8050912144111138,0.1921609037478055,0.2914663002824212,0.1205537745210289,0.3222940996870468,5.091834592779177,5.091834592779177,5.091834592779177,1.1406572017403251,1451066760.0,1537337760.0,18.01224875868918,4.935668376440495,47.50120335210161,114.84501464186783,2.7190592600226733,2.7190592600226733,5.229111144369311,42.55724061565718,50.32531622364803,121.67295290858726,0.0138794441132398,0.0087073871087778,0.2240169394657697,0.1513310295067026,2.388190676558521,3.594763749252371,0.0,1.5167072141403108,0.0,0.0,0.3102729288833861,0.0,0.0,0.5863886342804766,0.0609294004000054,0.0,0.0,4.692031498654147,0.0320416836078214,0.0254939935948556,0.2929857453629494,364419000.0,533665000.0,248538000.0,633100000.0,65913500.0,69811000.0,396701500.0,22.6151036068518,36.084381675765485,211.3248279136008,3.979641285956007,2.494153864369653,0.4258846482382851,0.0377390310400719,0.1709125257613922,2001-10-23,0.19,bmo,294000000.0,2025-04-25,2001-09-30,0.0,15.378728813559322,865725.4237288135
2001-06-30,ORLY,USD,898173,2001-08-14,2001-08-14 00:00:00,2001,Q2,280676000.0,162749000.0,117927000.0,0.4201534866,0,0.0,0.0,87047000.0,0.0,87047000.0,249796000.0,0.0,0.0,0.0,30880000.0,0.1167146461,30880000.0,0.1100200943,-1879000.0,29001000.0,0.1033255426,11015000.0,17986000.0,0.0640810044,0.18,0.17,103646000,104854000,https://www.sec.gov/Archives/edgar/data/898173/000089817301500022/0000898173-01-500022-index.htm,https://www.sec.gov/Archives/edgar/data/898173/000089817301500022/final2ndqtr10q.txt,2.7080253941300194,0.1735329872836385,0.3198772745692067,0.159436929548656,0.1669239526851012,4.87978310788646,4.87978310788646,4.87978310788646,1.226337726492098,1487320100.0,1597624100.0,20.673302846658512,5.299064045376163,44.860954937564095,90.00424205748865,2.940704470411452,2.940704470411452,5.692058102580912,48.76901309563784,48.18797430174338,96.67921936459908,0.0120928910999051,0.0111105874249934,0.25130988393934,0.1676840329127985,3.3671357489544858,3.681264192038556,0.0,1.8433225842321803,0.0,0.0,0.3101333922387379,0.0,0.0,0.5015684381975025,0.0592462483432855,0.0,0.0,4.364982835037835,0.029764108335201,0.0237281382791361,0.0712666190687532,347154000.0,505770000.0,224395000.0,611969000.0,58380000.0,67334000.0,390422500.0,18.582564950334195,39.84688077960541,219.9325955919852,4.843249585864164,2.2586460530698345,0.4092162862796668,0.0355616189176898,0.1604403450205507,2001-07-23,0.16,bmo,264188235.0,2025-04-25,2001-06-30,0.0625,11.975892857142858,532117.4603174604
2001-03-31,ORLY,USD,898173,2001-05-15,2001-05-15 00:00:00,2001,Q1,239063000.0,136526000.0,102537000.0,0.4289120441,0,0.0,0.0,80585000.0,0.0,80585000.0,217111000.0,0.0,0.0,0.0,21952000.0,0.1008186127,21952000.0,0.0918251674,-2150000.0,19802000.0,0.0828317222,7485000.0,12317000.0,0.0515219837,0.12,0.12,103182000,104094000,https://www.sec.gov/Archives/edgar/data/898173/000089817301500008/0000898173-01-500008-index.htm,https://www.sec.gov/Archives/edgar/data/898173/000089817301500008/oreilly1stqtr0110q.txt,2.3169060495047584,0.1193715958209765,0.0829795894632784,-0.0325735108836812,0.1166773274408327,4.63341474288151,4.63341474288151,4.63341474288151,1.397579035103022,1028595562.5,1161261562.5,20.877558709507184,4.302612961855243,120.13496408549403,-306.0385487950015,2.1514909744083166,2.1514909744083166,4.857554546291145,48.1811286407767,135.62970830413454,-345.5107296935436,0.0119745801450509,-0.0032675622203065,0.3016304632021502,0.1975370369102004,5.504356484939009,3.74125,0.0,0.6951368027928879,0.0,0.0,0.3370868766810422,0.0,0.0,1.3925484699836488,0.049873882616716,0.0,0.0,3.527705701877585,0.0216037012728437,0.0168722560495332,-0.0408695315074334,335529000.0,478085000.0,205999000.0,587653000.0,60328000.0,65779500.0,377602500.0,22.13943604823833,41.27477550063724,252.56903446962485,4.06514419806829,2.18050852871654,0.3563382193268187,0.0257632011044061,0.1155531003469597,2001-04-24,0.12,bmo,239063000.0,2025-04-25,2001-03-31,0.0,10.462197580645162,570706.4516129033
2000-12-31,ORLY,USD,898173,2001-03-30,2001-03-30 00:00:00,2000,Q4,216891000.0,97208000.0,119683000.0,0.5518117395,0,0.0,0.0,77850000.0,24812000.0,102662000.0,199870000.0,0.0,0.0,0.0,17021000.0,0.052736167,17021000.0,0.0784772074,-2340000.0,14681000.0,0.067688378,5465000.0,9216000.0,0.0424913897,0.0893,0.0893,102834000,103182000,https://www.sec.gov/Archives/edgar/data/898173/000089817301000023/0000898173-01-000023-index.htm,https://www.sec.gov/Archives/edgar/data/898173/000089817301000023/0000898173-01-000023-0001.txt,2.1091370558375635,0.0896201645370208,-0.112287764747068,-0.2820565182721667,0.0943656767217068,4.509510473189801,4.509510473189801,4.509510473189801,1.357372075383628,1375404750.0,1505784750.0,37.31024169921875,6.341456077015644,-119.11360093530789,-47.41957421134287,2.9659538611824527,2.9659538611824527,6.942587520920647,131.64755639097746,-130.40484541439335,-51.91466126529909,0.0067005730494968,-0.0210883378147414,0.3010020895734812,0.1949510820606289,11.398845952089529,2.937279313681898,0.0,-1.2529296875,0.0,0.0,0.3589360554379849,0.0,0.0,-1.5119078548540748,0.0804920443909613,0.0,0.0,3.0154964911678297,0.0174537971567809,0.012871598265351,-0.0986006573701305,296272000.0,463731000.0,196940000.0,543126000.0,62794000.0,70709000.0,359995500.0,25.66413544130462,63.83456094148629,344.4799810715167,3.5068393480791618,1.4098945566884709,0.2612633678161846,0.0198735905082903,0.1697687535250987,2001-02-27,0.13,bmo,283626692.0,2025-04-25,2000-12-31,-0.3076923076923077,8.991443460317461,693974.6031746032
2000-09-30,ORLY,USD,898173,2000-11-13,2000-11-13 00:00:00,2000,Q3,251413000.0,145550000.0,105863000.0,0.4210721005,0,0.0,0.0,77058000.0,0.0,77058000.0,222608000.0,0.0,0.0,0.0,28805000.0,0.1228297662,28805000.0,0.1145724366,-2076000.0,26729000.0,0.106315107,10157000.0,16572000.0,0.0659154459,0.16,0.16,102602000,103712000,https://www.sec.gov/Archives/edgar/data/898173/000089817300000049/0000898173-00-000049-index.htm,https://www.sec.gov/Archives/edgar/data/898173/000089817300000049/0000898173-00-000049-0001.txt,2.450371337790686,0.1615173193504999,0.0288883257636303,-0.180386347244693,0.1244517650728056,4.407126566733592,4.407126566733592,4.407126566733592,1.521997621878716,750277125.0,894168125.0,11.31844564627082,2.9842415666652085,253.1299342105263,-40.5379903285066,1.6592443827679242,1.6592443827679242,3.556570762052877,28.955283993394,301.6761555330634,-48.31252026150854,0.0220878385436581,-0.0246682184266246,0.3453491972223451,0.2162859916870612,4.659531750914802,3.3223481505566137,0.0,0.1788559015206372,0.0,0.0,0.3064996638996392,0.0,0.0,7.244264507422402,0.0854052893048489,0.0,0.0,4.002013687468673,0.0291810943503684,0.0229526860542903,-0.3439699031207968,299987000.0,452180000.0,159334000.0,582609000.0,58458500.0,69798500.0,338032500.0,22.81743585256132,44.81202335967021,215.1355547921676,3.944352055224349,2.0083895627216406,0.4183408924988934,0.0366491220310495,0.2092746730083234,2000-10-24,0.16,bmo,251400000.0,2025-04-25,2000-09-30,0.0,7.366071428571429,274438.09523809527
2000-06-30,ORLY,USD,898173,2000-08-14,2000-08-14 00:00:00,2000,Q2,226359000.0,129098000.0,97261000.0,0.4296758689,0,0.0,0.0,72468000.0,0.0,72468000.0,201566000.0,0.0,0.0,0.0,24793000.0,0.1167481744,24793000.0,0.1095295526,-1634000.0,23159000.0,0.1023109309,8800000.0,14359000.0,0.0634346326,0.14,0.14,102222000,103096000,https://www.sec.gov/Archives/edgar/data/898173/000089817300000039/0000898173-00-000039-index.htm,https://www.sec.gov/Archives/edgar/data/898173/000089817300000039/0000898173-00-000039-0001.txt,2.2143863356224687,0.1404687836277905,0.0283402790006065,-0.177769951673808,0.1123535051163154,4.244927706364579,4.244927706364579,4.244927706364579,1.3460311870243196,709165125.0,835774125.0,12.347049324465493,3.132922150212716,244.79293234380395,-39.02515545894783,1.6343034510572103,1.6343034510572103,3.692250473804885,31.625766261777727,288.49641870900933,-45.992412777900064,0.0202477525949968,-0.0256244975385669,0.3170916633058708,0.2032443706535418,4.790895674877966,3.258654821504532,0.0,0.2018393367240298,0.0,0.0,0.3201463162498509,0.0,0.0,7.272695892302382,0.0930778100274343,0.0,0.0,3.662826259703172,0.0267759207133991,0.0212101248471169,-0.2702329244194009,276107000.0,433925000.0,155288000.0,544022000.0,51825500.0,64388500.0,318045000.0,21.14309570196016,46.79654216176858,228.7631876558893,4.256708727457359,1.9232190209456843,0.3934199419155673,0.0330909719421559,0.2061102306744145,2000-08-14,0.14,bmo,226400000.0,2025-04-25,2000-06-30,0.0,6.891617063492063,532819.0476190476
2000-03-31,ORLY,USD,898173,2000-05-15,2000-05-15 00:00:00,2000,Q1,195758000.0,111046000.0,84712000.0,0.4327383811,0,0.0,0.0,65226000.0,0.0,65226000.0,176272000.0,0.0,0.0,0.0,19486000.0,0.1040877001,19486000.0,0.0995412703,-890000.0,18596000.0,0.0949948406,7029000.0,11567000.0,0.059088262,0.12,0.12,101656000,102472000,https://www.sec.gov/Archives/edgar/data/898173/000089817300000034/0000898173-00-000034-index.html,https://www.sec.gov/Archives/edgar/data/898173/000089817300000034/,1.925690564255922,0.1137857086645156,0.113303690879043,-0.1029944125285275,0.0977020539859919,4.104765090107815,4.104765090107815,4.104765090107815,1.1787400645313606,721122250.0,831516250.0,15.585766620558486,3.68374344854361,62.60828702899809,-68.87509551098377,1.7281744129756464,1.7281744129756464,4.247674424544591,40.80861062033765,72.19276350060774,-79.41893505253104,0.0160402761112973,-0.0145190361273695,0.2871638300013899,0.1891387216175901,5.417844522968198,3.2634798865960377,0.0,0.995763810841186,0.0,0.0,0.3331971107183359,0.0,0.0,1.9090119812467443,0.1123223571961299,0.0,0.0,3.2417481557461936,0.0224818063647278,0.0182578705201764,-0.1426379161092311,257876000.0,417274000.0,155544000.0,510475000.0,52637000.0,63275500.0,300923500.0,23.20548840915825,49.96659042198728,249.58332582893576,3.8783928359155206,1.8012035490097484,0.3606010125118933,0.0277203947526086,0.2162981034075706,2000-04-25,0.11,bmo,179483333.0,2025-04-25,2000-03-31,0.0909090909090908,6.837549603174603,1193526.984126984
1999-12-31,ORLY,USD,898173,2000-03-30,2000-03-30 00:00:00,1999,Q4,183200000.0,80800000.0,102400000.0,0.5589519651,0,0.0,0.0,65700000.0,17900000.0,83600000.0,164400000.0,0.0,0.0,0.0,18800000.0,0.0786026201,18800000.0,0.1026200873,-500000.0,18300000.0,0.0998908297,6500000.0,11800000.0,0.0644104803,0.12,0.12,101598000,101656000,https://www.sec.gov/Archives/edgar/data/898173/000089817300000026/0000898173-00-000026-index.html,https://www.sec.gov/Archives/edgar/data/898173/000089817300000026/,1.8031851020689385,0.1161440185830429,-0.0374023110691155,-0.3513848697809012,0.1013799484241815,3.9666135160140943,3.9666135160140943,3.9666135160140943,1.0836827496604264,1092178500.0,1192478500.0,23.139375,5.961673034934498,-287.41539473684213,-30.593235294117648,2.710120347394541,2.710120347394541,6.50916211790393,82.81100694444444,-313.8101315789474,-33.40275910364146,0.0108040947519109,-0.0326869646307815,0.2732009925558312,0.1803735255570118,6.965277777777778,3.168695652173913,0.0,-0.3220338983050847,0.0,0.0,0.3586244541484716,0.0,0.0,-8.394736842105264,0.1741266375545851,0.0,0.0,3.219583010748913,0.0235477940395973,0.0193315858453473,-0.0890765566251304,249400000.0,403000000.0,157000000.0,485900000.0,54800000.0,72250000.0,291350000.0,26.921397379912666,72.28960396039604,327.36386138613864,3.343065693430657,1.2449922958397537,0.2749234433480775,0.0292803970223325,0.3139825587117856,2000-03-01,0.12,bmo,,2025-04-25,1999-12-31,0.0,11.021301296875,498256.25
1999-09-30,ORLY,USD,898173,1999-11-15,1999-11-15 00:00:00,1999,Q3,208400000.0,120400000.0,88000000.0,0.4222648752,0,0.0,0.0,65800000.0,0.0,65800000.0,186200000.0,0.0,0.0,0.0,22200000.0,0.1094049904,22200000.0,0.1065259117,-500000.0,21700000.0,0.1041266795,8300000.0,13400000.0,0.0642994242,0.0325,0.0325,101464000,101464000,https://www.sec.gov/Archives/edgar/data/898173/000089817399000033/0000898173-99-000033-index.html,https://www.sec.gov/Archives/edgar/data/898173/000089817399000033/,2.053930458093511,0.1320665457699282,0.1655759678309548,-0.0482929906173618,0.0315382795868485,3.8407711109358975,3.8407711109358975,3.8407711109358975,0.6721595836947094,1208848488.232,1274348488.232,22.55314343716418,5.80061654621881,71.95526715666666,-246.70377310857145,3.10199766033359,3.10199766033359,6.114915970403072,55.89247755403509,75.8540766804762,-260.07112004734694,0.0110849292781084,-0.0040534442882635,0.1750064151911727,0.1173232410115258,2.87280701754386,2.491465149359886,0.0,1.2537313432835822,0.0,0.0,0.3157389635316698,0.0,0.0,1.2916666666666667,0.1041266794625719,0.0,0.0,3.3782896424922275,0.0298991401534758,0.0230517804920006,-0.0285815658755814,209700000.0,389700000.0,158700000.0,419000000.0,53350000.0,80950000.0,287100000.0,23.66602687140115,59.501661129568106,215.88039867109632,3.802919708029197,1.5125628140703518,0.4168975069252078,0.0343854246856556,0.2138689584483166,1999-10-28,0.13,bmo,208400000.0,2025-04-25,1999-09-30,0.0,10.947998109375,736650.0
1999-06-30,ORLY,USD,898173,1999-08-16,1999-08-16 00:00:00,1999,Q2,196107000.0,114300000.0,81807000.0,0.4171341152,0,0.0,0.0,62200000.0,0.0,62200000.0,176500000.0,0.0,0.0,0.0,19607000.0,0.103008669,19607000.0,0.0999490056,-507000.0,19100000.0,0.0973992861,7300000.0,11800000.0,0.0601733809,0.03,0.0288,101356000,101356000,https://www.sec.gov/Archives/edgar/data/898173/000089817399000024/0000898173-99-000024-index.html,https://www.sec.gov/Archives/edgar/data/898173/000089817399000024/,1.9347645921307075,0.116421326808477,-0.0157859426180985,-0.1844982043490272,0.0404514779588776,3.70377678677138,3.70377678677138,3.70377678677138,0.6462370259284107,1276452125.0,1337852125.0,27.04347722457627,6.509189826619072,-797.782578125,-68.2594719251337,3.4002454049014386,3.4002454049014386,6.822295385007649,66.23030321782178,-836.157578125,-71.54289438502674,0.0092443733445937,-0.0146499814867713,0.1744805540756526,0.1175309528081823,3.03960396039604,2.7121913580246915,0.0,-0.135593220338983,0.0,0.0,0.3171851096379398,0.0,0.0,-10.6875,0.0872004079551249,0.0,0.0,3.114798335954214,0.0274267282526845,0.02117351516239,0.0377382690713919,221900000.0,375400000.0,169600000.0,413900000.0,50600000.0,79450000.0,273100000.0,23.819479857215704,64.80314960629921,224.7244094488189,3.7784200385356455,1.3888213851761846,0.4004905395935529,0.0314331379861481,0.1687122617309286,1999-07-27,0.11,bmo,178272727.0,2025-04-25,1999-06-30,0.0909090909090908,11.426711365079363,445688.8888888889
1999-03-31,ORLY,USD,898173,1999-05-14,1999-05-14 00:00:00,1999,Q1,166404000.0,95400000.0,71004000.0,0.4266826923,0,0.0,0.0,54700000.0,0.0,54700000.0,150100000.0,0.0,0.0,0.0,16304000.0,0.1117788462,16304000.0,0.0979567308,-2404000.0,13900000.0,0.0835336538,5300000.0,8600000.0,0.0516826923,0.025,0.025,98912000,98912000,https://www.sec.gov/Archives/edgar/data/898173/000089817399000013/0000898173-99-000013-index.html,https://www.sec.gov/Archives/edgar/data/898173/,1.6823034616628922,0.0869459721772889,0.1850129407958589,0.0303299902944031,0.0323519896473633,3.4616628922678743,3.4616628922678743,3.4616628922678743,0.6672597864768683,1106578000.0,1169378000.0,32.16796511627907,6.650108173076923,60.468743169398905,368.8593333333333,3.231828271028037,3.231828271028037,7.02751201923077,62.86978494623656,63.90043715846995,389.79266666666666,0.0077717070102604,0.0027110605849745,0.1927570093457944,0.1285296981499513,3.376344086021505,2.8055797733217087,0.0,2.127906976744186,0.0,0.0,0.3287259615384615,0.0,0.0,0.8360655737704918,0.0919471153846153,0.0,0.0,2.602306097322375,0.0246514106241284,0.0167478091528724,-0.0053077483015205,207100000.0,342400000.0,150700000.0,387800000.0,38450000.0,71650000.0,253400000.0,26.66466346153846,72.26415094339623,246.03773584905665,3.3752535496957403,1.2454308093994777,0.3657975460122699,0.0251168224299065,0.1546829505014558,1999-04-28,0.09,bmo,147911111.0,2025-04-25,1999-03-31,0.1111111111111112,11.400742836065575,662767.2131147541
1998-12-31,ORLY,USD,898173,1999-03-25,1999-03-25 00:00:00,1998,Q4,160000000.0,76100000.0,83900000.0,0.524375,0,0.0,0.0,54800000.0,12200000.0,67000000.0,143100000.0,0.0,0.0,0.0,16900000.0,0.068125,16900000.0,0.105625,-2200000.0,14700000.0,0.091875,5800000.0,8900000.0,0.055625,0.09,0.09,98912000,98912000,https://www.sec.gov/Archives/edgar/data/898173/000095017299000309/0000950172-99-000309-index.html,https://www.sec.gov/Archives/edgar/data/898173/,1.6175994823681656,0.0899789712067292,-0.0242639922355224,-0.2305079262374636,0.0171869945001617,2.208023293432546,2.208023293432546,2.208023293432546,1.8592284050469103,1168398000.0,1350598000.0,32.82016853932584,7.3024875,-486.8325,-51.24552631578947,5.349807692307692,5.349807692307692,8.4412375,123.90807339449542,-562.7491666666666,-59.23675438596492,0.0076172674037442,-0.0195138985174572,0.842032967032967,0.3727954591526454,16.71559633027523,3.033170731707317,0.0,-0.2696629213483146,0.0,0.0,0.3425,0.0,0.0,-8.5,0.1275,0.0,0.0,2.1142853278897755,0.0252953591819917,0.0180417595783498,-1.309244581041734,208400000.0,218400000.0,36000000.0,379400000.0,27050000.0,53400000.0,240400000.0,15.525,78.88304862023654,290.9329829172142,5.797101449275362,1.1409295352323838,0.3093495934959349,0.0407509157509157,0.2062439340019411,1999-03-05,0.08,bmo,,2025-04-25,1998-12-31,0.375,10.207641609375,347587.5
1998-09-30,ORLY,USD,898173,1998-11-16,1998-11-16 00:00:00,1998,Q3,172800000.0,103400000.0,69400000.0,0.4016203704,0,0.0,0.0,53900000.0,0.0,53900000.0,157300000.0,0.0,0.0,0.0,15500000.0,0.1012731481,15500000.0,0.0896990741,-2000000.0,13500000.0,0.078125,5100000.0,8400000.0,0.0486111111,0.025,0.0238,85148000,85148000,https://www.sec.gov/Archives/edgar/data/898173/000089817398000023/0000898173-98-000023-index.html,https://www.sec.gov/Archives/edgar/data/898173/,2.02940761967398,0.0986517592897073,-0.1573730445811998,-0.3523277117489548,0.0187908112932775,2.4275379339502985,2.4275379339502985,2.4275379339502985,1.9683374829708271,771653750.0,937653750.0,22.965885416666666,4.465588831018518,-57.586100746268656,-25.721791666666668,3.7332063376874696,3.7332063376874696,5.426236979166666,53.58021428571429,-69.9741604477612,-31.255125,0.0108857113698987,-0.0388775406067812,0.810836961780358,0.3690817000660647,9.485714285714286,3.290973871733967,0.0,-1.5952380952380951,0.0,0.0,0.3119212962962963,0.0,0.0,-1.2388059701492538,0.0960648148148148,0.0,0.0,2.321275506774392,0.0255820807544945,0.0184981281656022,-1.2745454972518435,192900000.0,206700000.0,29700000.0,356100000.0,26050000.0,42450000.0,224350000.0,13.802083333333334,34.903288201160535,204.3713733075435,6.520754716981132,2.5785536159601,0.4403747870528109,0.0406386066763425,0.1949546671677549,1998-10-28,0.09,bmo,153600000.0,2025-04-25,1998-09-30,0.1111111111111112,8.770507828125,362750.0
1998-06-30,ORLY,USD,898173,1998-08-14,1998-08-14 00:00:00,1998,Q2,165200000.0,99000000.0,66200000.0,0.4007263923,0,0.0,0.0,52500000.0,0.0,52500000.0,151500000.0,0.0,0.0,0.0,13700000.0,0.0914043584,13700000.0,0.0829297821,-1300000.0,12400000.0,0.0750605327,4700000.0,7700000.0,0.0466101695,0.0225,0.0225,85000000,85000000,https://www.sec.gov/Archives/edgar/data/898173/000089817398000019/0000898173-98-000019-index.html,https://www.sec.gov/Archives/edgar/data/898173/,1.943529411764706,0.0905882352941176,-0.0823529411764705,-0.1447058823529411,0.0164705882352941,2.3258823529411763,2.3258823529411763,2.3258823529411763,1.6211764705882352,765000000.0,901400000.0,24.837662337662337,4.6307506053268765,-109.28571428571428,-62.19512195121951,3.8694992412746574,3.8694992412746574,5.456416464891041,59.6953642384106,-128.77142857142857,-73.28455284552845,0.0100653594771241,-0.016078431372549,0.6970156803237229,0.3269276393831554,9.033112582781458,3.195273631840796,0.0,-0.9090909090909092,0.0,0.0,0.3177966101694915,0.0,0.0,-0.7571428571428571,0.0320823244552058,0.0,0.0,2.177313827111311,0.0244391211275958,0.0182680901542111,-1.1323529411764706,176500000.0,197700000.0,33100000.0,327200000.0,24650000.0,47400000.0,209300000.0,13.946731234866828,40.72727272727273,194.45454545454547,6.453125,2.2098214285714284,0.4628330995792426,0.0389479008598887,0.0623529411764705,1998-07-29,0.09,bmo,165200000.0,2025-04-25,1998-06-30,0.0,7.568700396825397,291784.126984127
1998-03-31,ORLY,USD,898173,1998-05-15,1998-05-15 00:00:00,1998,Q1,118300000.0,67600000.0,50700000.0,0.4285714286,0,0.0,0.0,40100000.0,0.0,40100000.0,107700000.0,0.0,0.0,0.0,10600000.0,0.0997464074,10600000.0,0.089602705,-1200000.0,9400000.0,0.0794590025,3600000.0,5800000.0,0.0490278952,0.0175,0.0175,84796000,84796000,https://www.sec.gov/Archives/edgar/data/898173/000089817398000009/0000898173-98-000009-index.html,https://www.sec.gov/Archives/edgar/data/898173/,1.3951129770272184,0.0683994528043775,0.0436341336855512,-0.7193735553563847,0.0224067172979857,2.235954526156894,2.235954526156894,2.235954526156894,1.4870984480400018,584297437.5,708497437.5,25.185234375,4.939116124260355,157.91822635135136,-9.578646516393444,3.081737539556962,3.081737539556962,5.988989327979713,60.04215572033898,191.4857939189189,-11.614712090163934,0.0099264512006352,-0.1043988833170263,0.665084388185654,0.3119742701632855,10.52542372881356,3.00476758045292,0.0,0.6379310344827587,0.0,0.0,0.3389687235841082,0.0,0.0,17.486486486486488,0.5469146238377007,0.0,0.0,1.8550219639949184,0.0202929740363477,0.0143493320138545,-1.0917378178215953,168200000.0,189600000.0,37500000.0,308300000.0,18100000.0,39850000.0,158250000.0,18.030431107354183,66.5680473372781,272.5295857988166,4.991561181434599,1.352,0.3302393746946751,0.030590717299578,0.7630076890419359,1998-03-31,0.06,bmo,,2025-04-25,1998-03-31,0.0,6.966444672131147,402950.8196721312
1997-12-31,ORLY,USD,898173,1998-03-31,1998-03-31 00:00:00,1997,Q4,78000000.0,35500000.0,42500000.0,0.5448717949,0,0.0,0.0,25000000.0,8300000.0,33300000.0,68800000.0,0.0,0.0,0.0,9200000.0,0.1141025641,9200000.0,0.1179487179,100000.0,9300000.0,0.1192307692,3900000.0,5400000.0,0.0692307692,0.0637,0.0637,84500000,84796000,https://www.sec.gov/Archives/edgar/data/898173/000089817398000005/0000898173-98-000005-index.html,https://www.sec.gov/Archives/edgar/data/898173/,0.9230769230769232,0.0639053254437869,0.0437869822485207,-0.0994082840236686,0.0272189349112426,2.1538461538461537,2.1538461538461537,2.1538461538461537,0.2686390532544379,554531250.0,574931250.0,25.67274305555556,7.109375,149.8733108108108,-66.015625,3.046875,3.046875,7.370913461538461,64.59901685393258,155.38682432432432,-68.44419642857143,0.0097379543533389,-0.0151479289940828,0.1247252747252747,0.0916801292407108,2.292134831460674,3.31930693069307,0.0,0.6851851851851852,0.0,0.0,0.3205128205128205,0.0,0.0,3.27027027027027,0.1551282051282051,0.0,0.0,1.7598154411446716,0.0257691050837962,0.0218093699515347,0.0233727810650887,93700000.0,182000000.0,68500000.0,202100000.0,13050000.0,27550000.0,109550000.0,14.423076923076923,75.29577464788733,283.4366197183099,6.24,1.1952861952861953,0.3175313059033989,0.0296703296703296,0.1431952662721893,1998-04-30,0.07,bmo,118300000.0,2025-04-25,1997-12-31,0.0,6.120361328125,223106.25
1997-09-30,ORLY,USD,898173,1997-11-14,1997-11-14 00:00:00,1997,Q3,87500000.0,51000000.0,36500000.0,0.4171428571,0,0.0,0.0,26100000.0,0.0,26100000.0,77100000.0,0.0,0.0,0.0,10400000.0,0.1177142857,10400000.0,0.1188571429,100000.0,10500000.0,0.12,3900000.0,6600000.0,0.0754285714,0.02,0.02,84392000,84392000,https://www.sec.gov/Archives/edgar/data/898173/000089817397000007/0000898173-97-000007-index.html,https://www.sec.gov/Archives/edgar/data/898173/,1.0368281353682811,0.0782064650677789,0.077021518627358,-0.0308086074509432,0.0189591430467342,2.0843207887003508,2.0843207887003508,2.0843207887003508,0.165892501658925,479979500.0,492379500.0,18.181041666666665,5.48548,73.843,-184.6075,2.728706651506538,2.728706651506538,5.627194285714285,47.80383495145631,75.7506923076923,-189.3767307692308,0.0137505872646644,-0.0054168980133526,0.0795906765207504,0.0609490639965171,1.203883495145631,3.343915343915344,0.0,0.9848484848484848,0.0,0.0,0.2982857142857142,0.0,0.0,1.4,0.104,0.0,0.0,1.9151150412989912,0.034047619047619,0.0287331301697866,0.138046260309034,88600000.0,175900000.0,72600000.0,187200000.0,14000000.0,23850000.0,103700000.0,13.988571428571428,44.82352941176471,189.3529411764706,6.4338235294117645,2.0078740157480315,0.4753028890959925,0.0375213189312109,0.1078301260783012,1997-10-21,0.08,bmo,87500000.0,2025-04-25,1997-09-30,0.0,5.436523453125,304456.25
1997-06-30,ORLY,USD,898173,1997-08-14,1997-08-14 00:00:00,1997,Q2,82400000.0,47700000.0,34700000.0,0.4211165049,0,0.0,0.0,25200000.0,0.0,25200000.0,72900000.0,0.0,0.0,0.0,9500000.0,0.1128640777,9500000.0,0.1152912621,200000.0,9700000.0,0.1177184466,3600000.0,6100000.0,0.0740291262,0.0094,0.0094,84240000,84240000,https://www.sec.gov/Archives/edgar/data/898173/000089817397000005/0000898173-97-000005-index.html,https://www.sec.gov/Archives/edgar/data/898173/,0.9781576448243114,0.072412155745489,-0.0213675213675213,-0.1044634377967711,0.023741690408357,2.002611585944919,2.002611585944919,2.002611585944919,0.1424501424501424,405405000.0,415405000.0,16.614959016393442,4.919963592233009,-225.225,-46.06875,2.403112033195021,2.403112033195021,5.041322815533981,44.66720430107527,-230.7805555555556,-47.20511363636364,0.0150466817133483,-0.021706688373355,0.0711321873147599,0.0557361820715281,1.075268817204301,2.6824324324324325,0.0,-0.2950819672131147,0.0,0.0,0.3058252427184466,0.0,0.0,-3.888888888888889,0.0849514563106796,0.0,0.0,1.8063227829851447,0.0326996541002939,0.0283325592196934,0.1929012345679012,74700000.0,168700000.0,72500000.0,166400000.0,13000000.0,21600000.0,95150000.0,15.728155339805824,42.075471698113205,188.8679245283019,5.722222222222222,2.1390134529147984,0.4765234765234765,0.0361588618850029,0.0830959164292497,1997-07-23,0.07,bmo,82400000.0,2025-04-25,1997-06-30,0.0,4.580444359375,342312.5
1997-03-31,ORLY,USD,898173,1997-05-14,1997-05-14 00:00:00,1997,Q1,68500000.0,39300000.0,29200000.0,0.4262773723,0,0.0,0.0,21300000.0,0.0,21300000.0,60600000.0,0.0,0.0,0.0,7900000.0,0.1153284672,7900000.0,0.1153284672,100000.0,8000000.0,0.1167883212,3000000.0,5000000.0,0.0729927007,0.0075,0.0075,84016000,84016000,https://www.sec.gov/Archives/edgar/data/898173/000089817397000003/0000898173-97-000003-index.html,https://www.sec.gov/Archives/edgar/data/898173/,0.8153208912588078,0.0595124738145115,0.1130737002475718,0.0059512473814511,0.0452294800990287,1.927013902113883,1.927013902113883,1.927013902113883,0.0630832222433822,385948500.0,387448500.0,19.297425,5.634284671532846,40.62615789473684,771.897,2.3838696726374304,2.3838696726374304,5.6561824817518245,49.04411392405064,40.78405263157895,774.897,0.0129550963405739,0.0012955096340573,0.0327362569487337,0.0265930757651781,0.189873417721519,3.082386363636364,0.0,1.9,0.0,0.0,0.310948905109489,0.0,0.0,0.9473684210526316,0.1313868613138686,0.0,0.0,1.6063407791528617,0.0291814420803782,0.0250878073256397,0.2404303942106265,73300000.0,161900000.0,71100000.0,160200000.0,11450000.0,19100000.0,87050000.0,15.24087591240876,47.86259541984733,206.5648854961832,5.905172413793103,1.8803827751196167,0.4356984478935698,0.0308832612723903,0.1071224528661207,1997-04-23,0.06,bmo,68500000.0,2025-04-25,1997-03-31,0.0,4.23719262295082,513954.0983606557
1996-12-31,ORLY,USD,898173,1997-03-31,1997-03-31 00:00:00,1996,Q4,64700000.0,30000000.0,34700000.0,0.5363214838,0,0.0,0.0,21900000.0,6100000.0,28000000.0,58000000.0,0.0,0.0,0.0,6700000.0,0.0973724884,6700000.0,0.1035548686,400000.0,7100000.0,0.1097372488,2600000.0,4500000.0,0.0695517774,0.0536,0.0536,83752000,84016000,https://www.sec.gov/Archives/edgar/data/898173/000095013197002239/0000950131-97-002239-index.html,https://www.sec.gov/Archives/edgar/data/898173/,0.772518865221129,0.0537300601776674,-0.0274620307574744,-0.1504441684974687,0.0143280160473779,1.8602540834845736,1.8602540834845736,1.8602540834845736,0.0405960454675709,335008000.0,337208000.0,18.611555555555555,5.177867078825348,-145.65565217391304,-26.587936507936508,2.1502439024390245,2.1502439024390245,5.211870170015456,53.52507936507936,-146.61217391304348,-26.76253968253968,0.0134325150444168,-0.0376110421243671,0.0218228498074454,0.0185185185185185,0.3492063492063492,3.898832684824902,0.0,-0.5111111111111111,0.0,0.0,0.3384853168469861,0.0,0.0,-4.478260869565218,0.1591962905718701,0.0,0.0,1.4996366848860416,0.0263592729561727,0.0245098039215686,0.2844708186073168,74500000.0,155800000.0,72400000.0,154300000.0,11600000.0,18400000.0,82100000.0,15.71870170015456,51.900000000000006,251.7,5.725663716814159,1.7341040462427746,0.3575685339690107,0.0288831835686777,0.1229821377399942,1997-02-18,0.05,bmo,64700000.0,2025-04-25,1996-12-31,0.0,4.312255875,184050.0
1996-09-30,ORLY,USD,898173,1996-11-14,1996-11-14 00:00:00,1996,Q3,70400000.0,41200000.0,29200000.0,0.4147727273,0,0.0,0.0,21000000.0,0.0,21000000.0,62200000.0,0.0,0.0,0.0,8200000.0,0.1122159091,8200000.0,0.1164772727,300000.0,8500000.0,0.1207386364,3100000.0,5400000.0,0.0767045455,0.0081,0.0081,83632000,83632000,https://www.sec.gov/Archives/edgar/data/898173/000095013196005855/0000950131-96-005855-index.html,https://www.sec.gov/Archives/edgar/data/898173/,0.8417830495504113,0.0645685861871054,0.0777214463363305,-0.0227185766213889,0.0442414386837574,1.8031375550028697,1.8031375550028697,1.8031375550028697,0.0047828582360818,360663000.0,357363000.0,16.69736111111111,5.123053977272727,55.48661538461538,-189.82263157894732,2.3916644562334217,2.3916644562334217,5.076178977272727,45.235822784810125,54.978923076923074,-188.0857894736842,0.0149724257825171,-0.005268075738293,0.0026525198938992,0.0022160664819944,-0.4177215189873418,3.74468085106383,0.0,1.181818181818182,0.0,0.0,0.2982954545454545,0.0,0.0,1.2923076923076924,0.1193181818181818,0.0,0.0,1.6185135029145443,0.0341824918943955,0.0299168975069252,0.2759111344939736,77400000.0,150800000.0,75900000.0,149000000.0,12350000.0,19300000.0,79050000.0,15.213068181818182,42.59708737864078,175.41262135922332,5.915966386554622,2.112820512820513,0.5130759651307597,0.0358090185676392,0.1004400229577195,1996-10-22,0.06,amc,,2025-04-25,1996-09-30,0.1666666666666668,4.45056153125,156762.5
1996-06-30,ORLY,USD,898173,1996-08-13,1996-08-13 00:00:00,1996,Q2,68800000.0,40600000.0,28200000.0,0.4098837209,0,0.0,0.0,20500000.0,0.0,20500000.0,61100000.0,0.0,0.0,0.0,7700000.0,0.1090116279,7700000.0,0.1119186047,200000.0,7900000.0,0.1148255814,3000000.0,4900000.0,0.0712209302,0.0075,0.0075,83560000,83560000,https://www.sec.gov/Archives/edgar/data/898173/000095013196003871/0000950131-96-003871-index.html,https://www.sec.gov/Archives/edgar/data/898173/,0.8233604595500239,0.0586404978458592,-0.0370990904739109,-0.1364289133556725,0.0418860698898994,1.7364767831498324,1.7364767831498324,1.7364767831498324,0.0059837242699856,378631250.0,375631250.0,19.317920918367346,5.503361191860465,-122.1391129032258,-33.21326754385965,2.609450379048932,2.609450379048932,5.459756540697675,50.08416666666667,-121.17137096774194,-32.95010964912281,0.0129413512487413,-0.0301084498440105,0.0034458993797381,0.0028851702250432,-0.4,3.973584905660377,0.0,-0.6326530612244898,0.0,0.0,0.2979651162790697,0.0,0.0,-2.677419354838709,0.1206395348837209,0.0,0.0,1.5136468937264904,0.0324894514767932,0.0282746682054241,0.2848252752513164,78800000.0,145100000.0,77100000.0,143600000.0,11800000.0,22500000.0,76000000.0,16.744186046511626,42.33990147783251,172.4630541871921,5.375,2.12565445026178,0.5218508997429306,0.0337698139214334,0.0993298228817616,1996-07-23,0.05,amc,,2025-04-25,1996-06-30,0.1999999999999999,4.702535968253969,164190.47619047618
1996-03-31,ORLY,USD,898173,1996-05-14,1996-05-14 00:00:00,1996,Q1,55300000.0,32900000.0,22400000.0,0.4050632911,0,0.0,0.0,16300000.0,0.0,16300000.0,49200000.0,0.0,0.0,0.0,6100000.0,0.1048824593,6100000.0,0.1103074141,400000.0,6500000.0,0.1175406872,2400000.0,4100000.0,0.0741410488,0.0063,0.0063,83424000,83424000,https://www.sec.gov/Archives/edgar/data/898173/000095013196002196/0000950131-96-002196-index.html,https://www.sec.gov/Archives/edgar/data/898173/,0.6628787878787878,0.0491465285769083,0.0455504411200613,-0.0443517453011123,0.0335634829305715,1.67457805907173,1.67457805907173,1.67457805907173,0.0071921749136939,364980000.0,362780000.0,22.25487804878049,6.6,96.04736842105262,-98.64324324324323,2.6125984251968504,2.6125984251968504,6.560216998191682,62.54827586206896,95.46842105263158,-98.04864864864864,0.0112334922461504,-0.0101375417831114,0.0042949176807444,0.0034662045060658,-0.3793103448275862,3.526813880126183,0.0,0.926829268292683,0.0,0.0,0.294755877034358,0.0,0.0,1.973684210526316,0.1356238698010849,0.0,0.0,1.3607877184832062,0.0271729682746631,0.02368573079145,0.1750095895665516,80100000.0,139700000.0,78400000.0,138200000.0,10150000.0,19450000.0,66600000.0,17.576853526220614,70.85106382978724,202.9787234042553,5.12037037037037,1.2702702702702702,0.4433962264150943,0.0293486041517537,0.0899021864211737,1996-04-24,0.05,amc,,2025-04-25,1996-03-31,0.0,3.9890873174603176,234387.3015873016
1995-12-31,ORLY,USD,898173,1995-12-31,1995-12-30 19:00:00,1995,Q4,50900000.0,26900000.0,24000000.0,0.4715127701,0,0.0,0.0,17600000.0,1100000.0,18700000.0,45600000.0,0.0,0.0,1100000.0,6400000.0,0.1178781925,5300000.0,0.1041257367,200000.0,5500000.0,0.1080550098,1900000.0,3600000.0,0.0707269155,0.0514,0.0514,70016000,70016000,,,0.7269766910420475,0.051416819012797,0.0085694698354661,-0.1171160877513711,0.0399908592321755,1.912420018281536,1.912420018281536,1.912420018281536,0.0085694698354661,251620000.0,249420000.0,17.47361111111111,4.943418467583497,419.3666666666667,-30.68536585365853,1.8791635548917105,1.8791635548917105,4.900196463654224,41.57,415.7,-30.417073170731708,0.0143072887687783,-0.0325888244177728,0.0044809559372666,0.00390625,-0.3666666666666666,5.417582417582418,0.0,0.1666666666666666,0.0,0.0,0.0,0.0,0.0,14.666666666666666,0.1728880157170923,8.0,0.0,1.4874264566759985,0.0255832662912308,0.0234375,0.2817213208409506,80400000.0,133900000.0,78900000.0,132400000.0,10050000.0,12450000.0,56300000.0,16.797642436149314,43.49442379182156,197.39776951672863,5.3578947368421055,2.069230769230769,0.4559322033898305,0.0268857356235997,0.1256855575868373,1996-02-21,0.04145,amc,,2025-04-25,1995-12-31,0.2062726176115802,3.786954365079365,389282.5396825397
1995-09-30,ORLY,USD,898173,1995-09-30,1995-09-29 20:00:00,1995,Q3,57200000.0,33500000.0,23700000.0,0.4143356643,0,0.0,0.0,17000000.0,0.0,17000000.0,50500000.0,0.0,0.0,0.0,6700000.0,0.1188811189,6700000.0,0.1171328671,-100000.0,6600000.0,0.1153846154,2500000.0,4100000.0,0.0716783217,0.0075,0.0075,70016000,70016000,,,0.8169561243144424,0.0585580438756855,0.0671275137111517,-0.032849634369287,0.0442755941499085,1.1754456124314443,1.1754456124314443,1.1754456124314443,0.2599405850091407,264748000.0,279848000.0,16.14317073170732,4.628461538461538,56.32936170212766,-115.10782608695652,3.216865127582017,3.216865127582017,4.892447552447552,41.154117647058825,59.54212765957447,-121.67304347826088,0.0154864248266275,-0.0086875066100593,0.221142162818955,0.1530698065601345,2.2205882352941178,2.68796992481203,0.0,1.146341463414634,0.0,0.0,0.0,0.0,0.0,1.4893617021276595,0.1223776223776223,0.0,0.0,1.2444739468106427,0.0409657599618229,0.0344827586206896,0.0178530621572212,44900000.0,82300000.0,34900000.0,89300000.0,10950000.0,13000000.0,53700000.0,16.67832167832168,31.970149253731343,144.0,5.39622641509434,2.8151260504201683,0.625,0.0498177399756986,0.0999771480804387,1995-10-24,0.06,amc,,2025-04-25,1995-09-30,0.0,3.654513888888889,98501.58730158732
1995-06-30,ORLY,USD,898173,1995-06-30,1995-06-29 20:00:00,1995,Q2,50600000.0,30100000.0,20500000.0,0.4051383399,0,0.0,0.0,15100000.0,0.0,15100000.0,45200000.0,0.0,0.0,0.0,5400000.0,0.1067193676,5400000.0,0.1067193676,0.0,5400000.0,0.1067193676,2000000.0,3400000.0,0.0671936759,0.0063,0.0063,69872000,69872000,,,0.7241813602015114,0.048660407602473,-0.0772841767803984,-0.1917792534920998,0.0100183192122738,1.1134646210212962,1.1134646210212962,1.1134646210212962,0.1989351957865811,245643750.0,258843750.0,18.06204044117647,4.854619565217392,-45.489583333333336,-18.33162313432836,3.157374678663239,3.157374678663239,5.115489130434782,47.93402777777778,-47.93402777777778,-19.31669776119403,0.0138411826069256,-0.0545505432155306,0.1786632390745501,0.1244404655326768,2.4444444444444446,2.163076923076923,0.0,-1.542857142857143,0.0,0.0,0.0,0.0,0.0,-1.4814814814814814,0.1581027667984189,0.0,0.0,1.1041227069357662,0.0367170626349892,0.0304386750223813,0.0311283489809938,37800000.0,77800000.0,36400000.0,76200000.0,10250000.0,13100000.0,49800000.0,20.09881422924901,42.159468438538205,160.86378737541528,4.477876106194691,2.1347517730496453,0.5594795539033457,0.0437017994858611,0.1144950767117014,1995-07-25,0.05,amc,,2025-04-25,1995-06-30,0.0,3.3342013968253967,115187.30158730158
1995-03-31,ORLY,USD,898173,1995-03-31,1995-03-30 19:00:00,1995,Q1,42800000.0,25200000.0,17600000.0,0.4112149533,0,0.0,0.0,13000000.0,0.0,13000000.0,38200000.0,0.0,0.0,0.0,4600000.0,0.1051401869,4600000.0,0.1074766355,0.0,4600000.0,0.1074766355,1700000.0,2900000.0,0.0677570093,0.0056,0.0056,69776000,69776000,,,0.6133914239853244,0.0415615684476037,0.0143315753267599,-0.0544599862416876,0.0286631506535198,1.06196973171291,1.06196973171291,1.06196973171291,0.0257968355881678,225681750.0,225481750.0,19.45532327586207,5.272938084112149,225.68175,-59.38993421052631,3.045637651821862,3.045637651821862,5.268265186915888,50.107055555555554,225.48175,-59.33730263157895,0.0128499535296939,-0.0168378701423575,0.0242914979757085,0.0190677966101694,-0.0444444444444444,3.1693121693121693,0.0,0.3448275862068966,0.0,0.0,0.0,0.0,0.0,4.8,0.1121495327102803,0.0,0.0,0.996536689295514,0.0377604166666666,0.0307203389830508,0.164813116257739,41000000.0,74100000.0,39600000.0,72500000.0,9450000.0,11200000.0,44150000.0,19.345794392523363,43.21428571428572,163.57142857142858,4.652173913043479,2.0826446280991737,0.5502183406113537,0.039136302294197,0.0687915615684476,1995-04-25,0.03942,amc,,2025-04-25,1995-03-31,0.0147133434804668,3.1615823492063493,229460.31746031743
1994-12-31,ORLY,USD,898173,1994-12-31,1994-12-30 19:00:00,1994,Q4,42400000.0,21000000.0,21400000.0,0.5047169811,0,0.0,0.0,14300000.0,3200000.0,17500000.0,38500000.0,0.0,0.0,0.0,3900000.0,0.0872641509,3900000.0,0.0919811321,100000.0,4000000.0,0.0943396226,1500000.0,2500000.0,0.0589622642,0.0361,0.0361,69344000,69344000,,,0.6114443931702815,0.0360521458237194,0.0821988924780803,0.0216312874942316,0.0490309183202584,1.0123442547300416,1.0123442547300416,1.0123442547300416,0.0115366866635902,214533000.0,211933000.0,21.4533,5.059740566037736,37.63736842105264,143.022,3.056025641025641,3.056025641025641,4.998419811320755,57.27918918918919,37.18122807017544,141.28866666666667,0.0116532188521113,0.0069919313112667,0.0113960113960113,0.0091638029782359,-0.7027027027027027,3.620253164556962,0.0,2.28,0.0,0.0,0.0,0.0,0.0,0.7368421052631579,0.0990566037735849,0.0,0.0,0.906193473075684,0.0339484679665738,0.0286368843069874,0.2137892247346562,41400000.0,70200000.0,40100000.0,68900000.0,11900000.0,11350000.0,42650000.0,20.589622641509436,44.14285714285714,182.1428571428571,4.371134020618556,2.0388349514563107,0.4941176470588235,0.0356125356125356,0.0605676049838486,1995-02-21,0.02886,amc,,2025-04-25,1994-12-31,0.386001386001386,3.146577380952381,61765.07936507936
1994-09-30,ORLY,USD,898173,1994-09-30,1994-09-29 20:00:00,1994,Q3,44700000.0,26100000.0,18600000.0,0.4161073826,0,0.0,0.0,13500000.0,0.0,13500000.0,39600000.0,0.0,0.0,0.0,5100000.0,0.1118568233,5100000.0,0.1140939597,0.0,5100000.0,0.1140939597,1900000.0,3200000.0,0.0715883669,0.0063,0.0063,69344000,69344000,,,0.6446123673281033,0.0461467466543608,0.0288417166589755,-0.0230733733271804,0.0129787724965389,0.9734079372404244,0.9734079372404244,0.9734079372404244,0.0144208583294877,216700000.0,216800000.0,16.9296875,4.847874720357942,108.35,-135.4375,3.2103703703703705,3.2103703703703705,4.850111856823267,43.36,108.4,-135.5,0.0147669589293954,-0.0073834794646977,0.0148148148148148,0.0117233294255568,0.02,3.5542168674698797,0.0,0.625,0.0,0.0,0.0,0.0,0.0,1.8,0.0805369127516778,0.0,0.0,1.0053313946662077,0.0463096960926193,0.0375146541617819,0.2173944393170281,42400000.0,67500000.0,41200000.0,66600000.0,14250000.0,11950000.0,41600000.0,28.389261744966444,42.75862068965517,147.58620689655172,3.1702127659574466,2.1048387096774195,0.6098130841121495,0.0474074074074074,0.0519150899861559,1994-10-25,0.05,amc,,2025-04-25,1994-09-30,0.0,3.243652359375,62425.0
1994-06-30,ORLY,USD,898173,1994-06-30,1994-06-29 20:00:00,1994,Q2,43300000.0,25700000.0,17600000.0,0.4064665127,0,0.0,0.0,13100000.0,0.0,13100000.0,38800000.0,0.0,0.0,0.0,4500000.0,0.1016166282,4500000.0,0.103926097,100000.0,4600000.0,0.1062355658,1700000.0,2900000.0,0.0669745958,0.0056,0.0056,69264000,69264000,,,0.6251443751443752,0.0418687918687918,0.0,-0.0462000462000462,0.0288750288750288,0.9254446754446756,0.9254446754446756,0.9254446754446756,0.0144375144375144,225108000.0,224108000.0,19.40586206896552,5.198799076212471,0.0,-70.34625,3.5118252730109205,3.5118252730109205,5.175704387990762,50.93363636363637,0.0,-70.03375,0.0128827051903974,-0.0142153988307834,0.0156006240249609,0.0123609394313967,-0.2272727272727272,3.717948717948718,0.0,0.0,0.0,0.0,0.0,0.0,0.0,0.0,0.0739030023094688,0.0,0.0,0.9337093425157436,0.0431804645622394,0.0358467243510506,0.2338877338877339,42400000.0,64100000.0,41200000.0,63800000.0,14650000.0,12300000.0,39650000.0,29.930715935334877,40.27237354085603,141.4785992217899,3.0069444444444446,2.234782608695652,0.6361386138613861,0.0452418096723869,0.0462000462000462,1994-07-27,0.04,amc,,2025-04-25,1994-06-30,0.0,3.296118951612903,126929.03225806452
1994-03-31,ORLY,USD,898173,1994-03-31,1994-03-30 19:00:00,1994,Q1,36700000.0,21800000.0,14900000.0,0.4059945504,0,0.0,0.0,11100000.0,0.0,11100000.0,32900000.0,0.0,0.0,0.0,3800000.0,0.1008174387,3800000.0,0.1035422343,100000.0,3900000.0,0.10626703,1500000.0,2400000.0,0.0653950954,0.0044,0.0044,69160000,69160000,,,0.5306535569693465,0.0347021399652978,0.0101214574898785,-0.0289184499710815,0.0534991324465008,0.8791208791208791,0.8791208791208791,0.8791208791208791,0.0159051474840948,242060000.0,239460000.0,25.21458333333333,6.595640326975476,345.8,-121.03,3.98125,3.98125,6.524795640326976,64.71891891891892,342.0857142857143,-119.73,0.0099148971329422,-0.0082624142774518,0.0180921052631578,0.0139416983523447,-0.7027027027027027,3.494047619047619,0.0,0.2916666666666667,0.0,0.0,0.0,0.0,0.0,3.857142857142857,0.0735694822888283,0.0,0.0,0.8285022361813758,0.0374153846153846,0.0304182509505703,0.234600925390399,41900000.0,60800000.0,40600000.0,60800000.0,15150000.0,11800000.0,36850000.0,36.53950953678474,54.08256880733945,160.59633027522935,2.4630872483221475,1.6641221374045805,0.5604113110539846,0.0394736842105263,0.03903990746096,1994-04-26,0.04143,amc,,2025-04-25,1994-03-31,-0.0345160511706493,3.849454365079365,163492.0634920635
1993-12-31,ORLY,USD,898173,1993-12-31,1993-12-30 19:00:00,1993,Q4,35500000.0,18800000.0,16700000.0,0.4704225352,0,0.0,0.0,12300000.0,2800000.0,15100000.0,33900000.0,0.0,0.0,0.0,1600000.0,0.0394366197,1600000.0,0.0450704225,0.0,1600000.0,0.0450704225,500000.0,1100000.0,0.0309859155,0.016,0.016,68960000,68960000,,,0.5147911832946636,0.0159512761020881,-0.044953596287703,-0.0870069605568445,0.0464037122969837,0.8381670533642691,0.8381670533642691,0.8381670533642691,0.0174013921113689,249980000.0,247980000.0,56.81363636363636,7.041690140845071,-80.63870967741934,-41.66333333333333,4.324913494809689,4.324913494809689,6.985352112676057,177.12857142857143,-79.99354838709678,-41.33,0.0044003520281622,-0.0240019201536122,0.0207612456747404,0.0164158686730506,-1.4285714285714286,3.942857142857143,0.0,-2.8181818181818183,0.0,0.0,0.0,0.0,0.0,-0.935483870967742,0.0816901408450704,0.0,0.0,0.5484717558611931,0.0184563758389261,0.015047879616963,0.2443445475638051,41200000.0,57800000.0,39900000.0,58200000.0,11500000.0,10200000.0,31750000.0,39.04225352112676,50.265957446808514,166.59574468085108,2.305194805194805,1.7904761904761906,0.5402298850574713,0.0190311418685121,0.0420533642691415,1994-02-23,0.02923,amc,,2025-04-25,1993-12-31,-0.3157714676702018,3.5869140625,97925.0
1993-09-30,ORLY,USD,898173,1993-09-30,1993-09-29 20:00:00,1993,Q3,37800000.0,22500000.0,15300000.0,0.4047619048,0,0.0,0.0,11100000.0,0.0,11100000.0,33600000.0,0.0,0.0,0.0,4200000.0,0.1084656085,4200000.0,0.1111111111,0.0,4200000.0,0.1111111111,1600000.0,2600000.0,0.0687830688,0.005,0.005,68960000,68960000,,,0.5481438515081206,0.0377030162412993,0.0232018561484918,-0.0101508120649651,0.0565545243619489,0.8265661252900232,0.8265661252900232,0.8265661252900232,0.0203016241299303,200415000.0,197915000.0,19.270673076923075,5.301984126984127,125.259375,-286.3071428571429,3.5160526315789475,3.5160526315789475,5.235846560846561,48.2719512195122,123.696875,-282.73571428571427,0.0129730808572212,-0.0034927525384826,0.0245614035087719,0.0195804195804195,-0.6097560975609756,4.244274809160306,0.0,0.6153846153846154,0.0,0.0,0.0,0.0,0.0,1.4375,0.0608465608465608,0.0,0.0,0.8373713698486147,0.0441426146010186,0.0363636363636363,0.1370359628770301,42500000.0,57000000.0,41100000.0,57500000.0,12000000.0,9600000.0,27750000.0,18.09523809523809,39.6,114.8,4.973684210526316,2.272727272727273,0.7839721254355401,0.0456140350877193,0.033352668213457,1993-10-26,0.03226,amc,,2025-04-25,1993-09-30,0.2399256044637323,2.940185546875,145675.0
1993-06-30,ORLY,USD,898173,1993-06-30,1993-06-29 20:00:00,1993,Q2,35400000.0,21800000.0,13600000.0,0.384180791,0,0.0,0.0,10100000.0,0.0,10100000.0,31900000.0,0.0,0.0,0.0,3500000.0,0.0988700565,3500000.0,0.0988700565,100000.0,3600000.0,0.1016949153,1200000.0,2400000.0,0.0677966102,0.0056,0.0056,68936000,68936000,,,0.5135197864686085,0.0348149007775327,-0.0058024834629221,-0.0420680051061854,0.1465127074387838,0.7876871300916792,0.7876871300916792,0.7876871300916792,0.0217593129859579,206808000.0,198208000.0,21.5425,5.842033898305084,-517.02,-71.31310344827587,3.808618784530387,3.808618784530387,5.59909604519774,56.630857142857145,-495.52,-68.34758620689655,0.0116049669258442,-0.0140226683687284,0.0276243093922651,0.0219619326500732,-2.4571428571428573,4.2936507936507935,0.0,-0.16,0.0,0.0,0.0,0.0,0.0,-6.25,0.0706214689265536,0.0,0.0,0.7855081850320408,0.0415183867141162,0.0351390922401171,0.3162353487292561,41500000.0,54300000.0,40100000.0,54900000.0,11450000.0,10100000.0,26500000.0,41.69491525423729,38.39449541284404,110.6422018348624,2.158536585365854,2.3440860215053765,0.8134328358208955,0.0441988950276243,0.0362655216432633,1993-06-29,,amc,,2025-04-25,1993-06-30,,2.6608072916666665,831800.0
1993-03-31,ORLY,USD,898173,1993-03-31,1993-03-30 19:00:00,1993,Q1,28500000.0,16300000.0,12200000.0,0.4280701754,0,0.0,0.0,9000000.0,0.0,9000000.0,25300000.0,0.0,0.0,0.0,3200000.0,0.1122807018,3200000.0,0.1122807018,100000.0,3300000.0,0.1157894737,1300000.0,2000000.0,0.0701754386,0.005,0.005,68936000,68936000,,,0.4134269467332018,0.0290124173146106,0.0014506208657305,-0.0101543460601137,0.0,0.4569455727051177,0.4569455727051177,0.4569455727051177,0.2408030637112684,165877250.0,182477250.0,20.73465625,5.820254385964912,1658.7724999999998,-236.9675,5.265944444444445,5.265944444444445,6.402710526315789,57.024140625,1824.7725,-260.6817857142857,0.0120571084943836,-0.0042199879730342,0.526984126984127,0.2634920634920635,5.1875,1.9076086956521736,0.0,0.05,0.0,0.0,0.0,0.0,0.0,8.0,0.0280701754385964,0.0,0.0,0.546154421405846,0.0398232841764669,0.0317460317460317,-0.1961964720900545,16700000.0,31500000.0,3600000.0,37400000.0,,,,20.52631578947368,60.184049079754594,144.66257668711654,4.384615384615385,1.4954128440366972,0.6221374045801527,0.0634920634920634,0.0116049669258442,1993-07-30,0.03448,amc,,2025-04-25,1993-03-31,0.1600928074245941,,
