date,symbol,reportedCurrency,cik,fillingDate,acceptedDate,calendarYear,period,revenue,costOfRevenue,grossProfit,grossProfitRatio,researchAndDevelopmentExpenses,generalAndAdministrativeExpenses,sellingAndMarketingExpenses,sellingGeneralAndAdministrativeExpenses,otherExpenses,operatingExpenses,costAndExpenses,interestIncome,interestExpense,depreciationAndAmortization,ebitda,ebitdaratio,operatingIncome,operatingIncomeRatio,totalOtherIncomeExpensesNet,incomeBeforeTax,incomeBeforeTaxRatio,incomeTaxExpense,netIncome,netIncomeRatio,eps,epsdiluted,weightedAverageShsOut,weightedAverageShsOutDil,link,finalLink,revenuePerShare,netIncomePerShare,operatingCashFlowPerShare,freeCashFlowPerShare,cashPerShare,bookValuePerShare,tangibleBookValuePerShare,shareholdersEquityPerShare,interestDebtPerShare,marketCap,enterpriseValue,peRatio,priceToSalesRatio,pocfratio,pfcfRatio,pbRatio,ptbRatio,evToSales,enterpriseValueOverEBITDA,evToOperatingCashFlow,evToFreeCashFlow,earningsYield,freeCashFlowYield,debtToEquity,debtToAssets,netDebtToEBITDA,currentRatio,interestCoverage,incomeQuality,dividendYield,payoutRatio,salesGeneralAndAdministrativeToRevenue,researchAndDdevelopementToRevenue,intangiblesToTotalAssets,capexToOperatingCashFlow,capexToRevenue,capexToDepreciation,stockBasedCompensationToRevenue,grahamNumber,roic,returnOnTangibleAssets,grahamNetNet,workingCapital,tangibleAssetValue,netCurrentAssetValue,investedCapital,averageReceivables,averagePayables,averageInventory,daysSalesOutstanding,daysPayablesOutstanding,daysOfInventoryOnHand,receivablesTurnover,payablesTurnover,inventoryTurnover,roe,capexPerShare,report_date,epsEstimated,time,revenueEstimated,updatedFromDate,fiscalDateEnding,surprise(%),QuarterAvgPrice,QuarterAvgVolume
2025-01-31,PANW,USD,1327567,2025-02-14,2025-02-14 16:07:43,2025,Q2,2257400000.0,599200000.0,1658200000.0,0.7345618854,505700000,153800000.0,758300000.0,912100000.0,0.0,1417800000.0,2017000000.0,86900000.0,600000.0,87600000.0,413000000.0,0.1829538407,240400000.0,0.1064941969,84400000.0,324800000.0,0.1438823425,57500000.0,267300000.0,0.1184105608,0.4054300015167602,0.3770098730606488,659300000,709000000,https://www.sec.gov/Archives/edgar/data/1327567/000132756725000010/0001327567-25-000010-index.htm,https://www.sec.gov/Archives/edgar/data/1327567/000132756725000010/panw-20250131.htm,3.42393447595935,0.4054300015167602,0.8446837554982557,0.7726376459881693,4.903534051266495,9.669801304413772,2.355680266949795,9.669801304413772,1.3611406036705598,121588105999.99998,120258605999.99998,113.7187673026562,53.8620120492602,218.33023163943253,238.68886140557515,19.071746584474457,19.071746584474457,53.27306015770355,290.9717057827244,215.942908960316,236.0789281507656,0.002198405821043,0.0041895545276443,0.1406678901385032,0.0428032092861199,-3.216791676748125,0.8394639972458356,400.6666666666667,2.083426861204639,0.0,0.0,0.0681314786923008,0.2240187826703287,0.2301579346783316,0.0,0.0,0.0,0.1419774962346061,9.391997659928,0.0147648421555322,0.0165721194085371,-14.645381465190354,-1212400000.0,1553100000.0,-8236600000.0,4340900000.0,2094200000.0,180450000.0,0.0,89.72091787011605,22.42489986648865,0.0,1.0031105581230004,4.013395847287341,0.0,0.0419274387087666,0.0,2025-02-13,0.779,amc,2241481684.0,2025-04-30,2025-01-31,0.0397946084724005,174.11928571428572,5411815.678571428
2024-10-31,PANW,USD,1327567,2024-11-21,2024-11-20 18:41:24,2025,Q1,2138800000.0,554100000.0,1584700000.0,0.7409294932,480400000,97700000.0,720100000.0,817800000.0,0.0,1298200000.0,1852300000.0,85700000.0,700000.0,83900000.0,453200000.0,0.2118945203,286500000.0,0.1339536189,82100000.0,368600000.0,0.1723396297,17900000.0,350700000.0,0.1639704507,0.535,0.495,653600000,709000000,https://www.sec.gov/Archives/edgar/data/1327567/000132756724000040/0001327567-24-000040-index.htm,https://www.sec.gov/Archives/edgar/data/1327567/000132756724000040/panw-20241031.htm,3.272337821297429,0.5365667074663403,2.309669522643819,2.309669522643819,5.188188494492044,9.04498164014688,1.6086291309669525,9.04498164014688,1.5699204406364748,117759111999.99998,116501711999.99998,83.94575990875391,55.05849635309519,78.00683094859565,78.00683094859565,19.91933285970432,19.91933285970432,54.47059659622217,257.0646778464254,77.17389507154212,77.17389507154212,0.0029781134898503,0.0128193901462164,0.1734497107479955,0.0503273683900542,-2.7744924977934686,0.8433004174152674,409.2857142857143,4.30453378956373,0.0,0.0,0.045679820460071,0.2246119319244436,0.2385519224917299,0.0,0.0,0.0,0.137600523658126,10.449775614782835,0.0210136487811332,0.0226050972657307,-14.715881272949815,-1160000000.0,1051400000.0,-8220100000.0,4450400000.0,2641250000.0,163950000.0,0.0,81.5504020946325,34.36924742826204,0.0,1.1036119711042311,2.618620037807184,0.0,0.059322033898305,0.0,2024-11-20,1.48,amc,2120918152.0,2025-04-12,2024-10-31,-0.4729729729729729,184.91433333333333,5651809.1
2024-07-31,PANW,USD,1327567,2024-09-06,2024-09-06 16:14:01,2024,Q4,2189500000.0,573700000.0,1615800000.0,0.737976707,494800000,140300000.0,742300000.0,882600000.0,0.0,1377400000.0,1951100000.0,83100000.0,300000.0,76100000.0,395400000.0,0.1805891756,238400000.0,0.1088833067,80600000.0,319000000.0,0.1456953642,-38700000.0,357700000.0,0.1633706326,0.505,0.505,707800000,707800000,https://www.sec.gov/Archives/edgar/data/1327567/000132756724000029/0001327567-24-000029-index.htm,https://www.sec.gov/Archives/edgar/data/1327567/000132756724000029/panw-20240731.htm,3.093387962701328,0.5053687482339644,0.7243571630404069,0.6573890929641142,3.6434020895733257,7.303899406612038,2.0411133088443063,7.303899406612038,1.992935857586889,114925486000.0,114800586000.0,80.32253704221415,52.48937474309203,224.1573746830505,246.99223296797769,22.230590943381628,22.230590943381628,52.43232975565198,290.3403793626707,223.91376243417204,246.72380399742104,0.0031124514887846,0.0040487103095652,0.2728011296593612,0.0705470989300131,-0.315882650480526,0.8915745766462312,794.6666666666666,1.4333240145373218,0.0,0.0,0.064078556748116,0.2259876684174469,0.1863347823259583,0.0924517261556465,0.0216487782598766,0.6228646517739816,0.1228134277232244,9.113240711063886,0.0200421263216181,0.0219907905495545,-13.752507771969483,-833000000.0,1444700000.0,-7971500000.0,3639000000.0,2816100000.0,112600000.0,0.0,137.4765928294131,18.244727209342862,0.0,0.6546568993870534,4.932932072226999,0.0,0.0691916358782908,0.0669680700762927,2024-08-19,1.41,amc,2162383186.0,2025-04-12,2024-07-31,-0.4609929078014184,188.9125,4886940.234375
2024-04-30,PANW,USD,1327567,2024-05-21,2024-05-20 19:53:04,2024,Q3,1984800000.0,513600000.0,1471200000.0,0.7412333736,457200000,114900000.0,718700000.0,833600000.0,0.0,1296000000.0,1809600000.0,76000000.0,0.0,74300000.0,254700000.0,0.1283252721,180400000.0,0.0908907699,74500000.0,251200000.0,0.1265618702,-27600000.0,278800000.0,0.1404675534,0.43,0.395,645800000,709200000,https://www.sec.gov/Archives/edgar/data/1327567/000132756724000017/0001327567-24-000017-index.htm,https://www.sec.gov/Archives/edgar/data/1327567/000132756724000017/panw-20240430.htm,3.073397336636729,0.4317126045215237,0.8189842056364199,0.7610715391762155,4.488386497367606,6.918240941467947,1.0645710746361103,6.918240941467947,2.3727160111489627,93931610000.0,94082010000.0,84.2284881635581,47.32547863764611,177.59805256192095,191.11212614445577,21.024130444514075,21.024130444514075,47.40125453446191,369.3836277974088,177.88241633579128,191.41812817904372,0.0029681169097389,0.0052325303484098,0.3429652177805631,0.0854563098132821,0.5904986258343149,0.7878556910569106,0.0,1.897058823529412,0.0,0.0,0.0578899637243047,0.2303506650544135,0.2108271800477391,0.0707128001512573,0.0188432083837162,0.5033647375504711,0.1327589681580008,8.19759512600145,0.0166732746894516,0.0197024840111656,-13.701803964075566,-1503000000.0,687500000.0,-7881200000.0,2997300000.0,2314750000.0,143850000.0,0.5,103.73488512696494,19.082943925233643,0.0,0.8675962757354548,4.7162534435261705,0.0,0.0624020770849187,0.0579126664602044,2024-05-20,1.27,amc,1973738751.0,2025-04-12,2024-04-30,-0.4803149606299212,168.31765625,5676567.53125
2024-01-31,PANW,USD,1327567,2024-02-21,2024-02-20 19:35:29,2024,Q2,1975100000.0,499100000.0,1476000000.0,0.747303934,447900000,124700000.0,673000000.0,797700000.0,0.0,1423000000.0,1922100000.0,82500000.0,0.0,68600000.0,299000000.0,0.15138474,230400000.0,0.1166523214,81900000.0,135500000.0,0.0686041213,-1611400000.0,1746900000.0,0.8844615463,2.735,2.445,639200000,715000000,https://www.sec.gov/Archives/edgar/data/1327567/000132756724000005/0001327567-24-000005-index.htm,https://www.sec.gov/Archives/edgar/data/1327567/000132756724000005/panw-20240131.htm,3.089956195244055,2.732947434292866,1.0794743429286608,1.0244055068836044,5.27377972465582,6.816645807259074,0.8516896120150188,6.816645807259074,3.417553191489361,108190992000.0,108592992000.0,15.483283530826036,54.77747557085717,156.79853913043476,165.22753817959682,24.830393830900576,24.830393830900576,54.98100956913574,363.1872642140468,157.38114782608696,165.84146609651802,0.0161464459074374,0.006052259877606,0.5013540806022216,0.1194237918215613,1.3444816053511706,0.7879338097997554,0.0,0.394985402713378,0.0,0.0,0.0631360437446205,0.2267733279327629,0.2084408484583424,0.0510144927536231,0.0178218824363323,0.5131195335276968,0.1377145460989317,20.473508005767304,0.2405492750051525,0.1206489308801591,-13.778864204474344,-1646800000.0,544400000.0,-7816100000.0,2874100000.0,2100350000.0,155300000.0,164350000.5,106.70953369449649,32.24203566419555,1.8032458425165298e-07,0.8434110513280383,2.7913870246085013,499100000.0,0.4009226108510052,0.0550688360450563,2024-02-20,1.3,amc,1970974896.0,2025-04-12,2024-01-31,-0.4384615384615385,149.5726984126984,7414768.031746032
2023-10-31,PANW,USD,1327567,2023-11-17,2023-11-17 16:26:55,2024,Q1,1878100000.0,472800000.0,1405300000.0,0.7482562164,409500000,120100000.0,660500000.0,780600000.0,0.0,1191000000.0,1663800000.0,68300000.0,0.0,64300000.0,279500000.0,0.1488206166,215200000.0,0.114583888,67400000.0,282600000.0,0.1504712209,88400000.0,194200000.0,0.1034023747,0.315,0.28,620200000,699600000,https://www.sec.gov/Archives/edgar/data/1327567/000132756723000032/0001327567-23-000032-index.htm,https://www.sec.gov/Archives/edgar/data/1327567/000132756723000032/panw-20231031.htm,3.028216704288939,0.3131247984521122,2.460496613995485,2.4011609158336022,6.27829732344405,3.499677523379555,-1.6878426314092227,3.499677523379555,3.5835214446952595,75360502000.0,75091602000.0,97.01403450051494,40.12592620201267,49.384339449541294,50.60468842331453,34.720341856715045,34.720341856715045,39.98274958734892,268.6640500894454,49.20812712975098,50.424121676067685,0.0025769467406148,0.0197610148616048,1.0239576134531214,0.1500827227605767,-0.9620751341681574,0.8621396438363458,0.0,7.857878475798146,0.0,0.0,0.0639476066237154,0.2180395080134178,0.2172603572272681,0.0241153342070773,0.0195942708056014,0.5723172628304821,0.1442947659869016,4.965511648460935,0.0160015763941047,0.016754089309131,-11.586060948081265,-1035800000.0,-1046800000.0,-6160400000.0,2808400000.0,2355450000.0,132050000.0,333950000.0,89.07992119695437,25.088832487309645,62.569796954314725,1.0103286890096292,3.5872534142640364,1.438393672041375,0.0894724717806956,0.0593356981618832,2023-11-15,0.58,amc,1842470000.0,2025-04-12,2023-10-31,0.1896551724137931,157.74508196721314,12042421.180327868
2023-07-31,PANW,USD,1327567,2023-09-01,2023-09-01 16:15:43,2023,Q4,1953300000.0,506800000.0,1446500000.0,0.7405416475,414400000,114600000.0,664000000.0,778600000.0,68700000.0,1193000000.0,1699800000.0,72500000.0,5700000.0,82500000.0,304175000.0,0.1557236472,253500000.0,0.1297803717,63000000.0,316500000.0,0.1620334818,88800000.0,227700000.0,0.1165719552,0.37,0.32,613800000,709000000,https://www.sec.gov/Archives/edgar/data/1327567/000132756723000024/0001327567-23-000024-index.htm,https://www.sec.gov/Archives/edgar/data/1327567/000132756723000024/panw-20230731.htm,3.1823069403714563,0.3709677419354839,0.6746497230368198,0.6140436624307593,3.893776474421636,2.8484848484848486,-2.4336917562724016,2.8484848484848486,3.708699902248289,76712724000.0,77848124000.0,84.22565217391305,39.27339579173706,185.2516879980681,203.53601485805257,43.87595744680851,43.87595744680851,39.85466850970153,255.9320259718912,187.9935377928037,206.54848500928628,0.0029682168501798,0.0049131354011102,1.2987302676733012,0.156588120901173,3.7327196515163967,0.7816478190630048,44.47368421052632,1.818620992534036,0.0,0.0,0.0586699431730916,0.2121537910203245,0.2235830385281116,0.0898333735812605,0.0190446935954538,0.5367965367965368,0.1301387395689346,4.87602910410171,0.0208308105428705,0.0202240005684391,-13.121700879765395,-1689500000.0,-1493800000.0,-6704700000.0,2170500000.0,2147800000.0,111950000.0,328250000.0,131.40838580863155,23.494475138121548,60.23677979479085,0.6848877980364656,3.8306878306878303,1.4941037735849056,0.1302333562113933,0.0606060606060606,2023-08-18,0.64,amc,1956480000.0,2025-04-12,2023-07-31,0.1249999999999999,133.70460317460316,8129478.666666667
2023-04-30,PANW,USD,1327567,2023-05-24,2023-05-23 19:05:16,2023,Q3,1720900000.0,474800000.0,1246100000.0,0.7240978558,413700000,114200000.0,639500000.0,753700000.0,60100000.0,1167400000.0,1642200000.0,65900000.0,7800000.0,84400000.0,223200000.0,0.1296995758,183300000.0,0.1065140334,52300000.0,131000000.0,0.0761229589,23200000.0,107800000.0,0.062641641,0.175,0.155,607800000,689400000,https://www.sec.gov/Archives/edgar/data/1327567/000132756723000014/0001327567-23-000014-index.htm,https://www.sec.gov/Archives/edgar/data/1327567/000132756723000014/panw-20230430.htm,2.8313589996709445,0.1773609740046068,0.7109246462652188,0.6595919710431063,6.512339585389931,2.027640671273445,-3.3481408358012503,2.027640671273445,6.506087528792366,55704870000.0,57658570000.0,129.18569109461967,32.3696147364751,128.9166165239528,138.94953853828886,45.2003164556962,45.2003164556962,33.504892788657095,258.3269265232975,133.43802360564683,143.82282364679472,0.0019351988434763,0.0071968572945238,3.202369360597209,0.2785081683779683,8.753136200716845,0.7422117298523353,23.5,4.00834879406308,0.0,0.0,0.0663606252542274,0.240397466441978,0.2305776084118415,0.0722055079842629,0.018130048230577,0.4315352697095436,0.1574757394386658,2.844564518294372,0.0163751123524832,0.0098870963304014,-12.7320664692333,-2227600000.0,-2035000000.0,-6524500000.0,1629800000.0,1360850000.0,109950000.0,315350000.0,75.4977046894067,17.363100252737993,60.14532434709351,1.192089221390967,5.183406113537118,1.4963756697132051,0.0874716001298279,0.0513326752221125,2023-05-23,0.46,amc,1714830000.0,2025-04-12,2023-04-30,0.1956521739130435,118.33666666666667,8595554.38095238
2023-01-31,PANW,USD,1327567,2023-02-22,2023-02-21 18:50:31,2023,Q2,1655100000.0,466200000.0,1188900000.0,0.7183251767,404100000,119400000.0,625500000.0,744900000.0,51400000.0,1149000000.0,1615200000.0,56600000.0,6900000.0,82400000.0,173700000.0,0.1049483415,21400000.0,0.0129297323,44500000.0,84400000.0,0.0509938976,200000.0,84200000.0,0.050873059,0.14,0.125,604600000,663200000,https://www.sec.gov/Archives/edgar/data/1327567/000132756723000006/0001327567-23-000006-index.htm,https://www.sec.gov/Archives/edgar/data/1327567/000132756723000006/panw-20230131.htm,2.737512404895799,0.1392656301687065,1.1488587495865037,1.0855110817069136,5.535726099900761,1.2057558716506782,-4.209394641085015,1.2057558716506782,6.552100562355276,47956871999.99999,50565071999.99999,142.3897624703088,28.975211165488485,69.04243017564065,73.07157092792929,65.78446090534979,65.78446090534979,30.55106760920789,291.1057685664939,72.79739706305786,77.04566813957031,0.0017557442028329,0.0136852128303947,5.424554183813443,0.3004163058176459,15.015544041450775,0.6378449811801631,3.101449275362319,8.249406175771972,0.0,0.0,0.0721406561537067,0.2441544317563893,0.2487199355789537,0.055139648718687,0.0231405957343967,0.547925608011445,0.1711679052625219,1.943761277559212,0.0025511183590476,0.0085141666835197,-13.18594938802514,-3069300000.0,-2545000000.0,-7028600000.0,800500000.0,1258100000.0,127100000.0,347250000.0,69.49972811310495,24.768339768339768,60.5019305019305,1.2949690947500196,3.6336710833982857,1.4875558391831525,0.1155006858710562,0.0633476678795898,2023-02-21,0.39,amc,1647686891.0,2025-04-12,2023-01-31,0.358974358974359,104.05532258064515,10877424.451612905
2022-10-31,PANW,USD,1327567,2022-11-18,2022-11-17 18:50:35,2023,Q1,1563400000.0,461900000.0,1101500000.0,0.7045541768,371800000,99500000.0,615000000.0,714500000.0,0.0,1086300000.0,1548200000.0,29400000.0,5000000.0,70700000.0,85900000.0,0.0549443521,15200000.0,0.0097223999,19200000.0,34400000.0,0.0220033261,14400000.0,20000000.0,0.0127926314,0.035,0.03,599600000,676800000,https://www.sec.gov/Archives/edgar/data/1327567/000132756722000038/0001327567-22-000038-index.htm,https://www.sec.gov/Archives/edgar/data/1327567/000132756722000038/panw-20221031.htm,2.607404936624416,0.0333555703802535,2.0625416944629755,1.9964976651100736,6.343729152768512,0.8472314876584389,-4.328218812541694,0.8472314876584389,6.14342895263509,51445680000.0,53057080000.0,643.0709999999999,32.906281182039145,41.59915905231664,42.97525687077103,101.27102362204724,101.27102362204724,33.93698349750544,617.6610011641444,42.90214279938546,44.321343246178266,0.0003887595615414,0.0232692035560614,7.241338582677165,0.2932604155040737,18.759022118742724,0.6996253859013313,3.04,61.835,0.0,0.0,0.0636433414353332,0.2378150185493155,0.2473891484239225,0.0320207002506671,0.0253294102596904,0.5601131541725601,0.1701419982090316,0.7974004728406884,0.0011008806465761,0.0021185094167743,-11.862866911274184,-2461600000.0,-2595200000.0,-6302300000.0,1255700000.0,1690300000.0,126950000.0,190550000.5,71.27350646027888,24.53128382766833,74.25633253951072,1.2627412971488572,3.66878474980143,1.2120178430858042,0.0393700787401574,0.0660440293529019,2022-11-17,0.34,amc,1550890926.0,2025-04-12,2022-10-31,0.2352941176470586,84.74209677419356,9067286.0
2022-07-31,PANW,USD,1327567,2022-09-06,2022-09-06 16:07:52,2022,Q4,1550500000.0,492300000.0,1058200000.0,0.6824895195,363800000,108400000.0,570600000.0,679000000.0,8800000.0,1042800000.0,1535100000.0,0.0,6900000.0,89400000.0,25500000.0,0.0164463076,-10800000.0,-0.006965495,1900000.0,17300000.0,0.0111576911,14000000.0,3300000.0,0.0021283457,0.0049,0.0049,672600000,672600000,https://www.sec.gov/Archives/edgar/data/1327567/000132756722000028/0001327567-22-000028-index.htm,https://www.sec.gov/Archives/edgar/data/1327567/000132756722000028/panw-20220731.htm,2.3052334225394,0.0049063336306868,0.7786202795123401,0.7203389830508474,5.403657448706512,0.3122212310437109,-4.344632768361582,0.3122212310437109,5.8873030032708895,56908686000.0,58743086000.0,4311.264090909091,36.70344147049339,108.66657628413212,117.45858823529412,270.9937428571429,270.9937428571429,37.88654369558207,2303.650431372549,112.169345044873,121.24475954592364,5.798763303021968e-05,0.0085136388494367,18.823333333333338,0.3225909120584971,71.93725490196078,0.7722933195285506,-1.565217391304348,158.6969696969697,0.0,0.0,0.0699129313124798,0.2346339890357949,0.2556146765032317,0.0748520145121252,0.0252821670428893,1.12,0.1545307965172525,0.1856525904394952,-0.0002702109897123,0.0003617865678514,-10.11332887228665,-1891400000.0,-2922200000.0,-5628700000.0,1840600000.0,1691550000.0,118000000.0,0.5,124.3631086746211,23.40036563071298,1.8281535648994522e-07,0.7236872812135355,3.84609375,492300000.0,0.0157142857142857,0.0582812964614927,2022-08-22,0.38,amc,1543506344.0,2025-04-12,2022-07-31,0.0526315789473684,80.29666666666667,8302640.73015873
2022-04-30,PANW,USD,1327567,2022-05-20,2022-05-19 19:23:21,2022,Q3,1386700000.0,440500000.0,946200000.0,0.6823393668,355400000,94800000.0,543600000.0,638400000.0,1900000.0,993800000.0,1434300000.0,2600000.0,6800000.0,83800000.0,25700000.0,0.0185332083,-47600000.0,-0.0343260979,-4900000.0,-52500000.0,-0.0378596668,20700000.0,-73200000.0,-0.0527871926,-0.125,-0.125,593399988,593400000,https://www.sec.gov/Archives/edgar/data/1327567/000132756722000016/0001327567-22-000016-index.htm,https://www.sec.gov/Archives/edgar/data/1327567/000132756722000016/panw-20220430.htm,2.336872308800923,-0.1233569286826476,0.6563869360914109,0.5918436250457086,6.529491200461568,0.5689248514106812,-4.728345225379411,0.5689248514106812,6.670374250159236,55512568877.4,57044068877.4,-189.5921068217213,40.03214024475373,142.52264153376123,158.06540113154898,164.4329646842417,164.4329646842417,41.13656081156703,2219.613574996109,146.45460559024392,162.42616422949885,-0.0013186202959128,0.0063264951902267,11.704383886255924,0.355981981981982,59.59143968871595,0.7421455739071536,-7.0,-5.3210382513661205,0.0,0.0,0.0683637412562198,0.2562919160597101,0.2831891891891891,0.0983311938382541,0.0276195283767217,0.4570405727923627,0.1783370592053075,,-0.0093495808973726,-0.0091999095090867,-10.039349714311085,-1979600000.0,-2805800000.0,-5064800000.0,1759300000.0,1096400000.0,114200000.0,0.0,80.51777601499964,22.065834279228152,0.0,1.1177655972916332,4.078703703703703,0.0,-0.216824644549763,0.0645433110457022,2022-05-19,0.28,amc,1358657230.0,2025-04-12,2022-04-30,0.0714285714285712,86.59609375,8225712.21875
2022-01-31,PANW,USD,1327567,2022-02-23,2022-02-22 19:41:07,2022,Q2,1316900000.0,405300000.0,911600000.0,0.6922317564,359000000,97700000.0,528800000.0,626500000.0,-100000.0,985500000.0,1390800000.0,100000.0,6800000.0,82100000.0,-6100000.0,-0.0046320905,-73900000.0,-0.0561166376,-6900000.0,-80800000.0,-0.0613562154,12700000.0,-93500000.0,-0.0710000759,-0.16,-0.16,584375000,589000000,https://www.sec.gov/Archives/edgar/data/1327567/000132756722000008/0001327567-22-000008-index.htm,https://www.sec.gov/Archives/edgar/data/1327567/000132756722000008/panw-20220131.htm,2.25351871657754,-0.16,0.8258395721925134,0.6877433155080214,5.716021390374332,0.2015828877005347,-5.231914438502674,0.2015828877005347,6.781775401069519,50390656250.0,52424256250.0,-134.734375,38.26460342470955,104.414952859511,125.38108049265986,427.764484295416,427.764484295416,39.80883609233807,-8594.140368852459,108.62879455035224,130.4410456581239,-0.0018555027252696,0.0079756849763193,33.5848896434635,0.3803951733089755,-333.37704918032784,0.657350399654353,-10.867647058823527,-5.161497326203208,0.0,0.0,0.0741893841597691,0.272609917229858,0.3052930147589058,0.1672192291753004,0.0612802794441491,0.9829476248477468,0.2013060976535803,,-0.0128247555934357,-0.0129406391430113,-10.657967914438505,-2537800000.0,-3057400000.0,-5414100000.0,1238900000.0,882150000.0,107850000.0,0.0,65.07555623054142,26.73575129533679,0.0,1.3830077714765805,3.366279069767442,0.0,-0.7937181663837012,0.138096256684492,2022-02-22,0.28,amc,1280071782.0,2025-04-12,2022-01-31,0.0357142857142855,88.67354838709677,9590726.516129032
2021-10-31,PANW,USD,1327567,2021-11-19,2021-11-18 19:55:48,2022,Q1,1247400000.0,380600000.0,866800000.0,0.6948853616,339500000,104100000.0,505900000.0,610000000.0,-1600000.0,949500000.0,1330100000.0,0.0,5500000.0,81700000.0,-17100000.0,-0.0137085137,-82700000.0,-0.0662978996,-8500000.0,-91200000.0,-0.0731120731,12400000.0,-103600000.0,-0.0830527497,-0.175,-0.175,585599988,585800000,https://www.sec.gov/Archives/edgar/data/1327567/000132756721000040/0001327567-21-000040-index.htm,https://www.sec.gov/Archives/edgar/data/1327567/000132756721000040/panw-20211031.htm,2.1301229944697333,-0.1769125719312685,1.0056352665089194,0.9465505658446154,5.9108607768619015,0.8860997449337379,-4.584528782469852,0.8860997449337379,6.791496040809345,49612030983.36,51310730983.36,-119.72015198687258,39.77235127734488,84.24525553295975,89.50393466238499,95.61000382223936,95.61000382223936,41.13414380580407,-3000.6275428865497,87.12978601351672,92.56852062666428,-0.0020882031625503,0.0111726931756918,7.653883214492195,0.380917670528658,-99.3391812865497,0.677327697217401,-15.036363636363635,-5.684362934362935,0.0,0.0,0.0834535834535834,0.2721661054994388,0.3072584976597867,0.0587536084224825,0.027737694404361,0.423500611995104,0.2077120410453743,,-0.0135091957615815,-0.0143434679071828,-9.967597540319622,-2305300000.0,-2684700000.0,-5068400000.0,1474400000.0,1026250000.0,76100000.0,0.0,58.59307359307359,22.535470310036786,0.0,1.536017731806428,3.993704092339979,0.0,-0.1996531123530545,0.0590847006643039,2021-11-18,0.26,amc,1279460000.0,2025-04-12,2021-10-31,0.0384615384615384,89.49774193548386,11043283.258064516
2021-07-31,PANW,USD,1327567,2021-09-03,2021-09-03 16:42:39,2021,Q4,1219300000.0,358900000.0,860400000.0,0.7056507832,325300000,105700000.0,489800000.0,595500000.0,-500000.0,920800000.0,1279700000.0,1500000.0,41400000.0,80700000.0,19800000.0,0.0162388256,-60400000.0,-0.0495366194,-41900000.0,-102300000.0,-0.0839005987,17000000.0,-119300000.0,-0.0978430247,-0.205,-0.205,583199988,583200000,https://www.sec.gov/Archives/edgar/data/1327567/000132756721000029/0001327567-21-000029-index.htm,https://www.sec.gov/Archives/edgar/data/1327567/000132756721000029/panw-20210731.htm,2.0907064902065806,-0.2045610467330805,0.5586419868033331,0.511659818484084,4.974451405509974,1.309327873305786,-4.192558385306414,1.309327873305786,6.139917821809009,38788631201.880005,40453831201.880005,-81.28380385976531,31.812212910588045,119.0565721359116,129.98871046206435,50.797055005081205,50.797055005081205,33.17791454267203,2043.1227879737376,124.16768324702272,135.56913941648796,-0.0030756434631345,0.0076929757703215,4.635149292823468,0.345590532729261,84.1010101010101,0.9082611839662282,-1.458937198067633,-2.730930427493713,0.0,0.0,0.0866890839005987,0.2667924218814073,0.3133006561474769,0.0841006752608962,0.0224719101123595,0.3395291201982652,0.1886328221110473,,-0.0105400648904723,-0.0169631304298369,-9.682098964652242,-469400000.0,-2445100000.0,-4830700000.0,3320600000.0,1003600000.0,64350000.0,0.0,91.5574509964734,14.268598495402616,0.0,0.9829893582715252,6.30755711775044,0.0,-0.1562336301728653,0.046982168319249,2021-08-23,0.24,amc,1203100000.0,2025-04-12,2021-07-31,0.1250000000000001,86.50109375,7697179.6875
2021-04-30,PANW,USD,1327567,2021-05-21,2021-05-20 19:39:36,2021,Q3,1073900000.0,330600000.0,743300000.0,0.6921501071,311000000,94700000.0,448000000.0,542700000.0,1000000.0,853700000.0,1184300000.0,1800000.0,41000000.0,154500000.0,-30200000.0,-0.0281217991,-110400000.0,-0.1028028681,-40000000.0,-150400000.0,-0.140050284,-5300000.0,-145100000.0,-0.1351150014,-0.25,-0.25,581399988,581400000,https://www.sec.gov/Archives/edgar/data/1327567/000132756721000014/0001327567-21-000014-index.htm,https://www.sec.gov/Archives/edgar/data/1327567/000132756721000014/panw-20210430.htm,1.847093261377914,-0.2495700085910562,0.4778121873645446,0.4315445565506272,5.066047576182613,1.715170314038603,-3.8634331722758826,1.715170314038603,6.10474728802368,34244459293.2,35866659293.2,-59.00148051895245,31.887940490920943,123.2701918401728,136.4864858238342,34.34061300962696,34.34061300962696,33.398509445199736,-1187.6377249403972,129.10964468394528,142.9520099370267,-0.0042371818096953,0.0073267327088391,3.518150822302447,0.3668963930517355,-53.71523178807947,1.3769494230705284,-2.6926829268292685,-1.9145416953824947,0.0,0.0,0.0881832572865257,0.2895986590930254,0.3391932734441179,0.0968322534197264,0.0250488872334481,0.3337468982630273,0.2170593165099171,,-0.0162490960011114,-0.0229635842815769,-8.676298768688657,1133600000.0,-2246200000.0,-4424000000.0,4958400000.0,718000000.0,58250000.0,0.0,64.26296675668125,19.54627949183303,0.0,1.4004955659885236,4.604456824512535,0.0,-0.1455074207781789,0.0462676308139173,2021-05-20,0.21,amc,1056940000.0,2025-04-12,2021-04-30,0.0952380952380953,70.25625,7917842.6875
2021-01-31,PANW,USD,1327567,2021-02-23,2021-02-22 19:56:44,2021,Q2,1016900000.0,307600000.0,709300000.0,0.6975120464,266700000,104000000.0,427400000.0,531400000.0,-500000.0,798100000.0,1105700000.0,2300000.0,40700000.0,75600000.0,-15200000.0,-0.0149473891,-88800000.0,-0.0873242207,-41200000.0,-130000000.0,-0.1278395122,12300000.0,-142300000.0,-0.1399350969,-0.245,-0.245,575400000,575400000,https://www.sec.gov/Archives/edgar/data/1327567/000132756721000004/0001327567-21-000004-index.htm,https://www.sec.gov/Archives/edgar/data/1327567/000132756721000004/panw-20210131.htm,1.767292318387209,-0.2473062217587765,0.6334723670490093,0.5776850886339937,5.51129648939868,2.0828988529718457,-3.3474104970455336,2.0828988529718457,6.105839416058394,34656342000.0,36015742000.0,-60.88605411103303,34.08038351853673,95.07912757201646,104.26095667870035,28.916430538172712,28.916430538172712,35.4171914642541,-2369.456710526316,98.80862002743484,108.3506077015644,-0.004106030578761,0.0095913180912168,2.897455152273676,0.3659837274988406,-89.4342105263158,0.9770353951968558,-2.1818181818181817,-2.561489810260014,0.0,0.0,0.1022716097944734,0.2622676762710197,0.3293073647822604,0.0880658436213991,0.0315665257154095,0.4246031746031746,0.2218507227849346,,-0.0146439046889504,-0.0223608535780508,-8.023635731664928,-100500000.0,-1926100000.0,-4014100000.0,3606900000.0,672350000.0,46600000.0,0.5,59.227062641361,13.078673602080624,0.0,1.519575612671847,6.881431767337808,0.0,-0.1187317480183562,0.0557872784150156,2021-02-22,0.24,amc,931565734.0,2025-04-12,2021-01-31,0.0833333333333334,59.24761904761905,5718608.412698412
2020-10-31,PANW,USD,1327567,2020-11-19,2020-11-19 17:00:59,2021,Q1,946000000.0,277800000.0,668200000.0,0.7063424947,237400000,86700000.0,388600000.0,475300000.0,2400000.0,712700000.0,990500000.0,2900000.0,40200000.0,68000000.0,24700000.0,0.0261099366,-44500000.0,-0.0470401691,-37800000.0,-82300000.0,-0.0869978858,9900000.0,-92200000.0,-0.0974630021,-0.16,-0.16,573000000,573000000,https://www.sec.gov/Archives/edgar/data/1327567/000132756720000041/0001327567-20-000041-index.htm,https://www.sec.gov/Archives/edgar/data/1327567/000132756720000041/panw-20201031.htm,1.6509598603839442,-0.1609075043630017,0.9335078534031414,0.881849912739965,5.615357766143107,1.3036649214659686,-2.810471204188482,1.3036649214659686,6.0790575916230365,21120780000.0,22421880000.0,-57.268926247288505,22.32640591966173,39.48547392035895,41.79849594300416,28.27413654618474,28.27413654618474,23.701775898520083,907.7684210526317,41.91789119461582,44.37340193944192,-0.004365369082013,0.0239243058258265,4.609236947791165,0.394556809717527,52.67611336032389,1.632158172365375,-1.1069651741293531,-5.801518438177874,0.0,0.0,0.0916490486257928,0.2509513742071881,0.2701426688821406,0.0553374462516358,0.0312896405919661,0.4352941176470588,0.2175475687103594,,-0.0081841574865761,-0.0144761426261167,-7.42630889965096,1665800000.0,-1610400000.0,-3678600000.0,4612300000.0,856299999.5,56050000.0,1.5,64.26532769556025,15.712742980561556,3.239740820734342e-07,1.4004441154700222,5.727835051546392,277800000.0,-0.1234270414993306,0.0516579406631762,2020-11-16,0.22,bmo,739729323.0,2025-04-12,2020-10-31,0.2272727272727273,59.43508196721312,7208310.0
2020-07-31,PANW,USD,1327567,2020-09-04,2020-09-04 16:27:32,2020,Q4,950400000.0,290400000.0,660000000.0,0.6944444444,215900000,70700000.0,391200000.0,461900000.0,800000.0,677800000.0,968200000.0,3400000.0,31400000.0,73700000.0,56700000.0,0.0596590909,-17800000.0,-0.0187289562,-30600000.0,-48400000.0,-0.0509259259,10500000.0,-58900000.0,-0.0619739057,-0.1,-0.1,576000000,576000000,https://www.sec.gov/Archives/edgar/data/1327567/000132756720000032/0001327567-20-000032-index.htm,https://www.sec.gov/Archives/edgar/data/1327567/000132756720000032/panw-20200731.htm,1.65,-0.1022569444444444,0.5793402777777777,0.5241319444444444,6.506597222222222,1.912847222222222,-1.8564236111111112,1.912847222222222,5.993229166666667,24566400000.0,25029100000.0,-104.2716468590832,25.848484848484848,73.61821995804615,81.37263994700231,22.296605554547103,22.296605554547103,26.33533249158249,441.4303350970018,75.00479472580162,82.9052666445843,-0.0023975836915461,0.0122891428943597,3.104646941368669,0.3773358042667725,8.160493827160494,1.905561541033548,-0.5668789808917197,-5.66553480475382,0.0,0.0,0.0743897306397306,0.2271675084175084,0.2394930174068436,0.0952951753071621,0.0334595959595959,0.4314789687924016,0.1832912457912457,,-0.0033985864172982,-0.0085432893839838,-5.968706596788194,2437500000.0,-1069300000.0,-2834400000.0,5215400000.0,852949999.5,57950000.0,1.0,98.21022717803032,19.71074380165289,6.198347107438017e-07,0.9164015050780074,4.566037735849057,145200000.0,-0.05345797785442,0.0552083333333333,2020-08-24,0.23,amc,892605405.0,2025-04-12,2020-07-31,0.0869565217391303,46.71875,6563675.15625
2020-04-30,PANW,USD,1327567,2020-05-22,2020-05-21 19:12:35,2020,Q3,869400000.0,258300000.0,611100000.0,0.7028985507,196300000,82900000.0,388400000.0,471300000.0,8100000.0,667600000.0,925900000.0,8300000.0,19400000.0,66300000.0,17900000.0,0.0205889119,-56500000.0,-0.0649873476,-11300000.0,-67800000.0,-0.0779848171,7000000.0,-74800000.0,-0.0860363469,-0.13,-0.13,580200000,580200000,https://www.sec.gov/Archives/edgar/data/1327567/000132756720000017/0001327567-20-000017-index.htm,https://www.sec.gov/Archives/edgar/data/1327567/000132756720000017/panw-20200430.htm,1.498448810754912,-0.128921061702861,0.2928300586004826,0.1440882454326094,3.513960703205791,1.2835229231299552,-2.4970699758703896,1.2835229231299552,3.1730437780075835,19001550000.0,19338450000.0,-63.50785427807487,21.855935127674258,111.83961153619776,227.29126794258377,25.51571102457365,25.51571102457365,22.24344375431332,1080.3603351955308,113.8225426721601,231.32117224880383,-0.0039365209680262,0.0043996410819117,2.446085672082718,0.2801685687040512,18.821229050279328,1.290405445904868,-2.9123711340206184,-2.271390374331551,0.0,0.0,0.0953531170922475,0.2257878997009431,0.3373681134455074,0.5079458505002943,0.0992638601334253,1.301659125188537,0.190706234184495,,-0.0147590408991176,-0.0173618364552143,-5.544122716304723,678300000.0,-1448800000.0,-2743100000.0,3492800000.0,604550000.0,53850000.0,0.5,69.23395445134575,18.222996515679444,0.0,1.29994019138756,4.938814531548757,0.0,-0.1004431314623338,0.1487418131678731,2020-05-21,0.15,amc,698492307.0,2025-04-12,2020-04-30,0.3333333333333335,41.5975,7245581.625
2020-01-31,PANW,USD,1327567,2020-02-25,2020-02-24 19:40:29,2020,Q2,816700000.0,233100000.0,583600000.0,0.7145830782,185400000,76200000.0,374900000.0,451100000.0,10800000.0,636500000.0,869600000.0,13900000.0,19000000.0,59100000.0,17000000.0,0.0208154769,-52900000.0,-0.0647728664,-8200000.0,-61100000.0,-0.0748132729,12600000.0,-73700000.0,-0.0902412146,-0.125,-0.125,589800000,589800000,https://www.sec.gov/Archives/edgar/data/1327567/000132756720000007/0001327567-20-000007-index.htm,https://www.sec.gov/Archives/edgar/data/1327567/000132756720000007/panw-1312020x10qq220.htm,1.3847066802305867,-0.1249576127500847,0.5203458799593083,0.4370973211258053,5.313496100373008,2.727195659545609,-0.3275686673448627,2.727195659545609,3.10902000678196,23078874000.0,22893574000.0,-78.28654681139757,28.25869229827354,75.19998044965787,89.52239720713732,14.34807211687908,14.34807211687908,28.031803599853067,1346.6808235294118,74.59620071684587,88.80362296353762,-0.0031933966969099,0.0111703889886482,1.1281939695368357,0.2525994905416127,-10.9,1.7763786559499888,-2.784210526315789,-4.164179104477612,0.0,0.0,0.0933023141912575,0.2270111424023509,0.2507899388928328,0.1599869664385793,0.0601199951022407,0.8307952622673435,0.2063181094649198,,-0.0129047853489991,-0.0136927764565992,-3.452822989996609,1738700000.0,-193200000.0,-1597400000.0,4121800000.0,519750000.0,65050000.0,0.5,59.540835067956415,21.38996138996139,3.861003861003861e-07,1.5115676476031834,4.207581227436823,233100000.0,-0.0458190861050668,0.0832485588335028,2020-02-24,0.19,amc,768658823.0,2025-04-12,2020-01-31,0.0526315789473684,35.23206349206349,8588131.555555556
2019-10-31,PANW,USD,1327567,2019-11-26,2019-11-25 19:15:52,2020,Q1,771900000.0,217700000.0,554200000.0,0.7179686488,170500000,69800000.0,365700000.0,435500000.0,16200000.0,606000000.0,823700000.0,15800000.0,18900000.0,54400000.0,18800000.0,0.0243554865,-51800000.0,-0.0671071382,-2700000.0,-54500000.0,-0.0706050006,5100000.0,-59600000.0,-0.0772120741,-0.105,-0.105,579600000,579600000,https://www.sec.gov/Archives/edgar/data/1327567/000132756719000038/0001327567-19-000038-index.htm,https://www.sec.gov/Archives/edgar/data/1327567/000132756719000038/panw-10312019x10qq120.htm,1.3317805383022774,-0.1028295376121463,0.388543823326432,0.3071083505866114,4.936507936507937,2.616287094547964,-0.2900276052449965,2.616287094547964,3.1677018633540373,21966840000.0,22520240000.0,-92.14278523489932,28.45814224640497,97.5436944937833,123.40921348314606,14.48617778950145,14.48617778950145,29.175074491514444,1197.8851063829786,100.00106571936055,126.518202247191,-0.0027131804119299,0.0081031227067707,1.1982986019519914,0.2662495604266792,29.43617021276596,1.7790017547280172,-2.740740740740741,-3.778523489932886,0.0,0.0,0.0904262210130845,0.2208835341365461,0.2468204196459969,0.2095914742451154,0.0611478170747506,0.8676470588235294,0.1941961393962948,,-0.0117160991622629,-0.0115946540085209,-3.576259489302968,1598200000.0,-168100000.0,-1658600000.0,3881700000.0,540800000.0,74000000.0,0.0,58.204430625728726,30.881947634359207,0.0,1.5462740384615383,2.914323962516733,0.0,-0.0393036138222104,0.0814354727398205,2019-11-25,0.17,amc,757197142.0,2025-04-12,2019-10-31,0.0588235294117645,34.906451612903226,9483236.29032258
2019-07-31,PANW,USD,1327567,2019-09-09,2019-09-09 17:23:18,2019,Q4,805800000.0,217400000.0,588400000.0,0.7302060065,158700000,69200000.0,370400000.0,439600000.0,16200000.0,598300000.0,815700000.0,18100000.0,20000000.0,42200000.0,48500000.0,0.0601886324,-9900000.0,-0.012285927,-3800000.0,-13700000.0,-0.0170017374,7100000.0,-20800000.0,-0.0258128568,-0.0362,-0.0362,574200000,574800000,https://www.sec.gov/Archives/edgar/data/1327567/000132756719000032/0001327567-19-000032-index.htm,https://www.sec.gov/Archives/edgar/data/1327567/000132756719000032/panw-7312019x10k.htm,1.4033437826541275,-0.036224312086381,0.4031696273075583,0.3106931382793452,4.8817485196795545,2.7626262626262625,-0.081156391501219,2.7626262626262625,2.525252525252525,21681792000.0,22150392000.0,-260.59846153846155,26.90716306775875,93.65784881209504,121.53470852017938,13.668153564899452,13.668153564899452,27.488696947133285,456.70911340206186,95.68203887688983,124.16139013452914,-0.0009593302988978,0.008228102179008,0.9014688268297296,0.2169230302478687,9.661855670103092,1.7848341693858667,-0.495,-11.129807692307692,0.0,0.0,0.0858773889302556,0.1969471332836932,0.2477018294347865,0.2293736501079913,0.0658972449739389,1.2582938388625593,0.1863986100769421,,-0.0033115197370082,-0.0041941403020587,-3.0755834204110064,1611500000.0,-46600000.0,-1341100000.0,3540400000.0,494950000.0,70950000.0,0.5,65.04839910647803,30.34498620055198,0.0,1.383585164835165,2.965893587994543,0.0,-0.013112273844796,0.0924764890282131,2019-09-04,0.24,amc,778391836.0,2025-04-12,2019-07-31,0.0416666666666667,37.81703125,7013154.65625
2019-04-30,PANW,USD,1327567,2019-05-30,2019-05-29 21:56:26,2019,Q3,726600000.0,204900000.0,521700000.0,0.7180016515,139100000,62300000.0,339000000.0,401300000.0,18200000.0,540400000.0,745300000.0,18300000.0,20600000.0,40300000.0,39800000.0,0.0547756675,-18700000.0,-0.0257363061,-2400000.0,-21100000.0,-0.0290393614,-900000.0,-20200000.0,-0.0278007157,-0.03565,-0.03565,566400000,566400000,https://www.sec.gov/Archives/edgar/data/1327567/000132756719000016/0001327567-19-000016-index.htm,https://www.sec.gov/Archives/edgar/data/1327567/000132756719000016/panw-4302019x10qq319.htm,1.2828389830508475,-0.0356638418079096,0.5233050847457628,0.4874646892655367,5.381532485875706,2.568149717514124,0.3409251412429379,2.568149717514124,2.8132062146892656,23488608000.0,23746508000.0,-290.70059405940594,32.3267382328654,79.24631578947367,85.07282868525897,16.147812457032863,16.147812457032863,32.68167905312414,596.6459296482412,80.11642375168691,86.00691053965954,-0.0008599913626214,0.0117546344168202,1.081259452770521,0.2511737838960043,6.4798994974874375,1.859865919551731,-0.9077669902912622,-14.673267326732674,0.0,0.0,0.0857418111753371,0.191439581612992,0.2014596441917659,0.0684885290148448,0.0279383429672447,0.5037220843672456,0.1902009358656757,,-0.0040493021348185,-0.0040397576145431,-2.566163487817797,1718700000.0,193100000.0,-1089700000.0,3255200000.0,411250000.0,48250000.0,1.0,50.4748142031379,30.13177159590044,4.392386530014642e-07,1.7830674846625767,2.986880466472303,204900000.0,-0.0138869792382785,0.0358403954802259,2019-05-29,0.21,amc,693320610.0,2025-04-12,2019-04-30,0.0476190476190476,35.39265625,7984330.0625
2019-01-31,PANW,USD,1327567,2019-02-27,2019-02-26 21:42:31,2019,Q2,711200000.0,202600000.0,508600000.0,0.7151293588,128300000,53700000.0,320000000.0,373700000.0,16000000.0,502000000.0,704600000.0,18000000.0,20600000.0,38800000.0,45400000.0,0.0638357705,6600000.0,0.00928009,-4600000.0,2000000.0,0.0028121485,4600000.0,-2600000.0,-0.003655793,-0.0046,-0.0046,564000000,564000000,https://www.sec.gov/Archives/edgar/data/1327567/000132756719000008/0001327567-19-000008-index.htm,https://www.sec.gov/Archives/edgar/data/1327567/000132756719000008/panw-1312019x10qq219.htm,1.2609929078014184,-0.0046099290780141,0.4882978723404255,0.4466312056737588,5.0177304964539005,1.9053191489361705,0.4723404255319149,1.9053191489361705,2.795035460992908,20191200000.0,20619200000.0,-1941.4615384615383,28.390326209223847,73.31590413943354,80.15561730845573,18.789503070910104,18.789503070910104,28.992125984251967,454.1674008810573,74.87000726216412,81.85470424771735,-0.0001287689686596,0.0124757320020603,1.4477945281965383,0.2725886990801577,9.427312775330396,1.8667701530885343,0.3203883495145631,-105.92307692307692,0.0,0.0,0.0755061867266591,0.1803993250843644,0.1416031537450722,0.0853304284676833,0.0330427446569178,0.6056701030927835,0.2002249718785151,,-0.0021473620983081,-0.0005306880574775,-2.6447695026595746,1619300000.0,266400000.0,-1145400000.0,2700700000.0,398650000.0,35450000.0,1.0,52.51687289088864,12.393879565646596,4.442250740375124e-07,1.7137349397590362,7.261648745519714,202600000.0,-0.0024195049320677,0.0416666666666666,2019-02-26,0.2,amc,574611920.0,2025-04-12,2019-01-31,0.2499999999999999,37.40507936507937,7756620.031746032
2018-10-31,PANW,USD,1327567,2018-11-30,2018-11-30 17:21:30,2019,Q1,656000000.0,183500000.0,472500000.0,0.7202743902,113400000,76600000.0,314600000.0,391200000.0,13000000.0,504600000.0,688100000.0,15400000.0,22700000.0,32500000.0,14600000.0,0.0222560976,-32100000.0,-0.0489329268,-9700000.0,-41800000.0,-0.0637195122,-3500000.0,-38300000.0,-0.0583841463,-0.07,-0.07,562800000,562800000,https://www.sec.gov/Archives/edgar/data/1327567/000132756718000031/0001327567-18-000031-index.htm,https://www.sec.gov/Archives/edgar/data/1327567/000132756718000031/panw-10312018x10qq119.htm,1.1656005685856432,-0.0680525941719971,0.4482942430703625,0.3873489694385216,5.692608386638238,2.2386282871357497,0.7770078180525942,2.2386282871357497,2.9266169154228856,17171028000.0,17011028000.0,-112.08242819843342,26.17534756097561,68.05797859690844,78.76618348623853,13.628881657274388,13.628881657274388,25.93144512195122,1165.138904109589,67.42381292112564,78.03223853211009,-0.0022305012839068,0.0126958036525244,1.2893086752916898,0.2799965526157028,-10.95890410958904,2.101228176460869,-1.4140969162995596,-6.587467362924282,0.0,0.0,0.1167682926829268,0.1728658536585365,0.1417909161423769,0.1359492667459373,0.0522865853658536,1.0553846153846154,0.2086890243902439,,-0.0069603144939152,-0.0076924621904436,-1.8675817332977969,1999500000.0,437300000.0,-726400000.0,3098600000.0,424800000.0,46200000.0,1.0,52.449695121951216,21.08991825613079,4.904632152588556e-07,1.715929897985875,4.267441860465116,183500000.0,-0.0303992380347646,0.0609452736318407,2018-11-29,0.18,amc,588717948.0,2025-04-12,2018-10-31,0.1111111111111112,37.08803278688524,8278971.016393443
2018-07-31,PANW,USD,1327567,2018-09-13,2018-09-13 16:30:18,2018,Q4,658100000.0,184700000.0,473400000.0,0.7193435648,110300000,56700000.0,297800000.0,354500000.0,10200000.0,464800000.0,649500000.0,27100000.0,10400000.0,28400000.0,47200000.0,0.0717216229,8600000.0,0.0130679228,-200000.0,8400000.0,0.0127640176,10700000.0,-2300000.0,-0.0034949096,-0.00415,-0.00415,556800000,556800000,https://www.sec.gov/Archives/edgar/data/1327567/000132756718000024/0001327567-18-000024-index.htm,https://www.sec.gov/Archives/edgar/data/1327567/000132756718000024/panw-7312018x10k.htm,1.1819324712643675,-0.0041307471264367,0.4991020114942529,0.4534841954022988,6.11242816091954,1.7749640804597702,0.5831537356321839,1.7749640804597702,3.4671336206896552,18396672000.0,17809872000.0,-1999.638260869565,27.95421972344629,66.19889168765742,72.85810693069307,18.61446119599312,18.61446119599312,27.062561920680743,377.3277966101695,64.08734077006118,70.53414653465346,-0.0001250226127856,0.0137253085775514,1.9428311241525853,0.3297441181521552,-12.432203389830509,1.931382630644105,0.8269230769230769,-120.82608695652172,0.0,0.0,0.0861571189788786,0.1676037076432153,0.1139618753219989,0.0913997840949982,0.0385959580610849,0.8943661971830986,0.1878134022185078,,-0.0005561553861034,-0.0004457882699538,-1.941136852550288,1992600000.0,324700000.0,-702700000.0,2929300000.0,414550000.0,41050000.0,1.0,63.90670110925392,24.07146724417975,4.872766648619383e-07,1.4083030173336186,3.7388663967611335,184700000.0,-0.0023272285743195,0.045617816091954,2018-09-06,0.2,amc,601910156.0,2025-04-12,2018-07-31,0.0499999999999999,31.174920634920635,9616777.047619049
2018-04-30,PANW,USD,1327567,2018-06-05,2018-06-04 20:31:02,2018,Q3,567100000.0,159900000.0,407200000.0,0.7180391465,99600000,82100000.0,277100000.0,359200000.0,8600000.0,458800000.0,618700000.0,6700000.0,6500000.0,24600000.0,-18400000.0,-0.0324457768,-51600000.0,-0.0909892435,-4200000.0,-49500000.0,-0.0872861929,-2800000.0,-46700000.0,-0.0823487921,-0.085,-0.085,551400000,551400000,https://www.sec.gov/Archives/edgar/data/1327567/000132756718000014/0001327567-18-000014-index.htm,https://www.sec.gov/Archives/edgar/data/1327567/000132756718000014/panw-4302018x10qq318.htm,1.0284729778745012,-0.0846935074356184,0.437613347841857,0.3853826623141095,2.940152339499456,1.35981138919115,0.1449038810301051,1.35981138919115,0.9980050779833152,17688912000.0,17283712000.0,-94.6943897216274,31.1918744489508,73.30672192291753,83.24193882352941,23.59150706855161,23.59150706855161,30.477362017280903,-939.3321739130434,71.62748445917944,81.33511529411764,-0.0026400719275442,0.012013175259168,0.7252600693518272,0.1391397794437479,22.02173913043478,1.1350419432865009,-7.938461538461539,-5.167023554603855,0.0,0.0,0.1447716452124845,0.1756304002821372,0.1714044469462426,0.1193535018648984,0.0507846940574854,1.170731707317073,0.205607476635514,,-0.0194026353611845,-0.0144207015810276,-2.295883205476968,262400000.0,79900000.0,-953000000.0,1196500000.0,363450000.0,33050000.0,1.0,57.41844471874449,18.405253283302063,5.628517823639774e-07,1.5674405749032614,4.889908256880734,159900000.0,-0.062283275540144,0.0522306855277475,2018-06-04,0.16,amc,550496969.0,2025-04-12,2018-04-30,0.0625,36.40333333333333,7102275.904761905
2018-01-31,PANW,USD,1327567,2018-02-27,2018-02-26 21:24:59,2018,Q2,542400000.0,159300000.0,383100000.0,0.7063053097,96600000,53300000.0,265000000.0,318300000.0,4900000.0,414900000.0,574200000.0,5900000.0,6400000.0,22100000.0,-4800000.0,-0.0088495575,-31800000.0,-0.0586283186,-1500000.0,-33300000.0,-0.0613938053,1600000.0,-34900000.0,-0.0643436578,-0.065,-0.065,546600000,546600000,https://www.sec.gov/Archives/edgar/data/1327567/000132756718000006/0001327567-18-000006-index.htm,https://www.sec.gov/Archives/edgar/data/1327567/000132756718000006/panw-1312018x10qq218.htm,0.9923161361141604,-0.0638492499085254,0.4458470545188437,0.3990120746432491,2.992499085254299,1.2195389681668496,0.6942919868276619,1.2195389681668496,0.9948774240761068,14381046000.0,14003446000.0,-103.0160888252149,26.513727876106195,59.01126795240049,65.93785419532324,21.573726372637264,21.573726372637264,25.817562684365782,-2917.384583333333,57.46182191218711,64.20653828519028,-0.0024268053937105,0.0151657953114119,0.8061806180618062,0.1481461061337008,78.66666666666667,1.1905839258780435,-4.96875,-6.982808022922636,0.0,0.0,0.0982669616519174,0.1780973451327433,0.0791454169538249,0.1050471891670086,0.0471976401179941,1.158371040723982,0.2411504424778761,,-0.0144370491349048,-0.0104478505568195,-1.9234815212221004,353800000.0,379500000.0,-750700000.0,905600000.0,357950000.0,36100000.0,0.5,60.58075221238938,18.870056497175145,5.649717514124293e-07,1.485620377978636,4.769461077844311,159300000.0,-0.0523552355235523,0.0468349798755945,2018-02-26,0.13,amc,444354639.0,2025-04-12,2018-01-31,0.0769230769230769,33.338125,8579675.90625
2017-10-31,PANW,USD,1327567,2017-11-21,2017-11-20 21:28:55,2018,Q1,505500000.0,141400000.0,364100000.0,0.7202769535,94200000,65700000.0,258500000.0,324200000.0,4800000.0,418400000.0,559800000.0,5100000.0,6300000.0,21300000.0,-28200000.0,-0.0557863501,-54300000.0,-0.1074183976,-1500000.0,-55800000.0,-0.1103857567,8200000.0,-64000000.0,-0.1266073195,-0.115,-0.115,545400000,545400000,https://www.sec.gov/Archives/edgar/data/1327567/000132756717000035/0001327567-17-000035-index.htm,https://www.sec.gov/Archives/edgar/data/1327567/000132756717000035/panw-10312017x10qq118.htm,0.9268426842684268,-0.1173450678401173,0.5025669233590025,0.4435276861019435,2.756142280894756,1.292079207920792,0.7607260726072608,1.292079207920792,0.9851485148514852,13378662000.0,13067062000.0,-52.2603984375,26.466195845697328,48.80941991973732,55.306581231914016,18.984904214559386,18.984904214559386,25.84977645895153,-463.3709929078014,47.67260853703028,54.01844563869368,-0.0047837369686146,0.0180810308235606,0.7535121328224776,0.152301735264592,11.04964539007092,1.170109007458405,-8.619047619047619,-4.2828125,0.0,0.0,0.1299703264094955,0.1863501483679525,0.0831206080596586,0.1174753739511127,0.0636993076162215,1.511737089201878,0.2486646884272997,,-0.0273816530632988,-0.020020646291488,-1.861936193619362,296500000.0,414900000.0,-742300000.0,843200000.0,391450000.0,37150000.0,0.5,62.45697329376854,24.6958981612447,0.0,1.4409920182440137,3.644329896907216,0.0,-0.0908187881367958,0.059039237257059,2017-11-20,0.11,amc,467894594.0,2025-04-12,2017-10-31,0.0909090909090908,27.781803278688525,8943110.393442623
2017-07-31,PANW,USD,1327567,2017-09-07,2017-09-07 17:19:13,2017,Q4,509100000.0,138500000.0,370600000.0,0.7279512866,87300000,65200000.0,245400000.0,310600000.0,2900000.0,397900000.0,536400000.0,14700000.0,6200000.0,16700000.0,-9100000.0,-0.0178746808,-27300000.0,-0.0536240424,-3300000.0,-30600000.0,-0.0601060695,7600000.0,-38200000.0,-0.0750343744,-0.07,-0.07,545400000,545400000,https://www.sec.gov/Archives/edgar/data/1327567/000132756717000027/0001327567-17-000027-index.htm,https://www.sec.gov/Archives/edgar/data/1327567/000132756717000027/panw-7312017x10k.htm,0.9334433443344334,-0.07004033736707,0.4391272460579391,0.3489182251558489,2.521085441877521,1.3927392739273927,0.8564356435643564,1.3927392739273927,0.9734140080674736,11976984000.0,11757384000.0,-78.38340314136127,23.525798467884503,50.00828392484343,62.9373830793484,15.76748815165877,15.76748815165877,23.094449027695937,-1292.0202197802198,49.09137369519833,61.78341565948502,-0.0031894506997755,0.0158888080672062,0.6907582938388626,0.1526044847744525,24.13186813186813,1.6451344376925,-4.403225806451613,-6.269633507853404,0.0,0.0,0.128069141622471,0.1714790807307012,0.0850711107233225,0.2054279749478079,0.0966411314083677,2.946107784431138,0.2311923001374975,,-0.0152348646208595,-0.0121431750270201,-1.7961587816281628,775000000.0,467100000.0,-702400000.0,1278600000.0,398100000.0,34350000.0,0.5,76.38774307601649,23.06859205776173,6.498194945848375e-07,1.1781994908585975,3.9014084507042255,138500000.0,-0.05028962611901,0.0902090209020902,2017-08-31,0.13,amc,431580434.0,2025-04-12,2017-07-31,0.1538461538461537,24.326031746031745,8525625.936507937
2017-04-30,PANW,USD,1327567,2017-06-01,2017-05-31 21:17:29,2017,Q3,431800000.0,123700000.0,308100000.0,0.71352478,86000000,44300000.0,226900000.0,271200000.0,2100000.0,357200000.0,480900000.0,0.0,6200000.0,15100000.0,-31900000.0,-0.0738767948,-49100000.0,-0.1137100509,-4100000.0,-53200000.0,-0.1232051876,7700000.0,-60900000.0,-0.1410375174,-0.11,-0.11,546000000,546000000,https://www.sec.gov/Archives/edgar/data/1327567/000132756717000018/0001327567-17-000018-index.htm,https://www.sec.gov/Archives/edgar/data/1327567/000132756717000018/panw-4302017x10qq317.htm,0.7908424908424908,-0.1115384615384615,0.3868131868131868,0.2978021978021978,2.5128205128205128,1.4891941391941392,0.9483516483516484,1.4891941391941392,0.9608058608058608,9866220000.0,9692620000.0,-40.50172413793104,22.849050486336267,46.71505681818181,60.677859778597785,12.13407944902226,12.13407944902226,22.44701250578972,-303.8438871473354,45.89308712121212,59.61020910209102,-0.0061725767315141,0.0164804758053236,0.6375599557250031,0.1595027845297068,5.4420062695924765,1.796909073670238,-7.919354838709677,-3.4679802955665027,0.0,0.0,0.1025937934228809,0.1991662806855025,0.0908587428079136,0.2301136363636363,0.112552107457156,3.218543046357616,0.2691060676238999,,-0.0256019763812373,-0.0206105320157032,-1.450412087912088,840500000.0,517800000.0,-541800000.0,1328100000.0,375100000.0,30600000.0,0.5,75.88930060213062,24.15521422797089,0.0,1.185937929140346,3.725903614457831,0.0,-0.0748985364653794,0.089010989010989,2017-05-31,0.09,amc,389327868.0,2025-04-12,2017-04-30,0.1111111111111112,22.772857142857145,7813538.063492063
2017-01-31,PANW,USD,1327567,2017-03-01,2017-02-28 21:28:48,2017,Q2,422600000.0,113200000.0,309400000.0,0.7321344061,89900000,47200000.0,226700000.0,273900000.0,2700000.0,363800000.0,477000000.0,0.0,6100000.0,14400000.0,-37300000.0,-0.088263133,-54400000.0,-0.1287269285,-3400000.0,-57800000.0,-0.1367723616,2800000.0,-60600000.0,-0.1433980123,-0.11,-0.11,544200000,544200000,https://www.sec.gov/Archives/edgar/data/1327567/000132756717000007/0001327567-17-000007-index.htm,https://www.sec.gov/Archives/edgar/data/1327567/000132756717000007/panw-1312017x10qq217.htm,0.7765527379639838,-0.1113561190738699,0.3941565600882029,0.3120176405733186,2.4887908857037853,1.5997794928335172,1.2267548695332595,1.5997794928335172,0.9525909592061742,13381878000.0,13132778000.0,-55.20576732673267,31.66558920965452,62.38637762237762,78.80964664310955,15.370868366643691,15.370868366643691,31.076142924751537,-352.08520107238604,61.22507226107226,77.34262661955242,-0.0045285123657531,0.0126888019753281,0.5884447507466115,0.1613746613746614,6.67828418230563,1.892512077294686,-8.918032786885245,-3.850987432675045,0.0,0.0,0.1116895409370563,0.2127307146237577,0.0639450639450639,0.2083916083916084,0.1057737813535257,3.1041666666666665,0.2991008045433033,,-0.0261509830892467,-0.0203930542468703,-1.2128353537302463,886800000.0,667600000.0,-423600000.0,1243900000.0,366300000.0,28600000.0,1.0,82.22669190724088,22.26148409893993,7.950530035335689e-07,1.0945350945350945,4.042857142857143,113200000.0,-0.0696071674707098,0.0821389195148842,2017-02-28,0.1,amc,415892063.0,2025-04-12,2017-01-31,0.0999999999999999,20.20111111111111,12010384.285714284
2016-10-31,PANW,USD,1327567,2016-11-22,2016-11-21 21:15:31,2017,Q1,398100000.0,101300000.0,296800000.0,0.7455413213,84600000,41800000.0,220300000.0,262100000.0,2500000.0,346700000.0,448000000.0,0.0,6000000.0,13600000.0,-33800000.0,-0.0849032906,-49900000.0,-0.1253453906,-3500000.0,-53400000.0,-0.1341371515,8400000.0,-61800000.0,-0.1552373775,-0.115,-0.115,538800000,538800000,https://www.sec.gov/Archives/edgar/data/1327567/000132756716000073/0001327567-16-000073-index.htm,https://www.sec.gov/Archives/edgar/data/1327567/000132756716000073/panw-10312016x10qq117.htm,0.7388641425389755,-0.1146993318485523,0.3773199703043801,0.3385300668151447,2.579806978470676,1.7043429844097997,1.3234966592427615,1.7043429844097997,0.9506310319227914,13814832000.0,13481632000.0,-55.885242718446605,34.7019140919367,67.95293654697493,75.73921052631579,15.043920287487753,15.043920287487753,33.86493845767395,-398.86485207100594,66.31397934087555,73.91245614035088,-0.0044734528802087,0.0132032007338199,0.5512359795273876,0.1683685348411774,9.857988165680473,1.3319294739096297,-8.316666666666666,-3.289644012944984,0.0,0.0,0.1049987440341622,0.2125094197437829,0.0682521204057874,0.102803738317757,0.0524993720170811,1.536764705882353,0.2868625973373524,,-0.0273460735875779,-0.0220611858779852,-0.8135207860059391,465000000.0,713100000.0,-222300000.0,795200000.0,347600000.0,29700000.0,1.0,78.33458929917107,25.942744323790723,8.884501480750247e-07,1.148917748917749,3.469178082191781,101300000.0,-0.0672982685396929,0.0387899034892353,2016-11-21,0.09,amc,383623636.0,2025-04-12,2016-10-31,0.0,22.355483870967745,12805277.032258064
2016-07-31,PANW,USD,1327567,2016-09-08,2016-09-08 17:10:31,2016,Q4,400800000.0,101700000.0,299100000.0,0.746257485,76500000,39900000.0,228100000.0,268000000.0,2700000.0,344500000.0,446200000.0,0.0,6000000.0,12100000.0,-33300000.0,-0.0830838298,-45400000.0,-0.1132734531,-3300000.0,-48700000.0,-0.121506986,5800000.0,-54500000.0,-0.1359780439,-0.1,-0.1,533400000,533400000,https://www.sec.gov/Archives/edgar/data/1327567/000132756716000064/0001327567-16-000064-index.htm,https://www.sec.gov/Archives/edgar/data/1327567/000132756716000064/panw-7312016x10k.htm,0.7514060742407199,-0.1021747281589801,0.3515185601799775,0.3209598800149981,2.410198725159355,1.4808773903262091,1.0918635170603674,1.4808773903262091,0.9640044994375704,11420094000.0,11193894000.0,-52.38575229357798,28.49324850299401,60.907168,66.70615654205608,14.457645271553362,14.457645271553362,27.928877245508986,-336.15298306765715,59.700768,65.38489485981309,-0.004772289965389,0.0149911200380662,0.643372578807444,0.1840504128639722,6.7927929967805705,2.030113367973548,-7.566666666666666,-3.440366972477064,0.0,0.0,0.0995508982035928,0.1908682634730538,0.0751484861654353,0.0869333333333333,0.0406686626746507,1.3471074380165289,0.2734530938123752,,-0.0265393760549034,-0.0213415828014253,-0.795228720472441,872300000.0,582400000.0,-252200000.0,1197000000.0,308150000.0,27250000.0,0.5,78.30089820359282,26.72566371681416,8.849557522123894e-07,1.1494121020934902,3.3675496688741724,101700000.0,-0.0689960754525889,0.0305586801649793,2016-08-30,0.08,amc,400800000.0,2025-04-12,2016-07-31,0.0,23.95857142857143,9409679.46031746
2016-04-30,PANW,USD,1327567,2016-05-27,2016-05-26 20:59:52,2016,Q3,345800000.0,94900000.0,250900000.0,0.7255639098,74000000,33500000.0,202000000.0,235500000.0,1000000.0,309500000.0,404400000.0,0.0,5800000.0,11200000.0,-41300000.0,-0.1194331984,-58600000.0,-0.1694621168,-4800000.0,-63400000.0,-0.1833429728,6800000.0,-70200000.0,-0.2030075188,-0.135,-0.135,526800000,526800000,https://www.sec.gov/Archives/edgar/data/1327567/000132756716000053/0001327567-16-000053-index.htm,https://www.sec.gov/Archives/edgar/data/1327567/000132756716000053/panw-4302016x10qq316.htm,0.6564160971905847,-0.133257403189066,0.3228929384965831,0.2862566438876234,2.0643507972665147,1.3880030372057708,0.9895596051632498,1.3880030372057708,0.9654517843583904,13243752000.0,13196552000.0,-47.164358974358976,38.29887796414112,77.85862433862434,87.82328912466843,18.112352297593,18.112352297593,38.16238288027762,-319.52910411622275,77.58114050558495,87.51029177718833,-0.0053006126964624,0.0113865013479563,0.687636761487965,0.2005584363781412,1.1428571428571428,1.1672316384180792,-10.10344827586207,-2.423076923076923,0.0,0.0,0.0968768074031232,0.2139965297860034,0.0837255684084563,0.1134626690182245,0.0558126084441873,1.7232142857142858,0.313475997686524,,-0.0366417288804931,-0.030560271646859,-0.9255884586180714,207200000.0,521300000.0,-329600000.0,517600000.0,261000000.0,28400000.0,0.5,69.64719491035281,23.04531085353003,0.0,1.2922272047832586,3.905349794238683,0.0,-0.0960065645514223,0.0366362946089597,2016-05-26,0.07,amc,345800000.0,2025-04-12,2016-04-30,0.0,22.7859375,9255119.5
2016-01-31,PANW,USD,1327567,2016-02-26,2016-02-25 21:22:52,2016,Q2,334700000.0,94200000.0,240500000.0,0.7185539289,74000000,34200000.0,187600000.0,221800000.0,2500000.0,295800000.0,390000000.0,0.0,5800000.0,10300000.0,-39800000.0,-0.1189124589,-55300000.0,-0.1652225874,-3300000.0,-58600000.0,-0.1750821631,3900000.0,-62500000.0,-0.186734389,-0.12,-0.12,519600000,519600000,https://www.sec.gov/Archives/edgar/data/1327567/000132756716000048/0001327567-16-000048-index.htm,https://www.sec.gov/Archives/edgar/data/1327567/000132756716000048/panw-1312016x10qq216.htm,0.6441493456505004,-0.1202848344880677,0.2959969207082371,0.262509622786759,1.8564280215550424,1.290030792917629,0.8816397228637414,1.290030792917629,0.968629715165512,13036764000.0,13121064000.0,-52.147056,38.95059456229459,84.76439531859558,95.5774486803519,19.449148142622708,19.449148142622708,39.202461906184645,-329.67497487437186,85.31250975292588,96.19548387096776,-0.0047941344953394,0.0104627191226288,0.7422049828435029,0.214754381421048,-2.1180904522613067,1.1017363452461226,-9.53448275862069,-2.4608,0.0,0.0,0.1021810576635793,0.2210935165820137,0.0915997582664249,0.1131339401820546,0.051986853899014,1.6893203883495145,0.304451747833881,,-0.0362354091212269,-0.0296996768675156,-0.9447652030408006,120700000.0,458100000.0,-339200000.0,425500000.0,225400000.0,25000000.0,0.5,68.40752913056468,31.05095541401274,9.554140127388535e-07,1.3156446540880504,2.898461538461538,94200000.0,-0.0932418320155154,0.033487297921478,2016-02-25,0.07,amc,326332500.0,2025-04-12,2016-01-31,0.0,23.15890625,11740173.6875
2015-10-31,PANW,USD,1327567,2015-11-24,2015-11-23 21:19:24,2016,Q1,297200000.0,79200000.0,218000000.0,0.733512786,59700000,30800000.0,158300000.0,189100000.0,2200000.0,248800000.0,328000000.0,0.0,5800000.0,9200000.0,-22800000.0,-0.0767160162,-30800000.0,-0.1036339166,-4800000.0,-34400000.0,-0.1157469717,4300000.0,-38700000.0,-0.1302153432,-0.075,-0.075,510600000,510600000,https://www.sec.gov/Archives/edgar/data/1327567/000132756715000036/0001327567-15-000036-index.htm,https://www.sec.gov/Archives/edgar/data/1327567/000132756715000036/panw-10312015x10qq116.htm,0.582060321190756,-0.0757931844888366,0.2873090481786134,0.2491186839012926,1.490990990990991,1.22698785742264,0.8068938503721113,1.22698785742264,0.9755189972581276,13699398000.0,13915898000.0,-88.49740310077519,46.09487886944818,93.38376278118608,107.69966981132076,21.86655706304868,21.86655706304868,46.82334454912517,-610.3464035087719,94.85956373551466,109.40171383647798,-0.0028249416507207,0.0092850795341517,0.7857940941739825,0.2350553857906799,-9.49561403508772,0.9644778334260804,-5.310344827586207,-3.7906976744186047,0.0,0.0,0.1036339165545087,0.2008748317631224,0.1024159663865546,0.1329243353783231,0.0656123822341857,2.119565217391304,0.2452893674293405,,-0.0229698375870069,-0.0205862013936911,-1.0953779866823343,-38300000.0,412000000.0,-428000000.0,252900000.0,204400000.0,15350000.0,0.0,59.47510094212652,19.88636363636364,0.0,1.5132382892057026,4.525714285714286,0.0,-0.0617717478052673,0.0381903642773207,2015-11-23,0.05,amc,271725714.0,2025-04-12,2015-10-31,0.1999999999999999,24.58409836065574,13661397.540983606
2015-07-31,PANW,USD,1327567,2015-09-17,2015-09-17 16:58:53,2015,Q4,283879000.0,74318000.0,209561000.0,0.7382053621,53089000,28576000.0,162429000.0,191005000.0,-346000.0,244094000.0,318412000.0,0.0,5666000.0,8608000.0,-25900000.0,-0.0912360548,-34533000.0,-0.1216468989,-6012000.0,-40545000.0,-0.142824936,5426000.0,-45971000.0,-0.1619387133,-0.09,-0.09,503808000,503808000,https://www.sec.gov/Archives/edgar/data/1327567/000132756715000027/0001327567-15-000027-index.htm,https://www.sec.gov/Archives/edgar/data/1327567/000132756715000027/panw-7312015x10k.htm,0.5634666380843496,-0.0912470623729674,0.2209671144563008,0.1972160029217479,1.5660311070884143,1.142925479547764,0.7138374142530488,1.142925479547764,0.978051162347561,15602933760.0,15714203760.0,-84.8520467251093,54.96332507864266,140.1566023804177,157.03593796233858,27.09712973784983,27.09712973784983,55.3552878515142,-606.7260138996139,141.15610833146192,158.15581638301512,-0.002946304887729,0.0063679690966014,0.8459036322429947,0.2478574459921696,-4.296138996138996,1.0404978749829252,-6.094775855983057,-2.4216353788257816,0.0,0.0,0.1006626062512549,0.1870127765702993,0.1100042845991559,0.107487087356838,0.0421517618421933,1.3901022304832713,0.2318487806424568,,-0.0419683717646642,-0.026284162378502,-0.8755001905487805,41803000.0,359637000.0,-315333000.0,320859000.0,181461500.0,13930500.0,0.5,67.33854917059733,15.985360208832317,0.0,1.336530131826742,5.630151515151515,0.0,-0.079836405790054,0.0237511115345528,2015-09-09,0.04456,amc,253482142.0,2025-04-12,2015-07-31,0.1220825852782764,28.85171875,9269072.625
2015-04-30,PANW,USD,1327567,2015-05-28,2015-05-27 20:46:39,2015,Q3,234172000.0,64395000.0,169777000.0,0.7250098218,48486000,26989000.0,131026000.0,158015000.0,-55000.0,206501000.0,270896000.0,0.0,5631000.0,7356000.0,-29300000.0,-0.1251217054,-36724000.0,-0.1568248979,-5710000.0,-42410000.0,-0.1811061954,3525000.0,-45935000.0,-0.1961592334,-0.095,-0.095,493800000,493800000,https://www.sec.gov/Archives/edgar/data/1327567/000132756715000018/0001327567-15-000018-index.htm,https://www.sec.gov/Archives/edgar/data/1327567/000132756715000018/panw-04302015x10qq315.htm,0.4742243823410287,-0.093023491292021,0.176640340218712,0.1567395706763872,1.6666119886593762,1.1083799108950991,0.7048015390846497,1.1083799108950991,0.9874260834345888,12157356000.0,12185193000.0,-66.16608250789159,51.91635208308423,139.37926053310406,157.07584175301687,22.21260035299406,22.21260035299406,52.03522624395743,-415.8768941979522,139.6984006878762,157.4355022093594,-0.0037783708891966,0.0063663513678467,0.8805849615762683,0.2700915473383127,-0.9500682593856656,1.1022259368839429,-6.521754572900018,-1.89887885054969,0.0,0.0,0.1152528910373571,0.207052935449157,0.1116809158320406,0.1126626540556033,0.0419648805151768,1.335916258836324,0.2571058879797755,,-0.0300792852772835,-0.028978421532415,-0.610062271162414,96502000.0,348031000.0,-196605000.0,355335000.0,142887000.0,14331000.0,1.0,57.85093862630887,20.49056603773585,1.3976240391334732e-06,1.5557223812972103,4.392265193370166,64395000.0,-0.0839274425471115,0.0199007695423248,2015-05-27,0.03463,amc,203652173.0,2025-04-12,2015-04-30,0.1550678602367889,29.501875,9650604.5625
2015-01-31,PANW,USD,1327567,2015-03-03,2015-03-02 20:27:26,2015,Q2,217655000.0,59325000.0,158330000.0,0.7274356206,46948000,27023000.0,122875000.0,149898000.0,344000.0,196846000.0,256171000.0,0.0,5539000.0,6802000.0,-31400000.0,-0.1442650065,-38516000.0,-0.1769589488,-5211000.0,-43711000.0,-0.2008269969,-703000.0,-43008000.0,-0.1975971147,-0.09,-0.09,484800000,484800000,https://www.sec.gov/Archives/edgar/data/1327567/000132756715000008/0001327567-15-000008-index.htm,https://www.sec.gov/Archives/edgar/data/1327567/000132756715000008/panw-01312015x10qq215.htm,0.4489583333333333,-0.0887128712871287,0.1584694719471947,0.1458869636963696,1.392444306930693,1.0644822607260729,0.6493461221122112,1.0644822607260729,0.995072194719472,10209888000.0,10343777000.0,-59.34877232142857,46.908584686774944,132.89625907895766,144.35834063852047,19.784265813537544,19.784265813537544,47.52372791803543,-329.41964968152865,134.6390154374821,146.25140683765517,-0.0042123870506708,0.0069272062533888,0.9240613028304794,0.2850768539153889,-4.263980891719745,2.0755431561601063,-6.953601733164831,-1.786318824404762,0.0,0.0,0.1241551997427121,0.2156991569226528,0.1203132024218309,0.079400203056257,0.0280260044565941,0.8967950602763893,0.2611839838276171,,-0.0301313901519903,-0.0292268026524845,-0.784298163160066,446430000.0,314803000.0,-295219000.0,700327000.0,125737500.0,12249000.0,0.5,55.92607567021203,21.24045512010114,1.5170670037926675e-06,1.6092672142904674,4.237197343046925,59325000.0,-0.0833389851199761,0.012582508250825,2015-03-02,0.02657,amc,194784210.0,2025-04-12,2015-01-31,0.1290929619872035,26.694444444444443,8066222.19047619
2014-10-31,PANW,USD,1327567,2014-11-25,2014-11-24 21:02:47,2015,Q1,192346000.0,53461000.0,138885000.0,0.722058166,37305000,18977000.0,106366000.0,125343000.0,341000.0,162648000.0,216109000.0,0.0,5489000.0,6115000.0,-17700000.0,-0.0920216693,-23763000.0,-0.1235429902,-5100000.0,-28911000.0,-0.1503072588,1157000.0,-30068000.0,-0.1563224606,-0.065,-0.065,476400000,476400000,https://www.sec.gov/Archives/edgar/data/1327567/000132756714000043/0001327567-14-000043-index.htm,https://www.sec.gov/Archives/edgar/data/1327567/000132756714000043/panw-10312014x10qq115.htm,0.4037489504617968,-0.0631150293870696,0.15727959697733,0.1448215785054576,1.6194353484466837,1.0352875734676743,0.6102581863979849,1.0352875734676743,1.0019836272040303,8394168000.0,8322277000.0,-69.79320207529601,43.640980316720906,112.02978859705316,121.66695171973969,17.01942576301015,17.01942576301015,43.267221569463366,-470.18514124293785,111.07032084134102,120.62494745843782,-0.0035820107484148,0.0082191588255083,0.9567021011291312,0.306329186240064,4.061638418079096,2.5863017569521785,-4.329203862269995,-2.491951576426766,0.0,0.0,0.0986607467792415,0.1939473656847556,0.1314527291093747,0.0792093743326927,0.03085585351398,0.9705641864268192,0.1998637871336029,,-0.0209548836977766,-0.022474496812849,-0.3956297229219143,572601000.0,290727000.0,-113578000.0,824908000.0,125871000.0,12511500.0,0.0,54.38199910577812,17.671386618282487,0.0,1.65495938876652,5.092978946365628,0.0,-0.060963766014951,0.0124580184718723,2014-11-24,0.02421,amc,153840000.0,2025-04-12,2014-10-31,0.2391573729863692,22.385081967213114,8033883.377049181
2014-07-31,PANW,USD,1327567,2014-09-18,2014-09-18 17:05:16,2014,Q4,178231000.0,48607000.0,129624000.0,0.7272808883,32830000,15574000.0,106668000.0,122242000.0,-5595000.0,155072000.0,203679000.0,0.0,0.0,7781000.0,-163770000.0,-0.9188637218,-25448000.0,-0.1427809977,-7443000.0,-32891000.0,-0.1845414097,-833000.0,-32058000.0,-0.1798676998,-0.07,-0.07,466914000,467154000,https://www.sec.gov/Archives/edgar/data/1327567/000132756714000028/0001327567-14-000028-index.htm,https://www.sec.gov/Archives/edgar/data/1327567/000132756714000028/panw-7312014x10k.htm,0.3817212591612159,-0.0686593248435472,-0.0560060310892369,-0.0661320928479334,1.6544845517589963,1.0035745340683724,0.5688306626059617,1.0035745340683724,0.999916472840823,6294000720.0,6107063720.0,-49.08291783642148,35.31372611947417,-240.6883640535373,-203.8344685536628,13.431986905201429,13.431986905201429,34.26487939808451,-37.29049105452769,-233.53972160611852,-197.7804171254615,-0.0050934217242987,-0.0049059416059297,0.9963549680632888,0.3157833862936314,1.1414605849667216,2.752457843990453,0.0,0.6615228940045536,0.0,0.0,0.0873809831061936,0.184199157273426,0.137296359875709,-0.1808030592734225,0.0265273717815643,0.6076339802081995,0.1856523275973315,,-0.021944272947705,-0.025134106585923,-0.2907227026818643,610155000.0,265595000.0,-51557000.0,861887000.0,125153500.0,19583500.0,0.0,68.43152986854139,26.896126072376408,0.0,1.3151832228929,3.346206801597136,0.0,-0.0684147739034493,0.0101260617586964,2014-09-09,0.01965,amc,178200000.0,2025-04-12,2014-07-31,0.0178117048346055,18.43109375,10853527.40625
2014-04-30,PANW,USD,1327567,2014-06-03,2014-06-02 21:31:24,2014,Q3,150700000.0,39710000.0,110990000.0,0.7364963504,27837000,23718000.0,83995000.0,107713000.0,145000.0,135550000.0,175260000.0,272000.0,120756000.0,4556000.0,-106022000.0,-0.7035301924,-138260000.0,-0.9174518912,417000.0,-137843000.0,-0.9146848042,1272000.0,-139115000.0,-0.9231254147,-0.31,-0.31,449802000,449802000,https://www.sec.gov/Archives/edgar/data/1327567/000132756714000013/0001327567-14-000013-index.htm,https://www.sec.gov/Archives/edgar/data/1327567/000132756714000013/panw-4302014x10q.htm,0.3350363048630286,-0.3092805278767102,0.0762090875540793,0.0631010978163725,0.8180710623785576,0.6206397481558552,0.1655528432510304,0.6206397481558552,0.2684647911747835,4767901200.0,4533111200.0,-8.568273011537217,31.638362309223623,139.09102365879986,167.9843991121446,17.0791510397077,17.0791510397077,30.080366290643664,-42.75632604553772,132.24164065462818,159.7121939188951,-0.0291774082902556,0.0059529337562615,0.0,0.0,2.214540378412028,1.2069884242975233,-1.1449534598694888,-0.2338474762427773,0.0,0.0,0.1573855341738553,0.1847179827471798,0.2325102483339713,0.1720003500685551,0.0391240875912408,1.2941176470588236,0.1855076310550763,,-0.3083610632961299,-0.2058864446312499,-0.3271667311394791,88566000.0,74466000.0,-84777000.0,341753000.0,100439500.0,17491000.0,0.0,68.55348374253484,55.847141777889696,0.0,1.3128435651499708,1.6115417393774605,0.0,-0.4983253631364963,0.0131079897377068,2014-05-28,0.01773,amc,137000000.0,2025-04-12,2014-04-30,0.1280315848843768,14.35171875,9931211.15625
2014-01-31,PANW,USD,1327567,2014-02-24,2014-02-24 17:12:23,2014,Q2,141068000.0,37504000.0,103564000.0,0.7341423994,24253000,39733000.0,76734000.0,116467000.0,-371000.0,140720000.0,178224000.0,187000.0,184000.0,3936000.0,-37156000.0,-0.2633907052,-37156000.0,-0.2633907052,-184000.0,-37340000.0,-0.2646950407,2606000.0,-39946000.0,-0.2831684011,-0.09,-0.09,437124000,437124000,https://www.sec.gov/Archives/edgar/data/1327567/000132756714000005/0001327567-14-000005-index.htm,https://www.sec.gov/Archives/edgar/data/1327567/000132756714000005/panw-1312014x10q.htm,0.3227184963534374,-0.0913836806032155,0.094700817159433,0.0722746863590194,1.0024889962573549,0.6507169590322197,0.6507169590322197,0.6507169590322197,0.000420933190582,4331898840.0,4070031840.0,-27.11096755620087,30.70787733575297,104.64534834283506,137.11578007786534,15.22935565524321,15.22935565524321,28.85155981512462,-109.53902034664657,98.3194472895932,128.82701357895738,-0.0092213603030489,0.0072931065952592,0.0,0.0,7.047771557756486,2.112891872043956,-201.93478260869568,-1.0362990036549342,0.0,0.0,0.2816584909405393,0.171924178410412,0.0,0.2368103198376654,0.0694913091558681,2.490599593495935,0.1725834349391782,,-0.0932603777793789,-0.0579745902186564,0.2246444944683888,292478000.0,284444000.0,150705000.0,338213000.0,88764500.0,12779500.0,0.5,54.92457538208524,24.815752986348123,0.0,1.638610756185387,3.626728556232473,0.0,-0.1404353756802745,0.0224261308004136,2014-02-24,0.01776,bmo,126989999.0,2025-04-12,2014-01-31,0.126126126126126,11.67126984126984,11695593.682539685
2013-10-31,PANW,USD,1327567,2013-12-05,2013-12-04 21:36:03,2014,Q1,128180000.0,33807000.0,94373000.0,0.7362537057,19893000,14125000.0,67366000.0,81491000.0,237000.0,101384000.0,135191000.0,160000.0,8000.0,3146000.0,-3865000.0,-0.03015291,-7011000.0,-0.0546965205,397000.0,-6614000.0,-0.0515993135,1247000.0,-7861000.0,-0.0613278203,-0.0183,-0.0183,430086000,430086000,https://www.sec.gov/Archives/edgar/data/1327567/000132756713000036/0001327567-13-000036-index.htm,https://www.sec.gov/Archives/edgar/data/1327567/000132756713000036/panw-10312013x10q.htm,0.2980334165724994,-0.018277739800877,0.0904028496626256,0.0539450249484986,1.0154550485251788,0.673769897183354,0.6593472003273764,0.673769897183354,1.860093097659538e-05,3023504580.0,2757322580.0,-96.15521498537085,23.587958963956936,77.76303541575577,130.3178561268911,10.4338291594629,10.4338291594629,21.51133234513965,-713.40817076326,70.91696664180448,118.84498857807851,-0.0025999629873224,0.0076735455118774,0.0,0.0,68.86985769728331,2.4190181711477736,-876.375,-4.946062841877624,0.0,0.0,0.1101965985333125,0.1551958183804025,0.0096930507873357,0.4032818085954579,0.1223279762833515,4.98410680228862,0.112209393041036,,-0.0202443312577168,-0.0124041404992583,0.3607377373362537,324003000.0,283576000.0,202168000.0,372615000.0,89450000.0,15381000.0,0.5,64.20276174130129,40.51291152719851,2.6621705563936463e-06,1.4018088561773423,2.2215139965829938,33807000.0,-0.0271275696306495,0.0364578247141269,2013-11-25,0.00921,amc,112175000.0,2025-04-12,2013-10-31,0.0857763300760044,11.344754098360657,10608545.409836063
2013-07-31,PANW,USD,1327567,2013-09-25,2013-09-24 20:17:55,2013,Q4,112385000.0,30258000.0,82127000.0,0.7307647818,17627000,11748000.0,59635000.0,71383000.0,-132000.0,89010000.0,119268000.0,137000.0,0.0,2671000.0,-4212000.0,-0.0374783112,-6883000.0,-0.061244828,5000.0,-6878000.0,-0.0612003381,8958000.0,-15836000.0,-0.1409084842,-0.0373,-0.0372,424728000,425616000,https://www.sec.gov/Archives/edgar/data/1327567/000132756713000026/0001327567-13-000026-index.htm,https://www.sec.gov/Archives/edgar/data/1327567/000132756713000026/panw-7312013x10k.htm,0.2646046410879433,-0.0372850388954813,0.098251116008363,0.0844846584166807,0.9879758339454898,0.6413987304816259,0.6382013900661129,0.6413987304816259,0.0,3465780480.0,3155166480.0,-54.71363475625158,30.83846136050185,83.0524917325665,96.58558314522196,12.722195433521769,12.722195433521769,28.074622769942607,-749.0898575498576,75.60906973400431,87.92928350472368,-0.0045692449626815,0.0103535120608677,0.0,0.0,73.74501424501425,2.570081804155224,0.0,-2.635135135135135,0.0,0.0,0.1045335231570049,0.1568447746585398,0.0023189653111477,0.1401150251617541,0.0520265159941273,2.1890677648820667,0.1254259910130355,,-0.0417584849368161,-0.0271049280442551,0.4050374592680492,323597000.0,271062000.0,216513000.0,357041000.0,89475000.0,14177000.0,0.0,70.04039685011345,46.23438429506246,0.0,1.2849727307028276,1.9466031909418424,0.0,-0.0581308273988693,0.0137664575916822,2013-09-09,0.01005,amc,112400000.0,2025-04-12,2013-07-31,-0.0049751243781094,7.9240625,6352272.375
2013-04-30,PANW,USD,1327567,2013-06-04,2013-06-03 21:40:46,2013,Q3,101289000.0,27690000.0,73599000.0,0.726623819,16048000,12268000.0,51733000.0,64001000.0,-157000.0,80049000.0,107739000.0,133000.0,24000.0,2753000.0,-3697000.0,-0.0364995212,-6450000.0,-0.0636791754,-24000.0,-6474000.0,-0.0639161212,808000.0,-7282000.0,-0.0718932954,-0.01745,-0.01745,417450000,417450000,https://www.sec.gov/Archives/edgar/data/1327567/000132756713000016/0001327567-13-000016-index.htm,https://www.sec.gov/Archives/edgar/data/1327567/000132756713000016/panw-4302013x10q.htm,0.2426374416097736,-0.0174440052700922,0.036425919271769,0.021192957240388,0.8664438854952689,0.6321260031141454,0.628736375613846,0.6321260031141454,5.749191519942508e-05,3765399000.0,3551735000.0,-129.27077039274926,37.174806741107126,247.62587136656583,425.6130891827738,14.269306998230263,14.269306998230263,35.065357541292734,-960.7073302677846,233.5745758253321,401.4620775404091,-0.0019339251962408,0.0023495518004864,0.0,0.0,57.79388693535299,2.5971277565955013,-268.75,-2.0881625926943146,0.0,0.0,0.1211187789394702,0.1584377375628153,0.0026263184954071,0.4181901880836512,0.062780756054458,2.309843806756266,0.1241793284561995,,-0.0203358699680184,-0.0135513862163681,0.3723026709785603,290706000.0,262466000.0,197828000.0,321621000.0,80037500.0,11789500.0,0.5,81.29224298788615,41.63596966413868,0.0,1.1071167025544055,2.161592505854801,0.0,-0.027595772336773,0.015232962031381,2013-05-30,0.0087,amc,84416666.0,2025-04-12,2013-04-30,0.1494252873563219,7.88484375,5284245.0
2013-01-31,PANW,USD,1327567,2013-03-05,2013-03-05 16:48:05,2013,Q2,96499000.0,27618000.0,68881000.0,0.713800143,15495000,9747000.0,45796000.0,55543000.0,-60000.0,71038000.0,98656000.0,116000.0,0.0,2415000.0,258000.0,0.0026736028,-2157000.0,-0.0223525632,56000.0,-2101000.0,-0.0217722463,512000.0,-2613000.0,-0.0270780008,-0.00645,-0.00645,405906000,405906000,https://www.sec.gov/Archives/edgar/data/1327567/000132756713000010/0001327567-13-000010-index.htm,https://www.sec.gov/Archives/edgar/data/1327567/000132756713000010/panw-1312013x10q.htm,0.2377373086379605,-0.0064374510354614,0.0850122934866693,0.0696860849556301,0.8313353337964947,0.5999418584598405,0.5975841697338793,0.5999418584598405,0.0,3746512380.0,3558588380.0,-358.449328358209,38.82436481207059,108.57253252963169,132.45111998868697,15.384824162286463,15.384824162286463,36.87694566783075,13792.978217054264,103.12656504477351,125.8074093190978,-0.0006974486495624,0.0075499550331126,0.0,0.0,-728.3875968992248,2.524757982437454,0.0,-13.205893608878684,0.0,0.0,0.1010062280438139,0.1605716121410584,0.0019524675149801,0.1802822615701162,0.0644669892952258,2.575983436853002,0.0906330635550627,,-0.0083531738294225,-0.0053414610214394,0.3504616844786724,257678000.0,242563000.0,180045000.0,284615000.0,62477500.0,10529500.0,1.0,63.96688048580815,35.09341733651966,3.25874429719748e-06,1.40697810048698,2.56458352678986,27618000.0,-0.0107301248357424,0.0153262085310392,2013-02-28,0.00808,amc,77200000.0,2025-04-12,2013-01-31,0.2376237623762375,8.3246875,6587196.5
2012-10-31,PANW,USD,1327567,2012-12-10,2012-12-10 17:24:47,2013,Q1,85934000.0,24190000.0,61744000.0,0.7185048991,13312000,8956000.0,42607000.0,51563000.0,0.0,64875000.0,89065000.0,98000.0,72000.0,2053000.0,-1078000.0,-0.0125445109,-3131000.0,-0.0364349384,-72000.0,-3203000.0,-0.0372727907,312000.0,-3515000.0,-0.0409034841,-0.00875,-0.00875,400878000,400878000,https://www.sec.gov/Archives/edgar/data/1327567/000132756712000006/0001327567-12-000006-index.htm,https://www.sec.gov/Archives/edgar/data/1327567/000132756712000006/panw-10312012x10q.htm,0.2143644699883755,-0.0087682536831654,0.0575636477930941,0.0475481318505879,0.8021318206536652,0.5881814417353908,0.5881814417353908,0.5881814417353908,0.000179605765345,3672042480.0,3497569480.0,-261.16945092460884,42.73096190099378,159.12820592823715,192.6468957557316,15.57342573232848,15.57342573232848,40.70064793911607,-3244.498589981447,151.5674068296065,183.49349352080165,-0.0009572329348433,0.0051908440884921,0.0,0.0,161.84879406307977,2.767845122566893,-43.48611111111112,-6.565007112375533,0.0,0.0,0.1042195173039774,0.1549095817720576,0.0,0.1739902929450511,0.0467219028556799,1.9556746225036528,0.0963995624549072,,-0.0113894695890223,-0.007911374598523,0.3874638930048543,252123000.0,235789000.0,186231000.0,275088000.0,51005500.0,9752000.0,0.5,59.03612074382666,38.28441504754031,3.720545680033072e-06,1.524490411396335,2.350826044703596,24190000.0,-0.0149073960193223,0.0100155159425061,2012-12-06,0.00812,amc,64425000.0,2025-04-12,2012-10-31,0.231527093596059,9.1515,6443917.933333334
2012-07-31,PANW,USD,1327567,2012-10-04,2012-10-04 17:04:11,2012,Q4,75642000.0,21567000.0,54075000.0,0.7148806219,11746000,8852000.0,37721000.0,46573000.0,0.0,58319000.0,79886000.0,11000.0,66000.0,1941000.0,-4167000.0,-0.0550884429,-4244000.0,-0.0561063959,-66000.0,-4310000.0,-0.0569789271,289000.0,-4599000.0,-0.0607995558,-0.02955,-0.02955,155514000,155514000,https://www.sec.gov/Archives/edgar/data/1327567/000119312512415530/0001193125-12-415530-index.htm,https://www.sec.gov/Archives/edgar/data/1327567/000119312512415530/d405168d10k.htm,0.4863999382692233,-0.0295729001890505,0.1214681636380004,0.1003510937921987,2.074681379168435,1.472992785215479,1.472992785215479,1.472992785215479,0.000424399089471,1480493280.0,1157851280.0,-80.47908675799087,19.572370905052747,78.37444573848597,94.86692810457517,6.463032334952919,6.463032334952919,15.306989238782688,-277.86207823374133,61.294403388036,74.19270024349609,-0.0031063970786817,0.0105410812806931,0.0,0.0,77.42788576913847,3.1281822205465306,-64.3030303030303,-4.107414655359861,0.0,0.0,0.1170249332381481,0.1552841014251341,0.0,0.1738485971413446,0.0434150339758335,1.6919113858835653,0.0857592342878295,,-0.0158453679800356,-0.0112774764347578,1.1454949393623726,259651000.0,229071000.0,202924000.0,280630000.0,42219000.0,9864000.0,2153000.0,54.30554453874832,38.450410349144526,0.0,1.6572893387669252,2.340677230301715,0.0,-0.0200767447647236,0.0211170698458016,2012-10-04,,amc,,2025-04-12,2012-07-31,,9.318548387096774,3647206.4516129033
2012-04-30,PANW,USD,1327567,2012-04-30,2012-04-29 20:00:00,2012,Q3,65700000.0,18633000.0,47067000.0,0.7163926941,10462000,6430000.0,30216000.0,36646000.0,-3000.0,47108000.0,65741000.0,3000.0,0.0,1719000.0,1678000.0,0.0255403349,-41000.0,-0.0006240487,0.0,-41000.0,-0.0006240487,-837000.0,796000.0,0.0121156773,0.0001,0.0001,399608664,399608664,,,0.1644108497107059,0.0019919488031921,0.0269638798422048,0.0164085531438827,0.2259285349228564,0.0272841932175924,0.0272841932175924,0.0272841932175924,0.0,3536536676.4,3446253676.4,1110.721317964824,53.82856432876712,328.2168609187935,539.3528559402166,324.3636316976979,324.3636316976979,52.45439385692542,2053.7864579261027,319.8379282041764,525.5839067256368,0.0002250789608126,0.0018540738015686,0.0,0.0,-53.80393325387366,1.341454404228514,0.0,13.53643216080402,0.0,0.0,0.097869101978691,0.1592389649923896,0.0,0.391461716937355,0.0642009132420091,2.4537521815008727,0.0586149162861491,0.0349692166137809,0.0130663164806303,0.0047810966490278,-0.0852158700943481,36047000.0,10903000.0,-13970000.0,55660000.0,31434500.0,7392000.0,2153000.0,53.14520547945205,50.78409273868942,20.798583158911608,1.6934735539746366,1.7722084839261936,4.327217835578263,0.0730074291479409,0.010555326698322,2012-09-10,,amc,,2025-04-12,2012-04-30,,10.4782,3430527.12
2012-01-31,PANW,USD,1327567,2012-01-31,2012-01-30 19:00:00,2012,Q2,56683000.0,15513000.0,41170000.0,0.7263200607,8514000,5768000.0,25612000.0,31380000.0,-566000.0,39894000.0,55407000.0,2000.0,564000.0,1324000.0,2600000.0,0.0458691318,1276000.0,0.0225111585,-564000.0,712000.0,0.0125610853,288000.0,424000.0,0.0074801969,0.0011,0.0011,350526000,385968000,,,0.161708403941505,0.0012096106993489,0.0773437633727597,0.0649880465357776,0.2362791918431157,-0.1784632238407422,-0.1784632238407422,-0.1784632238407422,0.0016090104585679,3102155100.0,3019333100.0,1829.1008844339624,54.72813894818552,114.42422264025672,136.17888937664617,-49.59004891617111,-49.59004891617111,53.266995395444845,1161.2819615384617,111.36930028401756,132.54315627743634,0.0001366791750676,0.0073432820944381,0.0,0.0,-31.854615384615386,1.2967572658772877,2.2624113475177303,63.94103773584906,0.0,0.0,0.1017589047862674,0.1502037647972055,0.0,0.159750654715798,0.0764073884586207,3.2711480362537766,0.0361660462572552,,0.0160062597379421,0.0031026584807218,-0.2805391040892829,26466000.0,-62556000.0,-83563000.0,43530000.0,,,,38.22257114125928,24.7727712241346,0.0,2.354629668092884,3.633021077283373,0.0,-0.0067779269774282,0.0123557168369821,2012-01-30,,amc,,2025-04-12,2012-01-31,,,
2011-10-31,PANW,USD,1327567,2011-10-31,2011-10-30 20:00:00,2012,Q1,57113000.0,14840000.0,42273000.0,0.7401642358,7848000,5157000.0,22368000.0,27525000.0,0.0,35373000.0,50213000.0,2000.0,462000.0,1150000.0,8050000.0,0.1409486457,6900000.0,0.1208131249,-462000.0,6438000.0,0.1127238982,2322000.0,4116000.0,0.0720676553,0.04105,0.04105,100290000,100290000,,,0.5694785123142886,0.0410409811546515,0.2053245587795393,0.1780835576827201,,,,,,887566500.0,,53.90952988338192,15.540533678847195,43.10249125874125,49.69577267637178,0.0,0.0,,,,,0.0046373990005255,0.0201224358963525,0.0,0.0,,0.0,14.935064935064934,5.002915451895044,0.0,0.0,0.0902946789697617,0.1374117976642795,0.0,0.1326728826728826,0.0478349937842522,2.375652173913044,0.025370756220125,,0.0,0.0,,,,,,,,,,,,0.0,0.0,0.0,0.0,0.0272410010968192,2011-10-30,,amc,,2025-04-12,2011-10-31,,,
2011-07-31,PANW,USD,1327567,2011-07-31,2011-07-30 20:00:00,2011,Q4,40226000.0,11353000.0,28873000.0,0.7177696018,6929000,3818000.0,23507000.0,27325000.0,0.0,34254000.0,45607000.0,0.0,456000.0,1058000.0,-4323000.0,-0.1074678069,-5381000.0,-0.133769204,-456000.0,-5837000.0,-0.1451051559,143000.0,-5980000.0,-0.1486600706,-0.06,-0.06,100290000,100290000,,,0.4010968192242496,-0.0596270814637551,0.1011167613919633,0.0801974274603649,0.4039984046265829,-0.7124738259048758,-0.7124738259048758,-0.7124738259048758,0.0045468142387077,887566500.0,847049500.0,-37.105622909698994,22.064498085815146,87.52258159944778,110.3526669153301,-12.421508942816358,-12.421508942816358,21.05726395863372,-195.94020356234097,83.52721625086284,105.31511873678976,-0.0067375233292378,0.0090618562102107,0.0,0.0,9.372426555632662,1.1451394167001985,-11.800438596491228,-1.695819397993311,0.0,0.0,0.0949137373837816,0.1722517774573659,0.0,0.2068829503993689,0.0521553224282802,1.9829867674858224,0.0229453587232138,,-0.2290236594987786,-0.065590312815338,-0.9732949446604846,9739000.0,-71454000.0,-85786000.0,22405000.0,,,,66.39810073087058,43.08552805425879,35.50691447194574,1.3554604575934226,2.088868445262189,2.5347175708863587,0.0836902062865619,0.0209193339315983,2011-07-30,,amc,,2025-04-12,2011-07-31,,,
2011-04-30,PANW,USD,1327567,2011-04-30,2011-04-29 20:00:00,2011,Q3,31159000.0,8270000.0,22889000.0,0.7345871177,5401000,4499000.0,15018000.0,19517000.0,0.0,24918000.0,33188000.0,1000.0,591000.0,444000.0,-1585000.0,-0.050868128,-2029000.0,-0.0651176225,-591000.0,-2620000.0,-0.0840848551,87000.0,-2707000.0,-0.0868769858,-0.027,-0.027,100290000,100290000,,,0.3106890018945059,-0.0269917240003988,0.1231927410509522,0.0459866387476318,,,,,,887566500.0,,-81.9695696342815,28.485076542892905,71.838648320518,192.44720294882916,0.0,0.0,,,,,-0.0030499123164292,0.005196230366964,0.0,0.0,,0.0,-3.4331641285956005,-4.564093091983746,0.0,0.0,0.1443884591931705,0.173336756635322,0.0,0.6267098340752731,0.2484996309252543,17.43918918918919,0.0759331172373952,,0.0,0.0,,,,,,,,,,,,0.0,0.0,0.0,0.0,0.0772061023033203,2011-04-29,,amc,,2025-04-12,2011-04-30,,,
