date,symbol,reportedCurrency,cik,fillingDate,acceptedDate,calendarYear,period,revenue,costOfRevenue,grossProfit,grossProfitRatio,researchAndDevelopmentExpenses,generalAndAdministrativeExpenses,sellingAndMarketingExpenses,sellingGeneralAndAdministrativeExpenses,otherExpenses,operatingExpenses,costAndExpenses,interestIncome,interestExpense,depreciationAndAmortization,ebitda,ebitdaratio,operatingIncome,operatingIncomeRatio,totalOtherIncomeExpensesNet,incomeBeforeTax,incomeBeforeTaxRatio,incomeTaxExpense,netIncome,netIncomeRatio,eps,epsdiluted,weightedAverageShsOut,weightedAverageShsOutDil,link,finalLink,revenuePerShare,netIncomePerShare,operatingCashFlowPerShare,freeCashFlowPerShare,cashPerShare,bookValuePerShare,tangibleBookValuePerShare,shareholdersEquityPerShare,interestDebtPerShare,marketCap,enterpriseValue,peRatio,priceToSalesRatio,pocfratio,pfcfRatio,pbRatio,ptbRatio,evToSales,enterpriseValueOverEBITDA,evToOperatingCashFlow,evToFreeCashFlow,earningsYield,freeCashFlowYield,debtToEquity,debtToAssets,netDebtToEBITDA,currentRatio,interestCoverage,incomeQuality,dividendYield,payoutRatio,salesGeneralAndAdministrativeToRevenue,researchAndDdevelopementToRevenue,intangiblesToTotalAssets,capexToOperatingCashFlow,capexToRevenue,capexToDepreciation,stockBasedCompensationToRevenue,grahamNumber,roic,returnOnTangibleAssets,grahamNetNet,workingCapital,tangibleAssetValue,netCurrentAssetValue,investedCapital,averageReceivables,averagePayables,averageInventory,daysSalesOutstanding,daysPayablesOutstanding,daysOfInventoryOnHand,receivablesTurnover,payablesTurnover,inventoryTurnover,roe,capexPerShare,report_date,epsEstimated,time,revenueEstimated,updatedFromDate,fiscalDateEnding,surprise(%),QuarterAvgPrice,QuarterAvgVolume
2024-12-31,PAYC,USD,1590955,2025-02-20,2025-02-20 16:05:39,2024,Q4,493800000.0,83732000.0,410068000.0,0.8304333738,66700000,66000000.0,107500000.0,173500000.0,0.0,261669000.0,345300000.0,0.0,1047000.0,39742000.0,188242000.0,0.3812110166,148500000.0,0.3007290401,3000000.0,151500000.0,0.3068043742,37900000.0,113600000.0,0.2300526529,2.03,2.02,55900000,56200000,https://www.sec.gov/Archives/edgar/data/1590955/000095017025024136/0000950170-25-024136-index.htm,https://www.sec.gov/Archives/edgar/data/1590955/000095017025024136/payc-20241231.htm,8.833631484794276,2.032200357781753,2.8691771019678,1.9505545617173523,7.191413237924865,28.191413237924863,26.43649373881932,28.191413237924863,1.5106797853309482,11457823000.0,11139223000.0,25.21527948943661,23.20336776022681,71.43860163230187,105.08293591107524,7.270653594771241,7.270653594771241,22.55816727420008,59.17501407762349,69.45215634683609,102.16096518581018,0.0099146233974813,0.0095162929292938,0.0529221397296782,0.0142323247836993,-1.6925022046089608,1.1018736561892086,141.83381088825217,1.4118573943661972,0.0018426711601322,0.1858538732394366,0.1336573511543135,0.1350749291211016,0.0167409000153586,0.3201693404078884,0.1039914945321992,1.2921091037189876,0.0457675172134467,35.90318233166656,0.0564228502911096,0.0197160609531743,-68.90697674418605,398000000.0,1477800000.0,20800000.0,1138100000.0,35058500.0,29472000.0,1365500.0,7.144592952612394,25.689103329670857,1.5048010318635647,12.596938775510203,3.503430962343096,59.80857142857143,0.0720857922457008,0.9186225402504472,2025-02-12,1.99,amc,481134060.0,2025-05-11,2024-12-31,0.1658291457286431,203.68359375,600769.34375
2024-09-30,PAYC,USD,1590955,2024-10-31,2024-10-31 16:10:22,2024,Q3,451934000.0,88353000.0,363581000.0,0.8045002146,63047000,70642000.0,104477000.0,175119000.0,0.0,258707000.0,347060000.0,0.0,789000.0,38076000.0,147179000.0,0.3256648095,104874000.0,0.2320560082,3440000.0,108314000.0,0.2396677391,35036000.0,73278000.0,0.1621431448,1.31,1.31,55929000,55964000,https://www.sec.gov/Archives/edgar/data/1590955/000095017024119531/0000950170-24-119531-index.htm,https://www.sec.gov/Archives/edgar/data/1590955/000095017024119531/payc-20240930.htm,8.080494913193514,1.3101968567290672,1.6589068283001662,0.7968495771424484,5.824473886534713,26.187702265372167,24.416313540381555,26.187702265372167,1.4585098964758891,9316093530.0,9071120530.0,31.78339177515761,20.61383637876327,100.40949687974908,209.03568851392285,6.360619130004944,6.360619130004944,20.07178156544982,61.633252909722174,97.76916103512572,203.53895326138172,0.0078657432714718,0.0047838721086777,0.0551557639630437,0.0231305099741448,-1.6644562063881396,1.1917366147631807,132.92015209125475,1.266150822893638,0.00228497061901,0.2904964655148885,0.156310434709493,0.1395048834564339,0.0283668286313932,0.5196538084306054,0.1066837193041461,1.2662569597646811,0.0534502825633831,27.784861288902704,0.0378788723117083,0.0215939021493709,-30.007111695184967,318222000.0,1365580000.0,-49973000.0,1048849000.0,25475500.0,25020500.0,1373000.0,6.156938845052596,35.69725985535296,1.355811347662219,14.617653718019213,2.521201917589316,66.3809166040571,0.0500309971242315,0.8620572511577178,2024-10-30,1.61,amc,481590000.0,2025-04-25,2024-09-30,0.0372670807453415,160.015625,796680.171875
2024-06-30,PAYC,USD,1590955,2024-08-01,2024-08-01 16:22:05,2024,Q2,437512000.0,118873000.0,318639000.0,0.7282977381,62371000,70072000.0,106864000.0,161128000.0,4787000.0,223499000.0,342372000.0,0.0,782000.0,51422000.0,130754000.0,0.2988580862,95140000.0,0.2174568926,4005000.0,99145000.0,0.2266109272,31175000.0,67970000.0,0.1553557388,1.2,1.2,56451000,56771000,https://www.sec.gov/Archives/edgar/data/1590955/000095017024089322/0000950170-24-089322-index.htm,https://www.sec.gov/Archives/edgar/data/1590955/000095017024089322/payc-20240630.htm,7.750296717507219,1.2040530725762166,2.3400116915555085,1.5321074914527644,6.13728720483251,25.27025207702255,23.497953977786043,25.27025207702255,0.0138527218295512,8032977300.000001,7686521300.000001,29.54603979696925,18.360587366746515,60.81166197311047,92.8786007469158,5.63112704876375,5.63112704876375,17.568709658249375,58.78612783384163,58.18890276768411,88.8728196649285,0.0084613708543655,0.010766742736843,0.0,0.0,-2.6496780415870878,1.0754724298671523,121.6624040920716,1.943445637781374,0.0026380007323063,0.3117698984846255,0.1601601784636764,0.1425583755416994,0.0231982236831121,0.3452564801356589,0.1042417122273217,0.886916105946871,0.0551299164365777,26.164886867853586,0.0365226218746661,0.0161345608607884,-44.7117677277639,190710000.0,1326483000.0,-168620000.0,822642000.0,20015500.0,17983000.0,1611000.0,4.121166962277607,11.354386614285836,1.071311399560876,21.838474593191577,7.926451957058078,84.00918727915194,0.047647054287639,0.807904200102744,2024-07-31,1.58,amc,436430000.0,2025-04-25,2024-06-30,0.0253164556962025,171.45730158730157,859486.5238095238
2024-03-31,PAYC,USD,1590955,2024-05-02,2024-05-02 16:05:47,2024,Q1,499881000.0,111518000.0,388363000.0,0.7769109048,50509000,-48104000.0,115524000.0,52040000.0,5009000.0,102549000.0,214067000.0,0.0,782000.0,47848000.0,338671000.0,0.6775032458,285814000.0,0.5717640799,4227000.0,290041000.0,0.5802200924,42854000.0,247187000.0,0.494491689,4.37,4.37,56546000,56552000,https://www.sec.gov/Archives/edgar/data/1590955/000095017024052070/0000950170-24-052070-index.htm,https://www.sec.gov/Archives/edgar/data/1590955/000095017024052070/payc-20240331.htm,8.84025395253422,4.371432108371945,2.628585576344922,1.7845294096841509,6.56677749089237,25.431736992890745,23.645138471333077,25.431736992890745,0.013829448590528,11211940880.0,10840615880.0,11.33953330879051,22.42921991433961,75.43220269652036,111.1105252309034,7.796557508259374,7.796557508259374,21.686393121562933,32.00928299145779,72.93398557549988,107.43068815158362,0.022046762701089,0.009000047456547,0.0,0.0,-1.0964180576429632,1.0780396504517535,365.4910485933504,0.6013099394385627,0.0018916439381011,0.0858014377778766,-0.0962309029549032,0.1010420480074257,0.0213436224981323,0.3211065959794397,0.0954787239362968,0.99749205818425,-0.1876246546678109,50.01394817852162,0.1360084165825012,0.0533623157181656,-51.42671011212111,229617000.0,1337038000.0,-123272000.0,850824000.0,27415000.0,17422000.0,1595000.0,3.600316875416349,16.922918273283237,1.4583295970157282,24.99779966995049,5.318231675330249,61.71444382955174,0.1718888532699888,0.8440561666607718,2024-05-01,2.43,amc,495840000.0,2025-04-25,2024-03-31,0.0658436213991768,191.25131147540984,874770.0
2023-12-31,PAYC,USD,1590955,2024-02-15,2024-02-15 16:05:45,2023,Q4,434595000.0,74689000.0,359906000.0,0.8281411429,55300000,74740000.0,106446000.0,181186000.0,5455000.0,253183000.0,327872000.0,0.0,266000.0,59791000.0,171969000.0,0.3956994443,106723000.0,0.245568863,5189000.0,111912000.0,0.257508715,30155000.0,81757000.0,0.1881222748,1.43,1.43,57229000,57229000,https://www.sec.gov/Archives/edgar/data/1590955/000095017024015863/0000950170-24-015863-index.htm,https://www.sec.gov/Archives/edgar/data/1590955/000095017024015863/payc-20231231.htm,7.59396459836796,1.4285938947037342,2.3496479057820334,1.2816229533977528,5.137692428663789,22.76880602491744,20.98647538835206,22.76880602491744,1.331754879519125,11830378880.0,11612302880.0,36.17543109458517,27.22161755197368,87.97913912603742,161.2954882338505,9.079088283055878,9.079088283055878,26.719826229017823,67.52555914147317,86.35737037808252,158.32223815886346,0.0069107676794878,0.0061998014386501,0.0582861870278334,0.0180936972830985,-1.2681122760497532,1.1099890596032655,401.2142857142857,1.6447276685788372,0.0018149038351001,0.2626197145198576,0.171976207733637,0.1272449061770154,0.024300191135806,0.4545468066751941,0.1406412867152176,1.9723772951692533,0.076906084975667,27.05302180404325,0.0468857887071056,0.01996245670288,-44.97128641073581,278783000.0,1201035000.0,-81077000.0,878981000.0,30575500.0,10382000.0,1109500.0,7.213543644082422,16.719329486269732,1.666510463388183,12.47653087589355,5.382990990990991,54.00506146059291,0.0627434698657596,1.0680249523842806,2024-02-07,1.78,amc,422560000.0,2025-04-25,2023-12-31,0.0842696629213482,211.43444444444447,1056539.5873015872
2023-09-30,PAYC,USD,1590955,2023-11-02,2023-11-02 16:05:47,2023,Q3,406303000.0,68941000.0,337362000.0,0.8303212135,51864000,71827000.0,101162000.0,172989000.0,5362000.0,240461000.0,309402000.0,222000.0,222000.0,56402000.0,158665000.0,0.3905090536,96901000.0,0.2384944241,5140000.0,102041000.0,0.2511450814,26822000.0,75219000.0,0.1851303092,1.3,1.3,57825000,57966000,https://www.sec.gov/Archives/edgar/data/1590955/000095017023058167/0000950170-23-058167-index.htm,https://www.sec.gov/Archives/edgar/data/1590955/000095017023058167/payc-20230930.htm,7.0264245568525725,1.3008041504539558,1.7047643752702115,0.8005361003026372,8.370566364029399,24.579489840034583,22.798651102464333,24.579489840034583,0.5053523562472979,14992287749.999998,14537259749.999998,49.82879242611574,36.89927898637224,152.08553379050093,323.8704661813311,10.548225438662527,10.548225438662527,35.77935617014887,91.62234739860712,147.469615431435,314.0407368602968,0.0050171795828825,0.0030876541840654,0.0204037264240218,0.0075205499026088,-2.867853653924936,1.23820166094178,436.490990990991,1.3105465374439969,0.0014431419914549,0.2876400909344713,0.1767818598435158,0.1276485775394225,0.0267049540455501,0.5304124652559394,0.1286896724858049,1.8061763791495389,0.0817074941607618,26.82153619759784,0.0399901664223279,0.0200417039245172,-33.38707306528318,493056000.0,1318332000.0,128174000.0,1064315000.0,22224500.0,7687000.0,855000.0,5.829688680615206,8.993342133128326,1.0913679813173582,15.43821718975606,10.00740310640151,82.4653110047847,0.0529223413064998,0.9042282749675746,2023-10-31,1.62,amc,411180000.0,2025-04-25,2023-09-30,0.0925925925925925,304.82761904761907,540453.1587301587
2023-06-30,PAYC,USD,1590955,2023-08-03,2023-08-03 16:07:45,2023,Q2,401139000.0,67428000.0,333711000.0,0.8319086401,49118000,75965000.0,106435000.0,182400000.0,6183000.0,246445000.0,313873000.0,602000.0,602000.0,53958000.0,115004000.0,0.2866936399,87266000.0,0.2175455391,5581000.0,92847000.0,0.2314584221,28331000.0,64516000.0,0.1608320308,1.11,1.11,57920000,58033000,https://www.sec.gov/Archives/edgar/data/1590955/000095017023037954/0000950170-23-037954-index.htm,https://www.sec.gov/Archives/edgar/data/1590955/000095017023037954/payc-20230630.htm,6.925742403314917,1.1138812154696132,1.8281767955801105,1.089157458563536,9.26355317679558,24.2866885359116,22.491919889502764,24.2866885359116,0.5110842541436464,18606220800.0,18098675800.0,72.0992497984996,46.38347505478151,175.71604714415233,294.94357998858663,13.2269987950394,13.2269987950394,45.11821538170061,157.37431567597648,170.922822227259,286.8980375372519,0.0034674424588146,0.0033904789520717,0.0206158450541521,0.0073392805126158,-4.413281277172968,1.238469182481398,144.96013289036546,1.641267282534565,0.0011679427130091,0.3368311736623473,0.1893732596431661,0.1224463340637534,0.0263082836940674,0.4042384406165004,0.1067061542258419,1.5431537962362103,0.0881639531434241,24.67145999505391,0.0343633034128854,0.0167687792341193,-34.428103418508286,521467000.0,1302732000.0,163538000.0,1070412000.0,17966500.0,9260500.0,880500.0,4.067891678445626,11.325413774693006,1.1665776828617191,22.12448292978876,7.946729522687095,77.1487414187643,0.0458638572246096,0.7390193370165746,2023-08-01,1.6,amc,398080000.0,2025-04-25,2023-06-30,0.0125,294.84693548387094,558014.4838709678
2023-03-31,PAYC,USD,1590955,2023-05-04,2023-05-04 16:07:02,2023,Q1,451637000.0,65232000.0,386405000.0,0.8555654209,42669000,65605000.0,103574000.0,169179000.0,14125000.0,225973000.0,291205000.0,837000.0,837000.0,27279000.0,193715000.0,0.4289174713,160432000.0,0.355223332,5167000.0,165599000.0,0.3666639359,46303000.0,119296000.0,0.2641413347,2.06,2.06,57867000,57991000,https://www.sec.gov/Archives/edgar/data/1590955/000095017023017840/0000950170-23-017840-index.htm,https://www.sec.gov/Archives/edgar/data/1590955/000095017023017840/payc-20230331.htm,7.804741908168732,2.0615549449599944,2.524806884752968,1.822886964936838,8.73710404893981,23.061001952753728,21.247723227400765,23.061001952753728,0.5156133893237942,17592146670.0,17115556670.0,36.86658955455338,38.95196068966892,120.40920905114884,166.77391733421814,13.182861725732518,13.182861725732518,37.89671056622908,88.35431778643884,117.1471952663532,162.25583419443524,0.006781207673958,0.0059961414589547,0.0217314576337739,0.0068370071637689,-2.4602637895877963,1.190867171546662,191.67502986857824,1.2247099651287554,0.0,0.0,0.1452604636024063,0.0944763161565593,0.02473794223059,0.2780093495684551,0.0899350584650947,1.5460566382460414,0.0615959277030004,32.706027865780484,0.0689365261781971,0.0288384949040211,-41.26299963709887,489593000.0,1229542000.0,147540000.0,1015539000.0,23114000.0,13045000.0,1247000.0,3.5474950015167046,13.846578366445916,1.22378587196468,25.37001460510055,6.499800717417298,73.54227733934611,0.0893957230992655,0.7019199198161301,2023-05-02,2.35,amc,444190000.0,2025-04-25,2023-03-31,0.0468085106382978,300.9975806451613,516538.62903225806
2022-12-31,PAYC,USD,1590955,2023-02-16,2023-02-16 16:09:38,2022,Q4,370608000.0,59071000.0,311537000.0,0.8406105643,39569000,60021000.0,92727000.0,152748000.0,13386000.0,205703000.0,264774000.0,949000.0,949000.0,48280000.0,163218000.0,0.4404060355,105834000.0,0.2855685792,8155000.0,113989000.0,0.3075729612,34038000.0,79951000.0,0.2157292881,1.38,1.38,57867000,58037000,https://www.sec.gov/Archives/edgar/data/1590955/000095017023003049/0000950170-23-003049-index.htm,https://www.sec.gov/Archives/edgar/data/1590955/000095017023003049/payc-20221231.htm,6.404479236870755,1.3816337463493873,2.2198489640036634,1.4464029585083036,6.925017713031607,20.43663918986642,18.60647692121589,20.43663918986642,0.5175488620457256,17956708770.0,17584978770.0,56.149106233818216,48.45202685856754,139.78878970231054,214.53910763569456,15.184003451696125,15.184003451696125,47.44899940098433,107.73921240304378,136.8949583514978,210.0978359359132,0.0044524306221178,0.0046611548403477,0.0245220939838847,0.0074311091340374,-2.277506157409109,1.1628645241954585,111.52160168598525,1.6066840940075795,0.0,0.0,0.1619527910892371,0.1067677977809437,0.0271378980672197,0.3484228062527246,0.1207664162673228,1.796315620484829,0.0649824072874843,25.205334420523595,0.0486609728937362,0.0210585399015489,-39.69538769937961,387135000.0,1076701000.0,44266000.0,895489000.0,29245000.0,13132500.0,1539000.0,6.903088978111644,24.45971796651487,2.448409541060758,13.037641595722226,3.67951912296001,36.75855631611699,0.0676057219346748,0.77344600549536,2023-02-07,1.49,amc,367075476.0,2025-04-25,2022-12-31,0.1610738255033557,322.66809523809525,419086.4761904762
2022-09-30,PAYC,USD,1590955,2022-11-03,2022-11-03 16:08:05,2022,Q3,334167000.0,55104000.0,279063000.0,0.8351004139,40366000,60693000.0,91114000.0,151807000.0,12625000.0,204798000.0,259902000.0,2686000.0,1018000.0,45649000.0,121955000.0,0.3649522544,74265000.0,0.2222391798,1023000.0,75288000.0,0.2253005234,23135000.0,52153000.0,0.1560686723,0.9,0.9,57865000,58033000,https://www.sec.gov/Archives/edgar/data/1590955/000095017022021851/0000950170-22-021851-index.htm,https://www.sec.gov/Archives/edgar/data/1590955/000095017022021851/payc-20220930.htm,5.774941674587402,0.9012874794780956,1.1697744750712866,0.7494858722889484,5.481085284714421,18.60157262593969,16.754480255767735,18.60157262593969,0.518759180851983,19094871350.0,18806708350.0,91.5329480087435,57.141702651668176,282.09711105201734,440.28848601535657,17.739897944963673,17.739897944963673,56.27937034476773,154.21022795293345,277.8399496225384,433.6440395213171,0.0027312569455986,0.0022712381353645,0.0269421579739497,0.0087492495255794,-2.362863351236112,1.1742095265194927,72.95186640471513,1.2978927386727512,0.0,0.0,0.1816247564840334,0.1207958894804095,0.0322461133721719,0.3592902835024893,0.0727779822663518,1.032258064516129,0.0732926949698803,19.42217035743285,0.0363098599884716,0.0162587508510802,-32.79605115354705,330607000.0,969498000.0,-9828000.0,821349000.0,25181000.0,11843000.0,1559000.0,8.097029329646555,16.677373693379792,2.402547909407666,11.11518759978712,5.396533150523945,37.46023113528212,0.048452219476393,0.4202886027823382,2022-11-01,1.18,amc,328094719.0,2025-04-25,2022-09-30,0.076271186440678,344.33125,367161.453125
2022-06-30,PAYC,USD,1590955,2022-08-04,2022-08-04 16:08:48,2022,Q2,316924000.0,50082000.0,266842000.0,0.8419747321,36803000,57912000.0,87724000.0,145636000.0,12090000.0,194529000.0,244611000.0,0.0,354000.0,22568000.0,95759000.0,0.3021513044,72313000.0,0.2281714228,524000.0,72837000.0,0.229824816,15482000.0,57355000.0,0.1809739875,0.99,0.99,57969000,58067000,https://www.sec.gov/Archives/edgar/data/1590955/000156459022028006/0001564590-22-028006-index.htm,https://www.sec.gov/Archives/edgar/data/1590955/000156459022028006/payc-10q_20220630.htm,5.46712898273215,0.9894081319325848,0.8923217581810968,0.3187910779899601,4.8135900222532735,17.1494936949059,15.288878538529216,17.1494936949059,0.5063740964998533,16238276280.0,15988237280.0,70.77968912910818,51.237130289911775,313.9226376940476,878.6946038961039,16.334009912094785,16.334009912094785,50.448174578132296,166.96328574859805,309.08881783207994,865.1643549783549,0.0035320867197364,0.0011380518277522,0.0291709710613908,0.0059284057106492,-2.611127935755386,1.0783304450756517,204.27401129943505,0.9018742916920932,0.0,0.0,0.1827315066072623,0.1161256326437884,0.0220491718323863,0.6427397683994819,0.1049052769749214,1.473192130450195,0.0765735633779707,19.539104168461662,0.043032833848193,0.0119893098543117,-62.14490503544998,279520000.0,886281000.0,-49572000.0,762318000.0,19121500.0,12833500.0,1189500.0,5.764221075084247,24.215286929435727,2.959746016532886,15.613557986008471,3.716660482374768,30.408014571949,0.0576931394905541,0.5735306801911366,2022-08-02,1.12,amc,309091795.0,2025-04-25,2022-06-30,0.1249999999999999,295.1077419354839,455535.5
2022-03-31,PAYC,USD,1590955,2022-05-05,2022-05-05 16:06:10,2022,Q1,353519000.0,48484000.0,305035000.0,0.8628531988,31605000,60504000.0,74996000.0,135500000.0,11663000.0,178768000.0,227252000.0,0.0,215000.0,41543000.0,169222000.0,0.4786786566,126267000.0,0.3571717503,1197000.0,127464000.0,0.3605577069,35534000.0,91930000.0,0.2600426003,1.58,1.58,58014000,58219000,https://www.sec.gov/Archives/edgar/data/1590955/000156459022018242/0001564590-22-018242-index.htm,https://www.sec.gov/Archives/edgar/data/1590955/000156459022018242/payc-10q_20220331.htm,6.093684283104079,1.5846175061192127,2.020736373978695,1.4265004998793396,6.215637604716103,17.39269831420002,15.515772055021202,17.39269831420002,0.4987589202606267,20094889320.0,19763015320.0,54.64725693462417,56.842459160610886,171.41276044732194,242.8180011358556,19.91525373134328,19.91525373134328,55.90368642138046,116.78750587985014,168.581819825814,238.80777843566105,0.0045747950404735,0.0041183108143638,0.0284632613823313,0.0052749765179057,-1.961175260899883,1.078240139709585,587.2883720930232,1.2752202762971827,0.0,0.0,0.1711478025226367,0.0894011354410937,0.0199993608315361,0.2940689749298393,0.0975166822716742,1.5919649041791737,0.062387028702842,24.902156936999617,0.0682752037931143,0.017229274736182,-70.00267607818802,321765000.0,900132000.0,-1258000.0,793158000.0,21924000.0,8982000.0,931500.0,4.5684956112684185,22.631796056430986,1.358798778978632,19.700139314572304,3.976706036745407,66.23497267759562,0.0911082039999207,0.5942358740993553,2022-05-03,1.75,amc,343073763.0,2025-04-25,2022-03-31,0.0857142857142856,335.3690322580645,553220.7580645161
2021-12-31,PAYC,USD,1590955,2022-02-17,2022-02-17 16:06:55,2021,Q4,284986000.0,46523000.0,238463000.0,0.8367533844,34414000,49606000.0,75509000.0,125115000.0,1376000.0,169837000.0,216360000.0,0.0,0.0,37430000.0,53159000.0,0.18653197,68626000.0,0.2408048115,1376000.0,70002000.0,0.2456331188,21315000.0,48687000.0,0.1708399711,0.84,0.84,58007000,58238000,https://www.sec.gov/Archives/edgar/data/1590955/000156459022005562/0001564590-22-005562-index.htm,https://www.sec.gov/Archives/edgar/data/1590955/000156459022005562/payc-10k_20211231.htm,4.912958780836796,0.8393297360663369,1.5467960763356148,0.8921509472994639,4.792145775509852,15.407002603134105,13.512110607340494,15.407002603134105,0.5026117537538572,24083926330.0,23835103330.0,123.6671304968472,84.50915599362776,268.4193516857063,465.3808879055477,26.948135902537057,26.948135902537057,83.63604994631315,448.3738093267368,265.64617809974925,460.5728069022821,0.0020215557601732,0.0021487775411244,0.0326222930378174,0.0090680202603615,-4.68073139073346,1.1314442753000638,0.0,1.8428944071312672,0.0,0.0,0.1740646908970967,0.1207568091064122,0.0341872606056647,0.4232265254945667,0.133248650810917,2.002003374103753,0.0741861003698427,17.05754956435399,0.0385739512407773,0.0156790419254238,-34.883035668109024,261628000.0,783797000.0,-69393000.0,720498000.0,24559000.0,7606500.0,998500.0,8.180296575972154,11.166089891021644,2.1879500462137007,11.002046095046904,8.06011781011781,41.13439434129089,0.0544771593597056,0.6546451290361508,2022-02-08,1.08,amc,276577899.0,2025-04-25,2021-12-31,0.0277777777777778,473.4828125,321150.59375
2021-09-30,PAYC,USD,1590955,2021-11-04,2021-11-04 16:06:35,2021,Q3,256194000.0,42680000.0,213514000.0,0.8334074959,31077000,59980000.0,69745000.0,129725000.0,244000.0,170209000.0,212889000.0,0.0,0.0,34721000.0,51463000.0,0.2008751181,43305000.0,0.1690320616,244000.0,43549000.0,0.1699844649,13170000.0,30379000.0,0.1185781088,0.52,0.52,57935000,58190000,https://www.sec.gov/Archives/edgar/data/1590955/000156459021054471/0001564590-21-054471-index.htm,https://www.sec.gov/Archives/edgar/data/1590955/000156459021054471/payc-10q_20210930.htm,4.422093725727108,0.5243635108311038,1.435988607922672,0.9960818158280832,3.9859497712954175,14.245982566669545,12.330974367826013,14.245982566669545,0.5107448002071286,28721276250.0,28519940250.0,236.3579796076237,112.1075288648446,345.23254381325575,497.7000805780828,34.799284477567454,34.799284477567454,111.32165565938313,554.1833987525018,342.8124654422194,494.2112055520898,0.0010577176214444,0.0020092421902734,0.0358518479028668,0.0070151098686166,-3.9122476342226458,1.0735220118246185,0.0,2.738536489022022,0.0,0.0,0.2341194563494851,0.1213026066184219,0.0263027502360102,0.306344207514965,0.0994793008423304,1.4713931066335662,0.1131603394302755,12.964437984837394,0.0266499549938215,0.0073967176776171,-54.26644946923276,226909000.0,714395000.0,-79515000.0,667151000.0,25558500.0,9330500.0,874000.0,8.15534321646877,19.908388003748826,1.8261480787253983,11.035709670471675,4.520707552166084,49.28406466512702,0.0368078164055826,0.4399067920945887,2021-11-02,0.91,amc,250070000.0,2025-04-25,2021-09-30,0.0109890109890109,445.6209375,373905.0
2021-06-30,PAYC,USD,1590955,2021-08-05,2021-08-05 16:09:37,2021,Q2,242146000.0,36410000.0,205736000.0,0.8496361699,28224000,54063000.0,67979000.0,122042000.0,146000.0,158646000.0,195056000.0,0.0,0.0,32540000.0,54873000.0,0.226611218,47090000.0,0.1944694523,146000.0,47236000.0,0.1950723943,-5042000.0,52278000.0,0.215894543,0.9,0.9,57853000,58092000,https://www.sec.gov/Archives/edgar/data/1590955/000156459021041585/0001564590-21-041585-index.htm,https://www.sec.gov/Archives/edgar/data/1590955/000156459021041585/payc-10q_20210630.htm,4.185539211449709,0.9036350751041432,0.985013741724716,0.3385131281005306,3.497865279242218,13.694294159334866,11.7587679117764,13.694294159334866,0.5189877793718563,21027829910.0,20855492910.0,100.55773896285244,86.83946837858151,368.9999282279858,1073.724974979575,26.541711151446,26.541711151446,86.12776139188755,380.068392652124,365.9757293019338,1064.9250873161764,0.0024861338627786,0.0009313371890404,0.0378981036432668,0.0092867899935881,-3.140652051099812,1.098505133301759,0.0,1.09005700294579,0.0,0.0,0.2232661286992145,0.1165577791910665,0.0346343912180525,0.6563366440880216,0.1544605320756898,2.335143909596054,0.0982547719144648,16.686206937207086,0.0478284077966512,0.0167498047970738,-38.32301695676974,211314000.0,680280000.0,-84309000.0,644287000.0,23847000.0,10676500.0,985000.0,10.370520264633734,22.79044218621258,2.180170282889316,8.6784459895348,3.949023861171367,41.281179138322,0.0659862468696986,0.6465006136241854,2021-08-03,0.84,amc,179793401.0,2025-04-25,2021-06-30,0.1547619047619047,354.468253968254,376227.9206349207
2021-03-31,PAYC,USD,1590955,2021-05-06,2021-05-06 16:10:13,2021,Q1,272198000.0,36273000.0,235925000.0,0.8667403875,24711000,46191000.0,62761000.0,108952000.0,629000.0,141379000.0,177652000.0,0.0,0.0,30503000.0,102375000.0,0.3761048942,94546000.0,0.3473427432,629000.0,95175000.0,0.349653561,30559000.0,64616000.0,0.2373860205,1.12,1.11,57740000,58394000,https://www.sec.gov/Archives/edgar/data/1590955/000156459021024960/0001564590-21-024960-index.htm,https://www.sec.gov/Archives/edgar/data/1590955/000156459021024960/payc-10q_20210331.htm,4.714201593349498,1.1190855559404227,1.549307239348805,1.1106165569795636,3.725199168687219,12.910910980256322,12.012244544509873,12.910910980256322,0.5275199168687219,21367264400.0,21182630400.0,82.6701761173703,78.4989764803562,238.85514157639983,333.2023079202208,28.662578540422498,28.662578540422498,77.82066877787493,206.91214065934065,236.7912002414568,330.32311506853586,0.0030240651676496,0.003001179692427,0.0408584582199829,0.0089407189736445,-1.803506715506716,1.0818911317486088,0.0,1.3844403862820354,0.0,0.0,0.1696963239994416,0.0907831798911086,0.0152311292827552,0.2831527996691148,0.0930572597888301,1.698176454813623,0.0866317900939757,18.03023335458648,0.065300771652631,0.0192602784477794,-42.09934187738136,198633000.0,693587000.0,-37090000.0,552101000.0,19684500.0,9460000.0,1119500.0,6.54405983879382,30.10420974278389,2.6995285749731206,13.752930476960389,2.989615099315915,33.3391544117647,0.0866775053791134,0.4386906823692414,2021-05-04,1.42,amc,271410000.0,2025-04-25,2021-03-31,0.0352112676056338,394.17081967213113,424191.62295081967
2020-12-31,PAYC,USD,1590955,2021-02-18,2021-02-18 16:07:23,2020,Q4,220947000.0,33030000.0,187917000.0,0.8505071352,25073000,56713000.0,62488000.0,119201000.0,354000.0,151670000.0,184700000.0,0.0,0.0,14300000.0,50901000.0,0.2303765156,36247000.0,0.1640529177,354000.0,36601000.0,0.1656551119,12234000.0,24367000.0,0.1102843668,0.42,0.42,57653000,58214000,https://www.sec.gov/Archives/edgar/data/1590955/000156459021006660/0001564590-21-006660-index.htm,https://www.sec.gov/Archives/edgar/data/1590955/000156459021006660/payc-10k_20201231.htm,3.8323591140096784,0.4226492983886354,0.9171942483478744,0.5598841343902312,2.631432882937575,11.372226943957816,10.472204395261304,11.372226943957816,0.5358611000294867,26073569250.0,25952753250.0,267.5090209094267,118.0082519789814,493.0798473874317,807.7564128380681,39.76793659049208,39.76793659049208,117.4614421105514,509.8672570283492,490.7950840598347,804.0135459586728,0.0009345479234685,0.0012379969804095,0.0471201553284333,0.0118462586160882,-2.3735486532681085,1.0853157395388904,0.0,2.1701071120778104,0.0,0.0,0.2566814665960615,0.1134797032772565,0.0198967603201335,0.3895686378335445,0.0932350292151511,1.4405594405594406,0.1519685716484043,10.399299694068462,0.0267364445689869,0.0095331693024671,-30.96631138015368,146575000.0,603754000.0,-87664000.0,483682000.0,20606000.0,8012000.0,1037500.0,7.974446360439382,18.493188010899186,3.136239782016349,11.286049956581705,4.866656843966406,28.696785403996525,0.0371650425612719,0.3573101139576431,2021-02-10,0.81,amc,213560000.0,2025-04-25,2020-12-31,0.0370370370370369,398.48046875,394647.609375
2020-09-30,PAYC,USD,1590955,2020-11-05,2020-11-05 16:07:03,2020,Q3,196532000.0,30912000.0,165620000.0,0.8427126371,21772000,40516000.0,62146000.0,102662000.0,246000.0,131584000.0,162496000.0,0.0,0.0,13783000.0,48065000.0,0.2445657705,34036000.0,0.1731829931,246000.0,34282000.0,0.1744346977,6800000.0,27482000.0,0.1398347343,0.48,0.47,57603000,58171000,https://www.sec.gov/Archives/edgar/data/1590955/000156459020051300/0001564590-20-051300-index.htm,https://www.sec.gov/Archives/edgar/data/1590955/000156459020051300/payc-10q_20200930.htm,3.411836189087374,0.4770932069510268,1.159939586479871,0.7946113917677898,2.7151016440115967,10.978577504643855,10.077773727062826,10.978577504643855,0.5438779230248425,17931813900.0,17806744900.0,163.12326158940397,91.24119176520873,268.3760461566092,391.76382723062136,28.35522178245064,28.35522178245064,90.60481193902264,370.47217101841255,266.5042040828544,389.0313925544,0.0015325833824318,0.0025525582774423,0.0495399265337231,0.0126062339474625,-2.60208051596796,1.0924652337724328,0.0,2.4312641001382724,0.0,0.0,0.2061547228949992,0.1107809415260619,0.020879213294388,0.3149545019157088,0.1070767101540716,1.5268083871435827,0.0992306596381251,10.855901936856563,0.0317570446070302,0.0112940809021456,-29.16017828932521,150515000.0,580510000.0,-74484000.0,478028000.0,17627000.0,6452000.0,1150000.0,9.90754686259744,26.893439440993788,2.690217391304348,9.083984284723828,3.346541084767782,33.45454545454545,0.0434567417089527,0.3653281947120809,2020-11-04,0.56,amc,154418000.0,2025-04-25,2020-09-30,0.2499999999999998,292.0959375,476699.734375
2020-06-30,PAYC,USD,1590955,2020-08-06,2020-08-06 16:12:10,2020,Q2,181587000.0,29558000.0,152029000.0,0.8372240304,21778000,40837000.0,56064000.0,96901000.0,162000.0,125453000.0,155011000.0,0.0,3000.0,13075000.0,39813000.0,0.2192502767,26576000.0,0.1463540892,159000.0,26735000.0,0.1472297026,-1854000.0,28589000.0,0.1574396846,0.5,0.49,57568000,58237000,https://www.sec.gov/Archives/edgar/data/1590955/000156459020037741/0001564590-20-037741-index.htm,https://www.sec.gov/Archives/edgar/data/1590955/000156459020037741/payc-10q_20200630.htm,3.154304474708171,0.4966127015008338,0.4426417454141189,-0.021713451917732,1.971894107837688,10.176712757087271,9.27536131183991,10.176712757087271,0.5518169816564759,17830536640.0,17748782640.0,155.9213039980412,98.19280366986624,699.7306585040421,-14264.429312,30.43517168982663,30.43517168982663,97.74258421583043,445.8036982895034,696.5223546032494,-14199.026112,0.0016033729425655,-7.010445199926411e-05,0.0542183790131654,0.0165308352849336,-2.0534498781804937,1.1099188991551583,8858.666666666666,0.8913218370702019,0.0,0.0,0.2248894469317737,0.1199314928932137,0.0270044236273744,1.04905423436151,0.1472131815603539,2.044512428298279,0.1168475716874005,10.663602033583208,0.0352582228068761,0.0152914162357838,-21.03993103807671,122807000.0,533964000.0,-95589000.0,441527000.0,10839000.0,4680500.0,1153000.0,6.749987609245156,11.16550510860004,4.189728669057447,13.333357808943388,8.060539950913553,21.48110465116279,0.0487989307898056,0.464355197331851,2020-08-04,0.62,amc,181587000.0,2025-04-25,2020-06-30,0.0,266.16761904761904,943102.9365079365
2020-03-31,PAYC,USD,1590955,2020-04-30,2020-04-30 16:13:44,2020,Q1,242368000.0,30046000.0,212322000.0,0.8760314893,21621000,40134000.0,55018000.0,95152000.0,-930000.0,123058000.0,153104000.0,0.0,16000.0,12215000.0,100549000.0,0.4148608727,89264000.0,0.3682994455,-946000.0,88318000.0,0.3643962899,25303000.0,63015000.0,0.2599971943,1.09,1.08,57655000,58440000,https://www.sec.gov/Archives/edgar/data/1590955/000156459020020184/0001564590-20-020184-index.htm,https://www.sec.gov/Archives/edgar/data/1590955/000156459020020184/payc-10q_20200331.htm,4.203763767236146,1.0929667851877547,1.4227733934611049,0.9765675136588328,3.153707397450351,10.403052640707658,9.503061312982394,10.403052640707658,0.5587373167981962,11646886550.0,11497257550.0,46.20680215028168,48.05455567566676,141.98325673534072,206.8571779980108,19.41833872968449,19.41833872968449,47.43719282248482,114.34482242488735,140.15918017798367,204.199658105996,0.0054104588148495,0.004834253322404,0.0536823010797148,0.013940187684681,-1.4881202199922423,1.102573243475097,5579.0,1.301753550741887,0.0,0.0,0.1655911671507789,0.0892073210984948,0.0224654450205111,0.3136169694014385,0.1061443754951148,2.1060990585345887,0.065235509638236,15.99466465791633,0.0782831199519513,0.0279094672952331,-26.39147949007025,153646000.0,547899000.0,-58376000.0,459958000.0,10688500.0,5372500.0,1044000.0,2.9925980327435964,17.055847700193038,2.7857285495573456,30.074202754684205,5.276782578152441,32.30752688172043,0.1050621219497555,0.4462058798022721,2020-04-28,1.26,amc,229611789.0,2025-04-25,2020-03-31,0.0555555555555556,274.0945161290323,1129395.0161290322
2019-12-31,PAYC,USD,1590955,2020-02-13,2020-02-13 17:01:49,2019,Q4,193409000.0,28798000.0,164611000.0,0.8511031028,18211000,29148000.0,51006000.0,80154000.0,971000.0,104317000.0,133115000.0,0.0,146000.0,11567000.0,72832000.0,0.3765698597,60294000.0,0.3117435073,825000.0,61119000.0,0.3160090792,15739000.0,45380000.0,0.2346323077,0.79,0.78,57659000,58378000,https://www.sec.gov/Archives/edgar/data/1590955/000156459020004636/0001564590-20-004636-index.htm,https://www.sec.gov/Archives/edgar/data/1590955/000156459020004636/payc-10k_20191231.htm,3.3543592500737094,0.7870410517005151,0.8297750567994588,0.4507535683934858,2.3182330598865746,9.133491735895523,8.233562843615047,9.133491735895523,0.5684975459165091,15265796840.0,15164762840.0,84.09980630233584,78.93012651944842,319.0744260513335,587.3719445940746,28.987818422112003,28.987818422112003,78.40774131503704,208.21565850175747,316.96268790234933,583.4845263562909,0.0029726584518073,0.0017024987475203,0.0619659418033222,0.0131218693667701,-1.3872199033391917,1.0670524806646282,412.972602739726,1.054297047157338,0.0,0.0,0.1507065338221075,0.0941579761024564,0.0208647896170238,0.4567761892818326,0.1129937076351152,1.8893403648309848,0.0317772182266595,12.71769401991322,0.0608940096504969,0.0186363360092779,-31.49646195737005,117578000.0,474739000.0,-89189000.0,407925000.0,12719500.0,4872000.0,929000.0,6.197333112730018,15.7854712132787,3.6190013195360793,14.522375732091906,5.70144525836468,24.86873920552677,0.0861708834319481,0.379021488405973,2020-02-05,0.77,amc,175417465.0,2025-04-25,2019-12-31,0.1168831168831168,236.6475,528575.9375
2019-09-30,PAYC,USD,1590955,2019-10-31,2019-10-31 17:28:43,2019,Q3,175006000.0,26392000.0,148614000.0,0.8491937419,19605000,25728000.0,47060000.0,72788000.0,195000.0,98058000.0,124450000.0,0.0,260000.0,10969000.0,61720000.0,0.3526736226,50556000.0,0.2888815241,-65000.0,50491000.0,0.2885101082,11339000.0,39152000.0,0.223718044,0.68,0.67,57654000,58383000,https://www.sec.gov/Archives/edgar/data/1590955/000156459019039201/0001564590-19-039201-index.htm,https://www.sec.gov/Archives/edgar/data/1590955/000156459019039201/payc-10q_20190930.htm,3.035452874041697,0.679085579491449,0.930568564193291,0.2996496340236583,1.875446629895584,8.237034724390329,7.337027786450203,8.237034724390329,0.578069171263052,12077936460.0,12002877460.0,77.1220912086228,69.01441356296355,225.12043503382972,699.1164887705487,25.43269598945458,25.43269598945458,68.58551969646754,194.47306318859364,223.72141171646385,694.7717909238249,0.0032416133442715,0.0014303767913678,0.0696317946169493,0.0207710045118581,-1.2161211924821775,1.1028843369138943,194.44615384615383,1.3703259092766653,0.0,0.0,0.1470121024422019,0.1120247305806658,0.0325930401934138,0.677992954464968,0.2078500165708604,3.3161637341599053,0.0254505559809377,11.218607700148684,0.057236135171225,0.0254210986288241,-17.337240260866547,94497000.0,423009000.0,-104154000.0,370421000.0,12793000.0,4157500.0,733500.0,6.233443424796865,16.003713246438316,2.387086996059412,14.438247669334212,5.623694864692094,37.70285714285714,0.0824429667002177,0.6309189301696326,2019-10-29,0.67,amc,167505742.0,2025-04-25,2019-09-30,0.0447761194029849,233.65734375,636513.984375
2019-06-30,PAYC,USD,1590955,2019-08-01,2019-08-01 16:34:34,2019,Q2,169313000.0,25239000.0,144074000.0,0.8509328876,16775000,27460000.0,41575000.0,69035000.0,-263000.0,91188000.0,116427000.0,0.0,258000.0,10328000.0,62951000.0,0.3718025196,52886000.0,0.312356405,-521000.0,52365000.0,0.3092792638,3603000.0,48762000.0,0.2879991495,0.85,0.83,57569000,58410000,https://www.sec.gov/Archives/edgar/data/1590955/000156459019027991/0001564590-19-027991-index.htm,https://www.sec.gov/Archives/edgar/data/1590955/000156459019027991/payc-10q_20190630.htm,2.941044659452136,0.8470183605760044,0.7355000086852299,0.3912869773662908,1.646962775104657,7.552015841859334,6.650680053501016,7.552015841859334,0.5864267227153502,13068163000.0,13006851000.0,66.99972827201509,77.18345903740409,308.6335789523405,580.1368640681878,30.05819965866382,30.05819965866382,76.82133681406626,206.6186557798923,307.1855604364461,577.4150315191334,0.0037313584166343,0.001723731177825,0.0770582525611714,0.0183452780430535,-0.9739638766659784,1.072179795184795,204.984496124031,0.8683401008982404,0.0,0.0,0.1621848292806813,0.0990768576541671,0.0284137702935945,0.4679986774361154,0.1170376757839031,1.9186676994577847,0.0330571190635095,11.996902172721647,0.0774339687236329,0.027482340953039,-22.340734596744777,86708000.0,382873000.0,-103444000.0,334968000.0,8650000.0,3851500.0,838500.0,7.157453946241576,12.915725662664924,2.7350528943302037,12.574303750464166,6.968249585864164,32.90612777053455,0.1121579162852319,0.344213031318939,2019-07-30,0.7,amc,158025466.0,2025-04-25,2019-06-30,0.0714285714285715,205.39539682539683,732766.8888888889
2019-03-31,PAYC,USD,1590955,2019-05-02,2019-05-02 17:07:54,2019,Q1,199943000.0,29318000.0,170625000.0,0.8533682099,18489000,45198000.0,39645000.0,84843000.0,-100000.0,108137000.0,137455000.0,0.0,276000.0,9347000.0,71735000.0,0.3587772515,62488000.0,0.3125290708,-376000.0,62112000.0,0.3106485348,14830000.0,47282000.0,0.2364773961,0.82,0.81,57357000,58316000,https://www.sec.gov/Archives/edgar/data/1590955/000156459019015388/0001564590-19-015388-index.htm,https://www.sec.gov/Archives/edgar/data/1590955/000156459019015388/payc-10q_20190331.htm,3.4859389438080792,0.8243457642484788,1.4022002545460883,1.142615548232997,1.5919068291577314,6.948637481039803,6.043970221594575,6.948637481039803,0.5967885349652179,10913889960.0,10856536960.0,57.70636796243814,54.58500652686016,135.70101658667596,166.53020370172575,27.383785744932293,27.383785744932293,54.29815977553603,151.342259148254,134.98790142491234,165.65507972595634,0.0043322775081378,0.0060049166924164,0.085193186351627,0.0164599278272352,-0.799512093120513,1.0443307654460778,226.40579710144928,1.7009855759062646,0.0,0.0,0.2260544255112707,0.0924713543359857,0.0251543027339167,0.1851267003207918,0.0744662228735189,1.5929175136407403,0.1553992887973072,11.35261191016636,0.0806797662103836,0.0235123989340303,-27.366088707568387,65774000.0,346664000.0,-114791000.0,305174000.0,5605500.0,5184500.0,853500.0,1.7262419789640049,12.52779862200696,2.793505696159356,52.13637548891786,7.184023523646165,32.21758241758242,0.1186341590704373,0.2595847063130916,2019-04-30,1.12,amc,186501453.0,2025-04-25,2019-03-31,0.0624999999999998,162.44147540983607,643937.7704918033
2018-12-31,PAYC,USD,1590955,2019-02-14,2019-02-14 16:13:03,2018,Q4,150332000.0,24102000.0,126230000.0,0.839674853,12740000,22905000.0,42699000.0,65604000.0,-366000.0,82817000.0,106919000.0,0.0,348000.0,8747000.0,51794000.0,0.3445307719,43413000.0,0.2887808318,-714000.0,42699000.0,0.284031344,11285000.0,31414000.0,0.2089641593,0.55,0.54,57491280,58238231,https://www.sec.gov/Archives/edgar/data/1590955/000156459019002998/0001564590-19-002998-index.htm,https://www.sec.gov/Archives/edgar/data/1590955/000156459019002998/payc-10k_20181231.htm,2.6148661153482755,0.5464132995473401,0.6778071387521725,0.4057310952200055,0.795216248446721,5.822674325567286,4.90716157302464,5.822674325567286,0.6042133694014118,7039807236.0,7028478236.0,56.0244416183867,46.828401378282734,180.6561084992815,301.8008761039184,21.029855553198924,21.029855553198924,46.75304150812868,135.7006262501448,180.36538277561075,301.3151948898225,0.0044623380934858,0.0033134429989383,0.1027294751652711,0.0225957109609797,-0.2187318994478125,1.0349379108412513,124.75,1.2404660342522442,0.0,0.0,0.1523627704015113,0.0847457627118644,0.0345838102509583,0.4014062820776021,0.104049703323311,1.7882702640905452,0.0337120506612032,8.460833323882056,0.0645213528787637,0.0213803655093745,-19.751247493532933,35940000.0,282119000.0,-122551000.0,265536000.0,8022500.0,6230500.0,685500.0,4.415826304446159,23.480209111277077,2.976101568334578,20.38123644251627,3.833015267175573,30.240903387703888,0.0938423255355441,0.2720760435321669,2019-02-05,0.56,amc,138009704.0,2025-04-25,2018-12-31,0.0892857142857141,127.99587301587302,751498.9841269841
2018-09-30,PAYC,USD,1590955,2018-11-01,2018-11-01 16:08:41,2018,Q3,133288000.0,22125000.0,111163000.0,0.8340060621,11526000,22048000.0,37183000.0,59231000.0,583000.0,74918000.0,97043000.0,0.0,384000.0,8128000.0,44956000.0,0.3372846768,36245000.0,0.2719299562,199000.0,36444000.0,0.2734229638,7675000.0,28769000.0,0.2158408859,0.5,0.49,57726790,58545061,https://www.sec.gov/Archives/edgar/data/1590955/000156459018026220/0001564590-18-026220-index.htm,https://www.sec.gov/Archives/edgar/data/1590955/000156459018026220/payc-10q_20180930.htm,2.3089452921251987,0.4983647973497227,0.7880569835946187,0.5734079445609223,1.4749650898655546,6.242803384702319,5.330107563576634,6.242803384702319,0.6099074623757877,8705199932.0,8654975932.0,75.64739765024854,65.31120529980193,191.3567205662534,262.98903150962207,24.15581441656932,24.15581441656932,64.93439718504291,192.52104128481184,190.2527022773235,261.4717359596387,0.0033048063484729,0.0038024399506692,0.0966321380110273,0.0237190655679866,-1.1171812438829076,1.0828524582293568,94.38802083333331,1.5812854113803052,0.0,0.0,0.1654162415221175,0.0864744012964408,0.0358857801395735,0.2723775608898268,0.0929641077966508,1.5244832677165354,0.0344142008282816,8.366710971672502,0.0559031613541886,0.0203242814018236,-17.597986134340747,79385000.0,307690000.0,-70275000.0,300469000.0,8342500.0,5584000.0,525500.0,5.853565212172138,25.11050847457627,2.334915254237288,15.375245126312146,3.58415681192289,38.545296167247386,0.0798302888364129,0.2146490390336964,2018-10-30,0.51,amc,130736538.0,2025-04-25,2018-09-30,0.0196078431372549,134.60507936507938,724825.4603174604
2018-06-30,PAYC,USD,1590955,2018-08-02,2018-08-02 16:14:57,2018,Q2,128800000.0,20931000.0,107869000.0,0.837492236,10731000,18995000.0,31647000.0,50642000.0,515000.0,64832000.0,85763000.0,0.0,34000.0,6713000.0,50265000.0,0.3902562112,43037000.0,0.3341381988,481000.0,43518000.0,0.3378726708,7796000.0,35722000.0,0.2773447205,0.62,0.61,57837312,58720785,https://www.sec.gov/Archives/edgar/data/1590955/000156459018018908/0001564590-18-018908-index.htm,https://www.sec.gov/Archives/edgar/data/1590955/000156459018018908/payc-10q_20180630.htm,2.2269361342380503,0.6176289797146866,0.7381567110172755,0.5105354827001642,0.9455314935797846,5.701129402417595,4.789244009126842,5.701129402417595,0.6102462023131365,5716061544.96,5696692544.96,40.00378999608085,44.379359821118015,133.88755873234487,193.5810601788133,17.335161688856,17.335161688856,44.2289793863354,113.3331850186014,133.43387780104467,192.9251065077215,0.0062494078692167,0.0051657946241036,0.1069364161849711,0.0248498024968903,-0.3853377101362777,1.0580493656130154,1265.7941176470588,1.1951458484967248,0.0,0.0,0.1474767080745341,0.0833152173913043,0.0371686405231982,0.3083643688660905,0.1022127329192546,1.9611202145091613,0.0287189440993788,8.90093318483085,0.074579610858909,0.0261465177013432,-17.77899878887871,54976000.0,276997000.0,-87195000.0,273087000.0,6700000.0,4208000.0,448500.0,5.601242236024845,21.477712483875592,2.051024795757489,16.067864271457086,4.19039039039039,43.880503144654085,0.1083344958724805,0.2276212283171113,2018-07-31,0.48,amc,104786440.0,2025-04-25,2018-06-30,0.2291666666666666,107.83890625,826877.234375
2018-03-31,PAYC,USD,1590955,2018-05-03,2018-05-03 16:22:47,2018,Q1,153916000.0,23605000.0,130311000.0,0.8466371267,11250000,32657000.0,32352000.0,65009000.0,1030000.0,79291000.0,102896000.0,0.0,0.0,6069000.0,57089000.0,0.3709101068,51020000.0,0.3314795083,1030000.0,52050000.0,0.3381714702,10890000.0,41160000.0,0.267418592,0.71,0.7,57793023,58738732,https://www.sec.gov/Archives/edgar/data/1590955/000156459018010699/0001564590-18-010699-index.htm,https://www.sec.gov/Archives/edgar/data/1590955/000156459018010699/payc-10q_20180331.htm,2.663228050901577,0.7121966954384787,0.9977674986823236,0.6740606041667002,1.1789312353499832,5.7625121980554646,4.849010926457334,5.7625121980554646,0.6102120666018803,6206392739.97,6173537739.97,37.696748906523325,40.323246056095535,107.6302847525319,159.31801878966013,18.635969228184592,18.635969228184592,40.10978546720289,108.13883129797334,107.06051852056744,158.4746313782216,0.0066318716401757,0.0062767539264987,0.1058934099623761,0.0219298191066642,-0.5755049133808615,1.055791340369495,0.0,1.400971817298348,0.0,0.0,0.2121741729254918,0.0730918163153928,0.0328294354312151,0.3244311875693674,0.1215468177447438,3.0825506673257537,0.150874502975649,9.609419767071168,0.0861864153325923,0.0264637351671921,-20.81073004262123,63677000.0,280239000.0,-70078000.0,276032000.0,7003500.0,4955500.0,699500.0,3.148210712336599,13.043423003600934,1.6013556449904682,28.587667161961367,6.900029231218942,56.20238095238095,0.1235913558115862,0.3237068945156234,2018-05-01,0.9,amc,145800000.0,2025-04-25,2018-03-31,0.0555555555555554,96.01098360655736,762708.0327868853
2017-12-31,PAYC,USD,1590955,2018-02-14,2018-02-14 17:13:17,2017,Q4,114025000.0,19180000.0,94845000.0,0.8317912738,7426000,21197000.0,44052000.0,65249000.0,-1429000.0,75411000.0,94591000.0,0.0,153000.0,5497000.0,23502000.0,0.2061126946,19434000.0,0.1704363078,-1582000.0,17852000.0,0.1565621574,4947000.0,12905000.0,0.1131769349,0.22,0.22,58100141,58850271,https://www.sec.gov/Archives/edgar/data/1590955/000156459018002088/0001564590-18-002088-index.htm,https://www.sec.gov/Archives/edgar/data/1590955/000156459018002088/payc-10k_20171231.htm,1.9625597810511333,0.2221165005434324,0.657141262359415,0.3737856677490679,0.7930617586625134,2.330493483656089,1.4209087719769906,2.330493483656089,0.6102394828955751,4667184326.53,4656409326.53,90.41426436516856,40.93123724209603,122.2416010091671,214.9092566436432,34.46909444860489,34.46909444860489,40.83674042122341,198.12821574887244,121.95938518936616,214.4131015577658,0.0027650504237947,0.004653126699229,0.2607199302816797,0.0260499836182189,-0.4584716194366436,1.0085164083385374,127.01960784313724,2.958543200309957,0.0,0.0,0.185897829423372,0.0651260688445516,0.0389967561121753,0.4311943425877422,0.1443806182854637,2.994906312534109,0.0595044946283709,3.4127589697196137,0.0650699820260602,0.0099092617235281,-20.081332504855716,9710000.0,82555000.0,-69900000.0,210262000.0,9657000.0,4497500.0,864500.0,6.806139004604253,30.453597497393115,4.593847758081335,13.223356140554332,2.955315870570108,19.59141981613892,0.0953087842129362,0.283355594610347,2018-02-06,0.23,amc,94344827.0,2025-04-25,2017-12-31,0.2608695652173912,79.99301587301588,505774.9682539682
2017-09-30,PAYC,USD,1590955,2017-11-02,2017-11-02 16:10:29,2017,Q3,101287000.0,17826000.0,83461000.0,0.8240050549,8112000,25967000.0,35542000.0,61509000.0,118000.0,72024000.0,89850000.0,0.0,220000.0,4905000.0,26912000.0,0.2657004354,11437000.0,0.1129167613,-102000.0,11335000.0,0.1119097219,-2732000.0,14067000.0,0.1388825812,0.24,0.24,58003222,58873502,https://www.sec.gov/Archives/edgar/data/1590955/000156459017021195/0001564590-17-021195-index.htm,https://www.sec.gov/Archives/edgar/data/1590955/000156459017021195/payc-10q_20170930.htm,1.7462305800874305,0.2425210102983589,0.6400851318225046,0.2777431915764955,1.1483844811241692,2.7113148990240576,1.7992965976959003,2.7113148990240576,0.5963461822862185,4347921521.12,4315681521.12,77.27165566787517,42.92674796489184,117.10942228351334,269.8896040422098,27.647102159539628,27.647102159539628,42.60844453009764,160.3627200178359,116.24105155601043,267.8883625772812,0.0032353389847699,0.0037052186709777,0.2185483101770896,0.0321234167277295,-1.1979785969084424,1.0464152853588535,51.98636363636364,2.6392976469751903,0.0,0.0,0.256370511516779,0.0800892513353145,0.0494422096274917,0.5660839820077033,0.2074994816708955,4.284811416921508,0.1405214884437292,3.8464130878439096,0.0607924771053526,0.0138313688011043,-14.441745149950464,38878000.0,104365000.0,-36181000.0,225543000.0,8020500.0,2972000.0,635000.0,9.499639637860732,12.647256815886909,3.7866038370918886,9.474043588064728,7.116167664670659,23.768,0.0894477474326773,0.3623419402460091,2017-10-31,0.19,amc,66368965.0,2025-04-25,2017-09-30,0.5263157894736841,71.60507936507936,460366.1904761905
2017-06-30,PAYC,USD,1590955,2017-08-02,2017-08-02 17:08:09,2017,Q2,98227000.0,17876000.0,80351000.0,0.8180133772,8095000,26657000.0,34070000.0,60727000.0,149000.0,71262000.0,89138000.0,0.0,281000.0,4707000.0,23499000.0,0.2392315758,9089000.0,0.092530567,-132000.0,8957000.0,0.0911867409,-5264000.0,14221000.0,0.1447768943,0.24,0.24,57898914,58816442,https://www.sec.gov/Archives/edgar/data/1590955/000156459017014965/0001564590-17-014965-index.htm,https://www.sec.gov/Archives/edgar/data/1590955/000156459017014965/payc-10q_20170630.htm,1.6965257759411516,0.2456177330027295,0.2602466775110842,0.0396380491696269,1.1764814794280942,2.5051937934449,1.5905997822342577,2.5051937934449,0.602757419595124,3960864706.74,3927365706.74,69.63055879931088,40.32358421554155,262.8659879705336,1725.866974614379,27.30726867478352,27.30726867478352,39.98254763700408,167.1290568424188,260.6427997571011,1711.2704604531589,0.0035903776202708,0.0005794189324605,0.23866582096961,0.0330974058815824,-1.4255500234052514,1.046215109626146,32.345195729537366,1.059559805920821,0.0,0.0,0.2713815956916123,0.0824111496838954,0.0506279978928106,0.847690469869923,0.1300355299459415,2.7136180157212664,0.1414987732497175,3.720846739152931,0.0660045555234801,0.0143214073871916,-14.309517100787073,38287000.0,92094000.0,-34156000.0,208198000.0,3598500.0,3286500.0,509500.0,4.901910879900639,17.314276124412622,2.6180353546654733,18.36018691588785,5.198022681011922,34.37692307692308,0.0980434063206662,0.2206086283414573,2017-08-01,0.2,amc,75538461.0,2025-04-25,2017-06-30,0.3,64.30269841269842,624841.4285714285
2017-03-31,PAYC,USD,1590955,2017-05-04,2017-05-04 16:15:00,2017,Q1,119508000.0,17146000.0,102362000.0,0.8565284332,6797000,17826000.0,36848000.0,54674000.0,95000.0,63697000.0,80843000.0,0.0,257000.0,4286000.0,56796000.0,0.4752485189,38665000.0,0.3235348261,-162000.0,38503000.0,0.3221792683,12889000.0,25614000.0,0.2143287479,0.44,0.43,57307187,58525980,https://www.sec.gov/Archives/edgar/data/1590955/000156459017008773/0001564590-17-008773-index.htm,https://www.sec.gov/Archives/edgar/data/1590955/000156459017008773/payc-10q_20170331.htm,2.085392884491085,0.4469596457421649,0.7019189408127815,0.5424974008931899,1.6213498666406363,2.5507969881683428,1.6197270335394407,2.5507969881683428,0.5544156267869159,3295736324.37,3234336324.37,32.16733353215039,27.577537272567525,81.9325375853325,106.00972448036282,22.545894583832148,22.545894583832148,27.0637641360411,56.946551242517074,80.406123663642,104.0347494087941,0.0077718596025415,0.0094330968682523,0.2155918428775679,0.025862663226518,-1.0810620466230016,1.0459753995558114,150.44747081712063,1.5704302334660731,0.0,0.0,0.149161562405864,0.0568748535662884,0.043787216302628,0.2271224362958359,0.0764467650701208,2.1315912272515165,0.0303326973926431,5.0648124011968925,0.120055496137432,0.0219825866056754,-17.06283803460812,46225000.0,92822000.0,-20719000.0,206067000.0,1939000.0,3435500.0,587000.0,1.3909529069183653,16.450484077919047,2.619269800536568,64.70384407146724,5.47096362476069,34.36072144288577,0.1752235273192456,0.1594215399195916,2017-05-02,0.41,amc,104244680.0,2025-04-25,2017-03-31,0.1463414634146341,51.865483870967736,740592.2903225806
2016-12-31,PAYC,USD,1590955,2017-02-21,2017-02-21 16:12:11,2016,Q4,87810000.0,15482000.0,72328000.0,0.8236875071,6672000,14163000.0,36556000.0,50719000.0,371000.0,59647000.0,75129000.0,0.0,303000.0,3961000.0,17013000.0,0.1937478647,12681000.0,0.1444140758,68000.0,12749000.0,0.1451884751,4116000.0,8633000.0,0.0983145428,0.15,0.15,57652531,58882966,https://www.sec.gov/Archives/edgar/data/1590955/000156459017001891/0001564590-17-001891-index.htm,https://www.sec.gov/Archives/edgar/data/1590955/000156459017001891/payc-10k_20161231.htm,1.5230901137714146,0.1497419081219521,0.4252718757481783,0.2227655885567279,1.0434580920653769,2.021194871739456,1.08871195958422,2.021194871739456,0.5225616200613985,2622613635.19,2592279635.19,75.94734261525542,29.866913053069126,106.96686659556244,204.20568677022504,22.506488926943973,22.506488926943973,29.521462648787157,152.370518732146,105.72965311974876,201.84377755898151,0.0032917544102429,0.0048970232700973,0.2559406832751207,0.0276503250007185,-1.7829894786339855,1.0296909313000198,41.85148514851485,2.8400324336846983,0.0,0.0,0.1612914246668944,0.0759822343696617,0.0498417875549432,0.4761807651521331,0.1329575219223323,2.947488008078768,0.0424666894431158,2.6095584832616487,0.0474858084955126,0.008423647098657,-15.611929509217903,26689000.0,62767000.0,-36503000.0,177297000.0,3913000.0,4293500.0,515000.0,2.0816535702084047,21.723937475778325,3.923911639323085,43.23485967503693,4.142895370618143,22.93629629629629,0.0740858341843521,0.2025062871914504,2017-02-08,0.13,amc,63411111.0,2025-04-25,2016-12-31,0.3846153846153845,46.44904761904762,964245.6349206348
2016-09-30,PAYC,USD,1590955,2016-11-03,2016-11-03 16:15:18,2016,Q3,77325000.0,14748000.0,62577000.0,0.8092725509,6232000,24457000.0,29274000.0,53731000.0,-213000.0,61995000.0,76743000.0,0.0,252000.0,3553000.0,3922000.0,0.0507209829,582000.0,0.0075266731,-465000.0,117000.0,0.0015130941,-6081000.0,6198000.0,0.0801551891,0.11,0.1,57819734,58907281,https://www.sec.gov/Archives/edgar/data/1590955/000156459016027365/0001564590-16-027365-index.htm,https://www.sec.gov/Archives/edgar/data/1590955/000156459016027365/payc-10q_20160930.htm,1.3373461731940863,0.1071952354536947,0.3438445427645862,0.2091154552872899,1.2884182414260157,2.266302366593385,1.3295460681296112,2.266302366593385,0.5247689309674098,2898503265.42,2854097265.42,116.91284549128753,37.484684971484,145.79262941602536,239.72403154577785,22.11973156757252,22.11973156757252,36.91040757090204,727.7147540591535,143.55903955636035,236.05138246795136,0.0021383450120425,0.0041714633011627,0.229629799217015,0.0366506495167449,-11.322284548699644,1.0775711010122533,2.3095238095238093,3.207647628267183,0.0,0.0,0.3162883931458131,0.0805948916909149,0.0659723871643554,0.3918313968110256,0.1007436146136437,2.192513368983957,0.1800840607824119,2.337964575312355,0.159588577744703,0.008082604794792,-10.566258398905813,48784000.0,76874000.0,-12280000.0,190232000.0,4285000.0,5190000.0,398000.0,6.744907856450049,29.597233523189587,2.1663954434499595,13.343399482312336,3.040824742268041,41.543661971830986,0.0472996176652395,0.1347290874772962,2016-11-01,0.11,amc,61840000.0,2025-04-25,2016-09-30,0.3636363636363636,48.82953125,652820.234375
2016-06-30,PAYC,USD,1590955,2016-08-03,2016-08-03 16:12:18,2016,Q2,73880000.0,11865000.0,62015000.0,0.8394017325,4202000,15220000.0,24766000.0,39986000.0,116000.0,46011000.0,57876000.0,0.0,170000.0,3209000.0,19213000.0,0.2600568489,16004000.0,0.2166215485,-54000.0,15950000.0,0.2158906335,5529000.0,10421000.0,0.141053059,0.18,0.18,57591556,58697229,https://www.sec.gov/Archives/edgar/data/1590955/000156459016022350/0001564590-16-022350-index.htm,https://www.sec.gov/Archives/edgar/data/1590955/000156459016022350/payc-10q_20160630.htm,1.2828269477560217,0.1809466651673728,0.4272501336827919,0.1498309925850935,1.404598271316024,2.236699421699945,1.2892341370321718,2.236699421699945,0.5110124130002669,2488531134.76,2436898134.76,59.69991207081854,33.68342088197077,101.13513511988944,288.3916021277089,19.318644061328264,19.318644061328264,32.984544325392534,126.8358993785458,99.03674448345932,282.40794237570987,0.0041876108578424,0.0034675073498054,0.227147459534992,0.0232409810140406,-2.6873991568209026,1.0466779860456483,94.14117647058823,2.3611937434027443,0.0,0.0,0.2060097455332972,0.0568760151597184,0.0433413318527732,0.6493131756482159,0.2162560909583107,4.9788095980056095,0.0486464537087168,3.017660398407004,0.0557974841034095,0.0086523189227651,-18.17928395614107,50062000.0,74249000.0,-7609000.0,181255000.0,2677500.0,5612000.0,588500.0,3.380481862479697,41.94690265486725,3.345132743362832,26.623423423423425,2.1455696202531644,26.904761904761905,0.080898963630012,0.2774191410976984,2016-08-02,0.13,amc,45747619.0,2025-04-25,2016-06-30,0.6153846153846153,39.08390625,666316.5
2016-03-31,PAYC,USD,1590955,2016-05-05,2016-05-05 16:50:51,2016,Q1,90126000.0,11971000.0,78155000.0,0.8671748441,3860000,15206000.0,28662000.0,43868000.0,34000.0,49451000.0,61422000.0,0.0,311000.0,2909000.0,31613000.0,0.3507644853,28704000.0,0.3184874509,-277000.0,28427000.0,0.315413976,9839000.0,18588000.0,0.2062445909,0.32,0.31,57132909,58362040,https://www.sec.gov/Archives/edgar/data/1590955/000156459016018027/0001564590-16-018027-index.htm,https://www.sec.gov/Archives/edgar/data/1590955/000156459016018027/payc-10q_20160331.htm,1.5774796273720282,0.3253466404099955,0.5241812560253146,0.3778032727162553,1.2615321232811725,2.0717306727721496,1.109588170978656,2.0717306727721496,0.4526463023263877,2033931560.4,1987406560.4,27.35543846029697,22.56764485719992,67.91543877387471,94.22893492703268,17.183700790780982,17.183700790780982,22.0514231231831,62.86674976750072,66.36191266194737,92.0735029140607,0.0091389505733144,0.0106124514807936,0.2158595518907776,0.0191869825897845,-1.471704678455066,1.0378811027437762,92.29581993569133,1.611146976544007,0.0,0.0,0.1687193484677007,0.042828928389144,0.0412801735013877,0.2792507012154401,0.0927923129840445,2.874871089721554,0.0135698910414308,3.894314935899134,0.1099287582404135,0.0145598443440785,-19.934045367793196,44010000.0,63394000.0,-7465000.0,165970000.0,2467000.0,5296500.0,914500.0,2.576393049730377,42.80845376326121,5.533372316431375,34.93255813953488,2.102388479100808,16.264945652173914,0.1570409921935723,0.1463779833090592,2016-05-03,0.2,amc,78071647.0,2025-04-25,2016-03-31,0.65,31.21,824167.9180327869
2015-12-31,PAYC,USD,1590955,2016-02-22,2016-02-22 16:37:32,2015,Q4,65118000.0,10262000.0,54856000.0,0.8424091649,2504000,13750000.0,30810000.0,44560000.0,367000.0,48622000.0,58884000.0,0.0,360000.0,2599000.0,7033000.0,0.1080039313,6234000.0,0.0957338985,7000.0,6241000.0,0.0958413956,1084000.0,5157000.0,0.0791946927,0.09,0.09,57109987,58365587,https://www.sec.gov/Archives/edgar/data/1590955/000156459016013001/0001564590-16-013001-index.htm,https://www.sec.gov/Archives/edgar/data/1590955/000156459016013001/payc-10k_20151231.htm,1.1402208864099377,0.0902994427226887,0.1548415691287059,0.0427946166403434,0.8880058053594023,1.7214852456541443,0.751900013565053,1.7214852456541443,0.4591140950531122,2149048810.81,2124194810.81,104.18115235650572,33.002377388894004,243.0225953646953,879.3162073690671,21.859031377118217,21.859031377118217,32.62070104748303,302.0325338845443,240.2120107214746,869.1468129337152,0.0023996662961118,0.0011372473197008,0.263034766157414,0.0294945213869496,-3.5339115597895634,1.0461889066352912,17.316666666666666,1.714756641458212,0.0,0.0,0.2111551337571793,0.0384532694493074,0.0631554575699753,0.723623204794753,0.0982677600663411,2.462100808003078,0.0216837126447372,1.8701887772636097,0.0343128448346134,0.0062783053323593,-12.702384260742344,33604000.0,42941000.0,-17321000.0,147835000.0,2875500.0,4376000.0,866000.0,3.253478300930618,42.96530890664588,9.585850711362308,27.66270178419711,2.094713206776893,9.388838060384264,0.0524543808613218,0.1120469524883625,2016-02-09,0.08,amc,52079999.0,2025-04-25,2015-12-31,0.25,40.06390625,821877.140625
2015-09-30,PAYC,USD,1590955,2015-11-06,2015-11-06 16:29:11,2015,Q3,55340000.0,8909000.0,46431000.0,0.8390133719,2349000,11996000.0,23774000.0,35770000.0,98000.0,39576000.0,48485000.0,0.0,343000.0,2402000.0,9257000.0,0.1672750271,6855000.0,0.123870618,-245000.0,6610000.0,0.1194434405,2763000.0,3847000.0,0.069515721,0.07,0.07,57050684,58367830,https://www.sec.gov/Archives/edgar/data/1590955/000156459015009936/0001564590-15-009936-index.htm,https://www.sec.gov/Archives/edgar/data/1590955/000156459015009936/payc-10q_20150930.htm,0.970014662751458,0.0674312686592854,0.1989459057142943,0.1073080911703004,0.8509450999746121,1.606974598236193,0.6293351364551563,1.606974598236193,0.4631671024312346,2048690062.44,2026224062.44,133.1355642344684,37.02005895265631,180.50132708722467,334.64391741914403,22.34633953729861,22.34633953729861,36.614095815684855,218.8856068315869,178.52194382731275,330.9742016399869,0.0018777852592393,0.0029882509376301,0.2844817242770973,0.0333694992975785,-2.4269201685211192,1.046204970260733,19.985422740524783,2.950350922796985,0.0,0.0,0.2167690639681966,0.0424466931694976,0.0713616741429562,0.4606167400881057,0.0944705457173834,2.1765195670274773,0.0274304300686664,1.561444061406627,0.0283188595956796,0.0053003071064346,-11.191605520452656,29644000.0,35904000.0,-18683000.0,139093000.0,2979500.0,3410500.0,482500.0,5.524575352367185,38.92356044449433,6.455269951734201,16.29084486311451,2.3122242408512848,13.942097026604069,0.041961626981097,0.0916378145439939,2015-11-03,0.07,amc,48387500.0,2025-04-25,2015-09-30,0.1428571428571427,36.29296875,650049.546875
2015-06-30,PAYC,USD,1590955,2015-08-07,2015-08-07 16:19:49,2015,Q2,48973000.0,8021000.0,40952000.0,0.8362158741,1907000,10096000.0,16741000.0,26837000.0,19000.0,30144000.0,38165000.0,0.0,392000.0,2287000.0,13095000.0,0.2673922365,10808000.0,0.2206930349,-373000.0,10435000.0,0.2130765932,4489000.0,5946000.0,0.1214138403,0.1,0.1,57038021,58369083,https://www.sec.gov/Archives/edgar/data/1590955/000156459015006677/0001564590-15-006677-index.htm,https://www.sec.gov/Archives/edgar/data/1590955/000156459015006677/payc-10q_20150630.htm,0.8586027204555361,0.1042462535647932,0.1690626678650018,0.1266348283717627,0.7480448874619966,1.5142530979467188,0.5293135959257773,1.5142530979467188,0.4678984216510597,1947848417.15,1931477417.15,81.89742756264715,39.773924757519445,201.99610257699885,269.6730468157275,22.55237255007525,22.55237255007525,39.439638518163065,147.49732089728903,200.29839439489783,267.40653705524016,0.0030525989330832,0.0037081940958056,0.3044575662845895,0.0376096638643443,-1.250171821305842,1.0467767177428624,27.571428571428573,1.6217625294315503,0.0,0.0,0.2061544116145631,0.0389398239846446,0.080349608542554,0.2509592450482215,0.0494149837665652,1.0581547879317883,0.000714679517285,1.8846066643257724,0.045772068682382,0.0092472352384047,-9.95933046134262,26452000.0,30191000.0,-20865000.0,132746000.0,2123000.0,2747500.0,522000.0,4.708308659873808,33.30258072559531,3.657898017703528,19.115144418423107,2.7024932614555257,24.604294478527606,0.0688433483848558,0.042427839493239,2015-08-04,0.06,amc,40402723.0,2025-04-25,2015-06-30,0.6666666666666669,34.59571428571429,570393.2063492064
2015-03-31,PAYC,USD,1590955,2015-05-13,2015-05-13 16:19:48,2015,Q1,55222000.0,8281000.0,46941000.0,0.8500416501,1867000,11984000.0,21229000.0,33213000.0,33000.0,36403000.0,44684000.0,0.0,332000.0,2133000.0,12671000.0,0.2294556517,10538000.0,0.1908297418,-299000.0,10239000.0,0.1854152331,4244000.0,5995000.0,0.1085618051,0.11,0.11,54749951,56562661,https://www.sec.gov/Archives/edgar/data/1590955/000156459015004189/0001564590-15-004189-index.htm,https://www.sec.gov/Archives/edgar/data/1590955/000156459015004189/payc-10q_20150331.htm,1.008621907259789,0.1094978148930215,0.2399271553685956,0.1942284843323421,0.6515622269689337,1.4682935515321285,0.4348314393925211,1.4682935515321285,0.4903383383849969,1755283429.0600002,1746124429.0600002,73.1978077172644,31.78594453406252,133.62389076278927,165.06332791611814,21.83487080396572,21.83487080396572,31.62008672376951,137.8047848678084,132.92664654841658,164.2020339533572,0.0034154028350911,0.0060582808587754,0.3298212442000771,0.0358496408140196,-0.7228316628521821,1.0335185414777066,31.74096385542169,2.19115929941618,0.0,0.0,0.2170149578066712,0.0338089891709825,0.0765046532601215,0.1904689403166869,0.045308029408569,1.1729957805907174,0.0045996160950345,1.9019558483496268,0.0484128022843661,0.0087773624574857,-11.359005599840629,20547000.0,23807000.0,-25649000.0,125821000.0,2239000.0,2784500.0,456500.0,2.744558328202528,27.46407438715131,7.803405385822968,32.79216152019002,3.2770083102493075,11.53342618384401,0.0745748796477129,0.0456986710362535,2015-05-06,0.08,amc,36800000.0,2025-04-25,2015-03-31,0.4999999999999999,29.681311475409835,542799.3770491803
2014-12-31,PAYC,USD,1590955,2015-02-26,2015-02-26 16:21:02,2014,Q4,44040000.0,7595000.0,36445000.0,0.8275431426,1447000,9685000.0,19310000.0,28995000.0,26000.0,31658000.0,39253000.0,0.0,342000.0,1964000.0,5851000.0,0.1328564941,4787000.0,0.1086966394,-316000.0,4471000.0,0.1015213442,1965000.0,2506000.0,0.0569028156,0.0501,0.0501,50000000,50000000,https://www.sec.gov/Archives/edgar/data/1590955/000119312515065707/0001193125-15-065707-index.htm,https://www.sec.gov/Archives/edgar/data/1590955/000119312515065707/d851377d10k.htm,0.8808,0.05012,0.18072,0.13428,0.50288,1.48276,0.34306,1.48276,0.5464,1316500000.0,1318334000.0,131.33479648842777,29.893278837420528,145.69499778663126,196.08281203455465,17.757425341929913,17.757425341929913,29.934922797456856,225.31772346607417,145.89796370075254,196.3559725945785,0.0019035320926699,0.0050998860615267,0.3638889638242197,0.0337671570652187,0.3134506921893693,1.021540369962226,13.997076023391813,3.605746209098165,0.0,0.0,0.219913714804723,0.0328564940962761,0.0713255780770068,0.2569721115537848,0.0527247956403269,1.1822810590631363,0.0079473206176203,1.2931003255741609,0.0221699509857438,0.0033775542248405,-13.94934,14621000.0,17153000.0,-31411000.0,119525000.0,2131000.0,2509000.0,289500.0,5.709809264305178,36.04739960500329,2.3107307439104674,15.76234788833214,2.496712689020381,38.94871794871795,0.0338018290215543,0.04644,2015-02-10,0.04238,amc,29333333.0,2025-04-25,2014-12-31,0.4157621519584709,22.11984375,145921.828125
2014-09-30,PAYC,USD,1590955,2014-11-07,2014-11-07 09:44:55,2014,Q3,36598000.0,6436000.0,30162000.0,0.8241433958,1059000,8410000.0,14856000.0,23266000.0,39000.0,25484000.0,31920000.0,0.0,338000.0,1797000.0,6475000.0,0.1769222362,4678000.0,0.1278211924,-299000.0,4379000.0,0.1196513471,1689000.0,2690000.0,0.0735012842,0.05,0.05,51056462,52978051,https://www.sec.gov/Archives/edgar/data/1590955/000119312514402397/0001193125-14-402397-index.htm,https://www.sec.gov/Archives/edgar/data/1590955/000119312514402397/d781501d10q.htm,0.7168142594761071,0.0526867686209827,0.1450942683807585,0.0927992229465488,0.3618151214629795,1.3830962278584835,0.2590857157317324,1.3830962278584835,0.5390894496371488,845495010.7199999,854208010.7199999,78.57760322676579,23.102218993387613,114.13269583153348,178.44977009708737,11.973136551489745,11.973136551489745,23.340292112137277,131.92401709961388,115.3088567386609,180.28873168425497,0.0031815681534409,0.0056038178107819,0.384983573127903,0.051985253061443,1.3456370656370655,1.0255925588145882,13.840236686390533,2.753903345724907,0.0,0.0,0.2297939778129952,0.0289360074321001,0.1097377217203741,0.3604211663066954,0.0729548062735668,1.4858096828046743,0.0024045029783048,1.2804665540727782,0.0247925040754,0.0057778885146745,-8.472463289759482,10439000.0,13228000.0,-34009000.0,114469000.0,1187000.0,2298000.0,451500.0,3.6100333351549274,27.632069608452458,5.369794903666874,24.930517711171664,3.257085020242915,16.760416666666668,0.03809334994902,0.0522950454342096,2014-11-04,0.036,amc,29279999.0,2025-04-25,2014-09-30,0.388888888888889,15.31390625,134208.859375
2014-06-30,PAYC,USD,1590955,2014-08-08,2014-08-08 10:14:00,2014,Q2,33306000.0,6365000.0,26941000.0,0.8088932925,937000,8138000.0,13700000.0,21838000.0,587000.0,23847000.0,30212000.0,0.0,674000.0,1680000.0,4774000.0,0.1433375368,3094000.0,0.0928961749,-4131000.0,-1037000.0,-0.0311355311,-444000.0,-593000.0,-0.0178045998,-0.0118,-0.0118,50284362,50284362,https://www.sec.gov/Archives/edgar/data/1590955/000119312514302051/0001193125-14-302051-index.htm,https://www.sec.gov/Archives/edgar/data/1590955/000119312514302051/d742477d10q.htm,0.662353039300767,-0.011792930772394,0.0827692712895512,0.0008750235311725,0.2777801973504208,1.3490874160837518,0.199803668583883,1.3490874160837518,0.5587224115521243,733648841.58,747101841.58,-309.2954644097808,22.027527820212576,176.27314790485343,16673.837308636364,10.814718027948937,10.814718027948937,22.4314490356092,156.49389224549645,179.50548812590102,16979.587308636364,-0.0008082886067439,5.997419679044373e-05,0.404212977976945,0.062292847488045,2.8179723502304146,1.0215362570507411,4.590504451038576,-7.018549747048904,0.0,0.0,0.2443403590944574,0.0281330691166756,0.1312849986937607,0.9894281595386832,0.1236413859364679,2.4511904761904764,0.0054344562541283,,0.0158409767080722,-0.0015507159966945,-7.108571845855377,7094000.0,10047000.0,-35865000.0,110243000.0,821500.0,2965000.0,485500.0,2.4482075301747432,37.04634721131186,7.338570306362922,36.76158940397351,2.4293893129771,12.263969171483623,-0.0087414133671393,0.0818942477583786,2014-08-05,0.034,amc,24975000.0,2025-04-25,2014-06-30,0.176470588235294,14.62320754716981,176090.54716981133
2014-03-31,PAYC,USD,1590955,2014-05-21,2014-05-21 17:09:59,2014,Q1,36985000.0,6922000.0,30063000.0,0.8128430445,882000,9268000.0,15681000.0,24949000.0,769000.0,26922000.0,33844000.0,0.0,2067000.0,1721000.0,4862000.0,0.1314586995,3141000.0,0.0849263215,-1298000.0,1843000.0,0.0498310126,783000.0,1060000.0,0.0286602677,0.0209,0.0209,50811059,50811059,https://www.sec.gov/Archives/edgar/data/1590955/000119312514208362/0001193125-14-208362-index.htm,https://www.sec.gov/Archives/edgar/data/1590955/000119312514208362/d709022d10q.htm,0.7278927211495434,0.0208616002276197,0.0340673867868016,-0.0674853086608566,0.2583099084787821,0.1191472903566131,-1.0261742428946423,0.1191472903566131,1.739463843884852,779949755.65,853141755.65,183.9504140683962,21.08827242530756,450.5775595898325,-227.4569132837562,128.83213671126526,128.83213671126526,23.067236870352843,175.47136068490332,492.8606329578278,-248.80191182560512,0.0013590619040794,-0.0043964370463098,14.257846052196896,0.1621795799192456,15.053887289181407,0.9833024923049544,1.5195936139332369,1.6330188679245283,0.0,0.0,0.2505880762471272,0.0238475057455725,0.1093416204617919,2.980935875216638,0.1395160200081114,2.998256827425916,0.0025145329187508,0.236486935456349,0.0167422933448058,0.0022361170881536,-10.08192429132406,-7318000.0,-52141000.0,-95226000.0,93391000.0,1221000.0,4165000.0,515000.0,1.7934297688251994,43.0366945969373,5.876914186651257,50.1831750339213,2.091238670694864,15.3141592920354,0.1750908490254377,0.1015526954476583,2014-05-21,,amc,,2025-04-25,2014-03-31,,,
2013-12-31,PAYC,USD,1590955,2013-12-31,2013-12-30 19:00:00,2013,Q4,30280000.0,5938000.0,24342000.0,0.8038969617,829000,10033000.0,13768000.0,23801000.0,1059000.0,25596000.0,31534000.0,0.0,0.0,1450000.0,-912000.0,-0.0301188904,-1254000.0,-0.0414134742,5183000.0,3929000.0,0.1297556143,-4276000.0,5140000.0,0.1697490092,0.11,0.11,45711988,47686326,,,0.6624082942968921,0.112443151673911,0.254309657239147,0.0151382608868378,0.2903614692933504,0.0383269264071385,-1.2435687548745418,0.0383269264071385,1.7930744994070265,701679015.8,770371015.8,34.12835679961089,23.173019015852045,60.35948523010752,1013.987017052023,400.501721347032,400.501721347032,25.441579121532364,-844.7050611842104,66.26847447741935,1113.2529130057803,0.0073252867540007,0.0009862059209666,46.78367579908676,0.1432979597545411,-75.3201754385965,0.9819393229161276,0.0,2.2616731517509727,0.0077086529284805,1.0523346303501946,0.331340819022457,0.0273778071334214,0.1024458469553663,0.94047311827957,0.3610634081902246,7.54,0.0002972258916776,0.3113936559755767,-0.0265722696459443,0.010011842802381,-12.14992552938192,-8723000.0,-56846000.0,-95978000.0,88546000.0,1206000.0,3607500.0,707000.0,5.06770145310436,76.08622431795217,8.760525429437521,17.759530791788855,1.1828685258964144,10.273356401384085,2.9337899543379,0.2391713963523091,2014-05-15,0.07,amc,36985000.0,2025-04-25,2013-12-31,-0.5714285714285715,,
2013-09-30,PAYC,USD,1590955,2013-09-30,2013-09-29 20:00:00,2013,Q3,25830000.0,5340000.0,20490000.0,0.7932636469,538000,6815000.0,10339000.0,17154000.0,-133000.0,18651000.0,23991000.0,0.0,2329000.0,1453000.0,3292000.0,0.1274487031,1839000.0,0.0711962834,-2462000.0,-623000.0,-0.0241192412,-199000.0,-424000.0,-0.0164150213,-0.0089,-0.0088,47686326,48371489,,,0.5416647111794689,-0.0088914377677156,0.0668954869788039,-0.0044876596280451,0.4173313750361057,1.2261376563168234,-0.0111352675817382,1.2261376563168234,0.7304400007666768,731985104.1,744587104.1,-431.594990625,28.338563844367016,229.4624150783699,-3420.491140654205,12.518985874807594,12.518985874807594,28.82644615176152,226.18077281287967,233.41288529780564,-3479.378991121496,-0.0005792467601117,-0.0002923556760941,0.5558919103813922,0.0919488528671249,3.8280680437424057,1.0322612032662084,0.7896092743666809,-7.523584905660377,0.0,0.0,0.2638404955478126,0.0208284939992257,0.166909955019944,1.0670846394984326,0.1317847464188927,2.34273916035788,0.0031358885017421,,0.0124230266362917,-0.0014397821310812,-5.7494626447002855,8289000.0,-531000.0,-29797000.0,96086000.0,,,,2.463414634146341,36.99438202247191,14.089887640449438,36.53465346534654,2.432801822323462,6.3875598086124405,-0.0072515820078672,0.0713831466068491,2013-09-29,,amc,,2025-04-25,2013-09-30,,,
2013-06-30,PAYC,USD,1590955,2013-06-30,2013-06-29 20:00:00,2013,Q2,23914000.0,4768000.0,19146000.0,0.8006188843,324000,6040000.0,8716000.0,14756000.0,-338000.0,15953000.0,20721000.0,0.0,2326000.0,1288000.0,4143000.0,0.1732457974,3193000.0,0.1335201137,-2664000.0,529000.0,0.0221209333,169000.0,360000.0,0.0150539433,0.0075,0.0074,47686326,48371489,,,0.5014854782479993,0.0075493339537208,0.0918921705144573,0.0580879306994629,,,,,,731985104.1,,508.3229889583333,30.609061808982187,167.043611159288,264.2545502166065,0.0,0.0,,,,,0.0004918132868873,0.0037842300129943,0.0,0.0,,0.0,1.37274290627687,12.172222222222222,0.0029003322446162,5.897222222222222,0.2525717153132056,0.0135485489671322,0.0,0.3678685531720675,0.0674082127623986,1.251552795031056,0.0051016141172534,,0.0,0.0,,,,,,,,,,,,0.0,0.0,0.0,0.0,0.0338042398149943,2013-06-29,,amc,,2025-04-25,2013-06-30,,,
2013-03-31,PAYC,USD,1590955,2013-03-31,2013-03-30 20:00:00,2013,Q1,27577000.0,4845000.0,22732000.0,0.8243101135,455000,5996000.0,9858000.0,15854000.0,611000.0,17193000.0,22038000.0,0.0,2274000.0,1295000.0,7445000.0,0.2699713529,5539000.0,0.2008557856,-1663000.0,3876000.0,0.1405519092,1241000.0,2635000.0,0.09555064,0.0549,0.0541,47686326,48371489,,,0.5782999512271085,0.0552569304668176,0.0948699633517583,0.0691393167928265,,,,,,731985104.1,,69.4483020967742,26.54331885629329,161.80042088859418,222.01550018198364,0.0,0.0,,,,,0.0035998000304115,0.0045041900190766,0.0,0.0,,0.0,2.435795954265611,1.7168880455407969,0.0021899352746678,0.608349146110057,0.2174275664503027,0.0164992566268992,0.0,0.2712201591511936,0.0444935997389128,0.9474903474903474,0.0261812379881785,,0.0,0.0,,,,,,,,,,,,0.0,0.0,0.0,0.0,0.0257306465589318,2013-03-30,,amc,,2025-04-25,2013-03-31,,,
2012-12-31,PAYC,USD,1590955,2012-12-31,2012-12-30 19:00:00,2012,Q4,21307000.0,3965000.0,17342000.0,0.8139109213,1632000,19372000.0,29255000.0,12969000.0,0.0,15497000.0,19462000.0,5508000.0,0.0,830000.0,2340000.0,0.1098230628,1510000.0,0.0708687286,-5173000.0,-3663000.0,-0.171915333,98000.0,-355000.0,-0.0166611912,-0.0023,-0.002,151256923,176246424,,,0.1408662795553496,-0.0023470000113647,0.0002908957760564,-0.0216188451751064,0.0888223807117906,0.0646317524256393,-0.3334326720371007,0.0646119186227264,0.0,2321793768.05,2308358768.05,-1635.066033838028,108.96859098183694,52768.040182954544,-710.0286752446482,237.5722672720761,237.5722672720761,108.33804702914534,986.4781060042734,52462.69927386363,-705.9201125535168,-0.0001528990235416,-0.0014083938224825,0.0,0.0,-5.741452991452992,1.0256658523505928,0.0,-0.0123526108927568,0.0005935066322265,-3.881690140845071,0.909184774956587,0.0765945463932041,0.1400099060322155,75.31818181818181,0.1555357394283568,3.992771084337349,0.0046463603510583,,0.0164999210378291,-0.0009598978993107,-2.684217634124423,8615000.0,-50434000.0,-75990000.0,93964000.0,,,,2.627305580325715,53.364438839848674,16.206809583858764,34.255627009646304,1.6865163760102084,5.553221288515406,-0.0363245676864831,0.0219097409511629,2012-12-30,,amc,,2025-04-25,2012-12-31,,,
2012-09-30,PAYC,USD,1590955,2012-09-30,2012-09-29 20:00:00,2012,Q3,18567000.0,3747000.0,14820000.0,0.7981903377,0,0.0,0.0,11999000.0,0.0,12948000.0,-9201000.0,0.0,683000.0,1430665.0,3046665.0,0.1640903215,1616000.0,0.0870361394,-427000.0,1189000.0,0.0640383476,0.0,1189000.0,0.0640383476,1.26,1.26,946604,946604,,,19.6143265821822,1.2560690637267538,0.0,0.0,,,,,,14530371.4,,3.055166400336417,0.7825912317552647,0.0,0.0,0.0,0.0,,,0.0,0.0,0.0818286035001142,0.0,0.0,0.0,,0.0,2.366032210834553,0.0,0.0,0.0,0.0,0.0,0.0,0.0,0.0,0.0,0.0,,0.0,0.0,,,,,,,,,,,,0.0,0.0,0.0,0.0,0.0,2012-09-29,,amc,,2025-04-25,2012-09-30,,,
