date,symbol,reportedCurrency,cik,fillingDate,acceptedDate,calendarYear,period,revenue,costOfRevenue,grossProfit,grossProfitRatio,researchAndDevelopmentExpenses,generalAndAdministrativeExpenses,sellingAndMarketingExpenses,sellingGeneralAndAdministrativeExpenses,otherExpenses,operatingExpenses,costAndExpenses,interestIncome,interestExpense,depreciationAndAmortization,ebitda,ebitdaratio,operatingIncome,operatingIncomeRatio,totalOtherIncomeExpensesNet,incomeBeforeTax,incomeBeforeTaxRatio,incomeTaxExpense,netIncome,netIncomeRatio,eps,epsdiluted,weightedAverageShsOut,weightedAverageShsOutDil,link,finalLink,revenuePerShare,netIncomePerShare,operatingCashFlowPerShare,freeCashFlowPerShare,cashPerShare,bookValuePerShare,tangibleBookValuePerShare,shareholdersEquityPerShare,interestDebtPerShare,marketCap,enterpriseValue,peRatio,priceToSalesRatio,pocfratio,pfcfRatio,pbRatio,ptbRatio,evToSales,enterpriseValueOverEBITDA,evToOperatingCashFlow,evToFreeCashFlow,earningsYield,freeCashFlowYield,debtToEquity,debtToAssets,netDebtToEBITDA,currentRatio,interestCoverage,incomeQuality,dividendYield,payoutRatio,salesGeneralAndAdministrativeToRevenue,researchAndDdevelopementToRevenue,intangiblesToTotalAssets,capexToOperatingCashFlow,capexToRevenue,capexToDepreciation,stockBasedCompensationToRevenue,grahamNumber,roic,returnOnTangibleAssets,grahamNetNet,workingCapital,tangibleAssetValue,netCurrentAssetValue,investedCapital,averageReceivables,averagePayables,averageInventory,daysSalesOutstanding,daysPayablesOutstanding,daysOfInventoryOnHand,receivablesTurnover,payablesTurnover,inventoryTurnover,roe,capexPerShare,report_date,epsEstimated,time,revenueEstimated,updatedFromDate,fiscalDateEnding,surprise(%),QuarterAvgPrice,QuarterAvgVolume
2025-03-31,PEG,USD,788784,2025-04-30,2025-04-30 16:30:02,2025,Q1,3222000000.0,919000000.0,2303000000.0,0.7147734327,0,0.0,0.0,2105000000.0,320000000.0,2425000000.0,3344000000.0,0.0,0.0,373000000.0,1231000000.0,0.3820608318,797000000.0,0.247361887,-180000000.0,617000000.0,0.1914959652,28000000.0,589000000.0,0.1828057107,1.18,1.18,498000000,500000000,https://www.sec.gov/Archives/edgar/data/788784/000095017025061108/0000950170-25-061108-index.htm,https://www.sec.gov/Archives/edgar/data/81033/000095017025061108/peg-20250331.htm,6.469879518072289,1.1827309236947792,2.106425702811245,0.8453815261044176,1.7951807228915662,111.59638554216868,111.59638554216868,32.8714859437751,47.285140562249,40985400000.0,63639400000.0,17.39617996604414,12.72048417132216,39.07092469018112,97.35249406175772,2.503689676237019,2.503689676237019,19.751520794537555,51.69731925264013,60.66673021925643,151.16247030878858,0.0143709711263035,0.0102719504994461,1.4384850335980452,0.4237156995051732,18.402924451665317,0.8247121498539268,0.0,1.7809847198641766,0.0076549210206561,0.5326655348047539,0.0,0.0,0.0,0.5986653956148713,0.1949099937926753,1.6836461126005362,0.0,29.576304130228547,0.0144217044973753,0.0105982905982906,1.7951807228915662,-1020000000.0,55575000000.0,4799000000.0,-1020000000.0,955000000.0,1115000000.0,562000000.0,0.0,107.13819368879216,0.0,0.0,0.840036563071298,0.0,0.0359804520464263,1.2610441767068272,2025-04-30,1.44,bmo,3048130404.0,2025-05-11,2025-03-31,-0.0069444444444444,83.4305,2759192.466666667
2024-12-31,PEG,USD,788784,2025-02-25,2025-02-25 17:24:49,2024,Q4,2465000000.0,1706000000.0,759000000.0,0.3079107505,0,0.0,0.0,37000000.0,277000000.0,314000000.0,2020000000.0,22000000.0,191000000.0,354000000.0,788000000.0,0.3196754564,445000000.0,0.1805273834,-245000000.0,200000000.0,0.0811359026,-86000000.0,286000000.0,0.1160243408,0.57,0.57,498000000,500000000,https://www.sec.gov/Archives/edgar/data/788784/000095017025026874/0000950170-25-026874-index.htm,https://www.sec.gov/Archives/edgar/data/788784/000095017025026874/peg-20241231.htm,4.949799196787149,0.5742971887550201,0.7369477911646586,-1.2269076305220885,0.251004016064257,32.3574297188755,32.3574297188755,32.3574297188755,46.3433734939759,42076020000.0,64839020000.0,36.77973776223776,17.06937931034483,114.64855585831064,-68.86418985270049,2.611146828844483,2.611146828844483,26.30386206896552,82.28302030456852,176.67307901907358,-106.11950900163666,0.0067972208398037,-0.0145213354304898,1.420379793967978,0.4188872620790629,28.88705583756345,0.6510376633358954,2.329842931937173,1.2832167832167831,0.0071061854234312,1.0454545454545454,0.0,0.0,0.0,2.664850136239782,0.3967545638945233,2.76271186440678,0.0,20.44780112298111,0.012259661696143,0.0052342606149341,-73.105421686747,-2270000000.0,16114000000.0,-34291000000.0,37956000000.0,1846000000.0,1128500000.0,1151000000.0,69.73630831643003,59.92966002344666,59.29660023446659,1.2905759162303665,1.5017605633802815,1.51779359430605,0.0177485416408092,1.963855421686747,2025-02-25,0.82,bmo,2027938948.0,2025-05-11,2024-12-31,0.024390243902439,88.50890625,2405839.953125
2024-09-30,PEG,USD,788784,2024-11-04,2024-11-04 16:30:57,2024,Q3,2642000000.0,1707000000.0,935000000.0,0.3538985617,0,0.0,0.0,0.0,294000000.0,294000000.0,2001000000.0,29000000.0,227000000.0,346000000.0,1132000000.0,0.4284632854,641000000.0,0.2426192279,-82000000.0,559000000.0,0.2115821347,39000000.0,520000000.0,0.1968205905,1.04,1.04,498000000,500000000,https://www.sec.gov/Archives/edgar/data/788784/000095017024120749/0000950170-24-120749-index.htm,https://www.sec.gov/Archives/edgar/data/81033/000095017024120749/peg-20240930.htm,5.305220883534137,1.0441767068273091,1.251004016064257,-0.2911646586345381,0.4076305220883534,32.31927710843374,32.31927710843374,32.31927710843374,44.765060240963855,44426580000.0,66289580000.0,21.35893269230769,16.81551097653293,71.31072231139646,-306.3902068965517,2.760272134203168,2.760272134203168,25.090681302043905,58.55969964664311,106.4038202247191,-457.1695172413793,0.0117047047060566,-0.0032638118891888,1.3709847778813296,0.4080251479289941,19.31360424028269,0.6814612495732332,2.8237885462555066,1.198076923076923,0.0067302052059825,0.575,0.0,0.0,0.0,1.232744783306581,0.2906888720666162,2.2196531791907512,0.0,27.55554966985381,0.0116531311881694,0.0096153846153846,-72.00100401606426,-1866000000.0,16095000000.0,-33993000000.0,37902000000.0,1716000000.0,1086500000.0,1107000000.0,60.70401211203634,59.103690685413,62.10896309314587,1.4826038159371493,1.5227475468331846,1.4490662139219015,0.0323081702392047,1.5421686746987953,2024-11-04,0.87,bmo,2428333166.0,2025-04-25,2024-09-30,0.0344827586206896,79.80609375,2769063.8125
2024-06-30,PEG,USD,788784,2024-07-30,2024-07-30 16:45:56,2024,Q2,2423000000.0,1556000000.0,867000000.0,0.3578208832,0,-18000000.0,0.0,-18000000.0,303000000.0,285000000.0,1841000000.0,36000000.0,218000000.0,327000000.0,982000000.0,0.4052827074,582000000.0,0.2401981015,-145000000.0,437000000.0,0.1803549319,3000000.0,434000000.0,0.1791167974,0.87,0.87,498000000,500000000,https://www.sec.gov/Archives/edgar/data/788784/000162828024033496/0001628280-24-033496-index.htm,https://www.sec.gov/Archives/edgar/data/81033/000162828024033496/pseg-20240630.htm,4.865461847389558,0.8714859437751004,0.9678714859437751,-0.7128514056224899,0.2269076305220883,31.775100401606423,31.775100401606423,31.775100401606423,43.73493975903615,36667740000.0,58116740000.0,21.12197004608295,15.133198514238549,76.07414937759336,-103.28940845070424,2.317223205257836,2.317223205257836,23.9854477919934,59.18201629327902,120.57414937759336,-163.70912676056338,0.0118360171638612,-0.009681534776891,1.362613751263903,0.4116299492191974,21.84215885947047,0.6461872063606794,2.669724770642202,1.1105990783410138,0.0081543067557476,0.6889400921658986,-0.0074288072637226,0.0,0.0,1.7365145228215768,0.3454395377631036,2.559633027522936,0.0,24.961168855763898,0.0116002283231789,0.0082852888396777,-69.65763052208835,-1958000000.0,15824000000.0,-32982000000.0,37234000000.0,1696000000.0,1016000000.0,978500000.0,61.28765992571192,60.84832904884319,59.92287917737789,1.4684848484848485,1.479087452471483,1.501930501930502,0.0274266936299292,1.680722891566265,2024-07-30,0.63,bmo,2027451508.0,2025-04-25,2024-06-30,0.0,71.06158730158731,2800174.1428571427
2024-03-31,PEG,USD,788784,2024-04-30,2024-04-30 16:16:58,2024,Q1,2760000000.0,1780000000.0,980000000.0,0.3550724638,0,-19000000.0,0.0,-19000000.0,314000000.0,295000000.0,2075000000.0,26000000.0,205000000.0,346000000.0,1180000000.0,0.4275362319,685000000.0,0.2481884058,-56000000.0,629000000.0,0.2278985507,97000000.0,532000000.0,0.1927536232,1.07,1.06,499000000,500000000,https://www.sec.gov/Archives/edgar/data/788784/000162828024019352/0001628280-24-019352-index.htm,https://www.sec.gov/Archives/edgar/data/81033/000162828024019352/pseg-20240331.htm,5.531062124248497,1.066132264529058,1.3246492985971945,-0.2725450901803607,2.376753507014028,31.498997995991985,31.498997995991985,31.498997995991985,44.412825651302605,33253360000.0,54024360000.0,15.626578947368422,12.04831884057971,50.30765506807867,-244.51,2.115622852780252,2.115622852780252,19.57404347826087,45.78335593220339,81.73125567322239,-397.2379411764706,0.0159983833212643,-0.0040898122776164,1.3969334520931416,0.4191226998549286,17.602542372881356,0.7947290274684484,3.341463414634146,1.2424812030075187,0.0089915725809361,0.5620300751879699,-0.0068840579710144,0.0,0.0,1.205748865355522,0.288768115942029,2.303468208092485,0.0,27.48812846370087,0.0115814906537192,0.0101549973276322,-67.5691382765531,-1106000000.0,15718000000.0,-32388000000.0,37563000000.0,1739000000.0,1097000000.0,972000000.0,56.80434782608695,49.55056179775281,46.56741573033708,1.5843857634902412,1.816326530612245,1.932681867535288,0.0338465453620053,1.597194388777555,2024-04-30,1.31,bmo,2985193204.0,2025-04-25,2024-03-31,0.0,61.24311475409836,2925279.8524590163
2023-12-31,PEG,USD,788784,2024-02-26,2024-02-26 16:26:07,2023,Q4,2605000000.0,1614000000.0,991000000.0,0.3804222649,0,0.0,0.0,0.0,299000000.0,299000000.0,1913000000.0,33000000.0,138000000.0,337000000.0,1162000000.0,0.4460652591,692000000.0,0.2656429942,-5000000.0,687000000.0,0.2637236084,141000000.0,546000000.0,0.209596929,1.1,1.09,498000000,500000000,https://www.sec.gov/Archives/edgar/data/788784/000162828024006885/0001628280-24-006885-index.htm,https://www.sec.gov/Archives/edgar/data/81033/000162828024006885/pseg-20231231.htm,5.230923694779117,1.0963855421686748,1.42570281124498,-0.5120481927710844,0.108433734939759,31.07831325301205,31.07831325301205,31.07831325301205,41.25301204819277,30452700000.0,50804700000.0,13.943543956043955,11.690095969289828,42.89112676056338,-119.42235294117648,1.96761000193836,1.96761000193836,19.502763915547025,43.72177280550775,71.55591549295775,-199.2341176470588,0.017929444679782,-0.008373641746052,1.3184725722039154,0.40215998896356,17.514629948364888,0.6669962428317184,5.0144927536231885,1.3003663003663004,0.0093259382583481,0.5201465201465202,0.0,0.0,0.0,1.3591549295774648,0.3704414587332054,2.863501483679525,0.0,27.688640266828006,0.011426127586617,0.0107605289608009,-67.06124497991968,-1684000000.0,15477000000.0,-31891000000.0,36526000000.0,1663000000.0,1167000000.0,996500000.0,59.97696737044146,67.69516728624536,57.04460966542752,1.5005760368663594,1.329489291598023,1.5777126099706744,0.0352781546811397,1.937751004016064,2024-02-26,0.53,bmo,2400850000.0,2025-04-25,2023-12-31,0.0188679245283019,61.45174603174603,3015994.9523809524
2023-09-30,PEG,USD,788784,2023-10-31,2023-10-31 16:23:12,2023,Q3,2456000000.0,1623000000.0,833000000.0,0.3391693811,0,0.0,0.0,0.0,282000000.0,282000000.0,1905000000.0,27000000.0,185000000.0,332000000.0,582000000.0,0.236970684,551000000.0,0.2243485342,-486000000.0,65000000.0,0.026465798,-74000000.0,139000000.0,0.0565960912,0.28,0.28,498000000,500000000,https://www.sec.gov/Archives/edgar/data/788784/000078878423000008/0000788784-23-000008-index.htm,https://www.sec.gov/Archives/edgar/data/81033/000078878423000008/pseg-20230930.htm,4.931726907630522,0.2791164658634538,1.379518072289157,-0.4598393574297189,0.1144578313253012,30.453815261044177,30.40763052208835,30.453815261044177,40.34538152610442,28341180000.0,48191180000.0,50.97334532374101,11.539568403908795,41.253537117903925,-123.7606113537118,1.868731372807596,1.868731372807596,19.62181596091205,82.8027147766323,70.14727802037845,-210.44183406113532,0.0049045240882701,-0.0080801152245601,1.312607147566926,0.4017395866968034,34.106529209622,0.6325626204238921,2.9783783783783786,4.942446043165468,0.0100207542522929,2.0431654676258995,0.0,0.0,0.0004641588634162,1.3333333333333333,0.3729641693811075,2.759036144578314,0.0,13.8294478911389,0.0250396818261323,0.0028064366330836,-65.56526104417671,-1907000000.0,15143000000.0,-31103000000.0,35748000000.0,1605000000.0,1085000000.0,907500000.0,58.26547231270359,62.107208872458415,53.789279112754166,1.5446540880503146,1.449107142857143,1.6731958762886598,0.0091652380324409,1.8393574297188755,2023-10-31,0.75,bmo,2138480000.0,2025-04-25,2023-09-30,0.1333333333333333,61.43952380952381,2295520.523809524
2023-06-30,PEG,USD,788784,2023-08-01,2023-08-01 16:43:53,2023,Q2,2421000000.0,1348000000.0,1073000000.0,0.4432052871,0,-29000000.0,0.0,-29000000.0,308000000.0,279000000.0,1627000000.0,35000000.0,185000000.0,325000000.0,1254000000.0,0.5179677819,794000000.0,0.3279636514,-50000000.0,744000000.0,0.3073110285,153000000.0,591000000.0,0.2441140025,1.19,1.18,497000000,500000000,https://www.sec.gov/Archives/edgar/data/788784/000078878423000007/0000788784-23-000007-index.htm,https://www.sec.gov/Archives/edgar/data/81033/000078878423000007/pseg-20230630.htm,4.871227364185111,1.1891348088531186,1.1509054325955734,-0.2676056338028169,1.1006036217303825,30.28772635814889,30.259557344064387,30.28772635814889,40.27565392354125,31117170000.0,50402170000.0,13.16293147208122,12.853023543990089,54.40064685314685,-233.9636842105263,2.067173985252109,2.067173985252109,20.81874019000413,40.19311802232855,88.11568181818181,-378.9636842105263,0.0189927297373122,-0.0042741676058587,1.3174782435394938,0.4006059993940006,15.37878787878788,0.6718260869565217,4.291891891891892,0.9678510998307952,0.009158930583983,0.482233502538071,-0.0119785212722015,0.0,0.0002827997172002,1.2325174825174825,0.2912019826517967,2.169230769230769,0.0,28.466897760444347,0.0134118217605946,0.0119415651330544,-64.92454728370221,-1887000000.0,15039000000.0,-30589000000.0,35157000000.0,1756000000.0,1004000000.0,780000000.0,60.22304832713755,70.10385756676558,56.416913946587535,1.4944444444444445,1.2838095238095235,1.5952662721893491,0.0392612768218959,1.4185110663983904,2023-08-01,0.61,bmo,1951240000.0,2025-04-25,2023-06-30,0.1475409836065573,62.43338709677419,2501577.1129032257
2023-03-31,PEG,USD,788784,2023-05-02,2023-05-02 16:37:13,2023,Q1,3755000000.0,1825000000.0,1930000000.0,0.5139813582,0,-28000000.0,0.0,-28000000.0,310000000.0,282000000.0,2107000000.0,27000000.0,180000000.0,330000000.0,2095000000.0,0.5579227696,1648000000.0,0.4388814913,-63000000.0,1585000000.0,0.4221038615,298000000.0,1287000000.0,0.3427430093,2.59,2.57,497000000,500000000,https://www.sec.gov/Archives/edgar/data/788784/000078878423000002/0000788784-23-000002-index.htm,https://www.sec.gov/Archives/edgar/data/81033/000078878423000002/pseg-20230331.htm,7.55533199195171,2.58953722334004,3.696177062374246,2.209255533199195,2.4245472837022133,29.62977867203219,29.611670020120723,29.62977867203219,41.37625754527163,31037650000.0,50216650000.0,6.029069541569542,8.265685752330226,16.895835601524226,28.267440801457195,2.107676898003531,2.107676898003531,13.373275632490014,23.96976133651551,27.33622754491018,45.73465391621129,0.041465768187991,0.0353763896429014,1.384218389243515,0.4125564168471331,9.154653937947494,0.794970631424376,9.155555555555557,1.4273504273504274,0.0091501772846848,0.2206682206682206,-0.0074567243675099,0.0,0.0001821530490396,0.4022863364180729,0.1968042609853528,2.2393939393939397,0.0,41.54957078944943,0.0284495961613937,0.0260526315789473,-63.785714285714285,-1117000000.0,14717000000.0,-30352000000.0,35426000000.0,2118500000.0,1114500000.0,837500000.0,45.34753661784288,47.24383561643836,35.26027397260274,1.9846723044397463,1.9050104384133613,2.5524475524475525,0.0873964416677984,1.4869215291750504,2023-05-02,1.21,bmo,2803150000.0,2025-04-25,2023-03-31,0.1487603305785123,60.57209677419355,2487815.870967742
2022-12-31,PEG,USD,788784,2023-02-22,2023-02-21 19:56:44,2022,Q4,3139000000.0,1864000000.0,1275000000.0,0.4061803122,0,0.0,0.0,0.0,311000000.0,311000000.0,2175000000.0,17000000.0,113000000.0,320000000.0,1436000000.0,0.457470532,964000000.0,0.3071041733,39000000.0,1003000000.0,0.3195285123,215000000.0,788000000.0,0.2510353616,1.59,1.58,497000000,500000000,https://www.sec.gov/Archives/edgar/data/788784/000162828023004411/0001628280-23-004411-index.htm,https://www.sec.gov/Archives/edgar/data/81033/000162828023004411/pseg-20221231.htm,6.315895372233401,1.585513078470825,1.613682092555332,0.0040241448692152,0.9356136820925554,27.62374245472837,27.595573440643864,27.62374245472837,41.352112676056336,30451190000.0,50425190000.0,9.660910532994924,9.700920675374324,37.96906483790524,15225.595,2.2180195207225584,2.2180195207225584,16.0640936604014,35.1150348189415,62.87430174563591,25212.595,0.0258774780230263,6.567887823103136e-05,1.488746449122296,0.4195369268032349,13.909470752089137,0.6441616766467065,8.530973451327434,1.017766497461929,0.0088338091220737,0.3413705583756345,0.0,0.0,0.0002873681185598,0.9975062344139652,0.2548582351067219,2.5,0.0,31.391887664034098,0.0165315504385061,0.0161793692509855,-64.9602615694165,-2377000000.0,13715000000.0,-30686000000.0,33755000000.0,2137500000.0,1232500000.0,973500000.0,67.23478814909207,61.36802575107296,46.3519313304721,1.338592750533049,1.4665617623918177,1.9416666666666669,0.0573967514021414,1.6096579476861168,2023-02-21,0.63,bmo,2134897329.0,2025-04-25,2022-12-31,0.0158730158730158,58.049523809523805,3129050.492063492
2022-09-30,PEG,USD,788784,2022-10-31,2022-10-31 16:31:43,2022,Q3,2272000000.0,1777000000.0,495000000.0,0.2178697183,0,0.0,0.0,0.0,322000000.0,322000000.0,2099000000.0,24000000.0,163000000.0,318000000.0,536000000.0,0.235915493,173000000.0,0.0761443662,-118000000.0,55000000.0,0.0242077465,-59000000.0,114000000.0,0.0501760563,0.23,0.23,497000000,500000000,https://www.sec.gov/Archives/edgar/data/788784/000162828022027422/0001628280-22-027422-index.htm,https://www.sec.gov/Archives/edgar/data/81033/000162828022027422/pseg-20220930.htm,4.571428571428571,0.2293762575452716,0.6941649899396378,-0.909456740442656,0.7585513078470825,26.66197183098592,26.523138832997983,26.66197183098592,40.73843058350101,27946310000.0,47653310000.0,61.28576754385964,12.3003125,81.00379710144927,-61.82811946902655,2.108996302165874,2.108996302165874,20.974168133802817,88.9054291044776,138.12553623188407,-105.42767699115043,0.0040792505343281,-0.0161738705396168,1.5156591955324126,0.4206866215621793,36.76679104477612,0.6031442844548928,1.0613496932515338,3.026315789473684,0.0096255999450374,2.3596491228070176,0.0,0.0,0.0014452985903102,2.310144927536232,0.3507922535211267,2.506289308176101,0.0,11.730367625986943,0.0080228620244281,0.0023913408289981,-64.73239436619718,-2701000000.0,13182000000.0,-30385000000.0,32997000000.0,2076500000.0,1204000000.0,860500000.0,76.4524647887324,60.47270680922904,49.98874507597074,1.17720207253886,1.4882747068676716,1.8004052684903749,0.0086031242925062,1.6036217303822935,2022-10-31,0.84,bmo,1994223317.0,2025-04-25,2022-09-30,0.0238095238095238,64.3928125,2623192.53125
2022-06-30,PEG,USD,788784,2022-08-02,2022-08-02 16:54:01,2022,Q2,2076000000.0,1516000000.0,560000000.0,0.2697495183,0,0.0,0.0,0.0,264000000.0,264000000.0,1780000000.0,19000000.0,150000000.0,312000000.0,560000000.0,0.2697495183,296000000.0,0.1425818882,-198000000.0,98000000.0,0.0472061657,-33000000.0,131000000.0,0.0631021195,0.26,0.26,497000000,500000000,https://www.sec.gov/Archives/edgar/data/788784/000162828022020260/0001628280-22-020260-index.htm,https://www.sec.gov/Archives/edgar/data/81033/000162828022020260/pseg-20220630.htm,4.177062374245473,0.2635814889336016,-0.2334004024144869,-1.4507042253521127,4.440643863179075,27.01810865191147,26.94164989939637,27.01810865191147,42.88329979879275,31450160000.0,50406160000.0,60.0193893129771,15.149402697495184,-271.12206896551726,-43.62019417475728,2.342132856717307,2.342132856717307,24.280423892100192,90.011,-434.5358620689655,-69.91145631067961,0.0041653206215803,-0.022925161589003,1.5760351504319332,0.4266045799064667,33.85,0.7772876228888329,1.9733333333333336,-0.8854961832061069,0.0085850119681426,2.0610687022900764,0.0,0.0,0.0007660054829866,-5.215517241379311,0.2914258188824662,1.939102564102564,0.0,12.658323324967434,0.008566771372632,0.0026427274561226,-64.26307847082495,-1767000000.0,13390000000.0,-30013000000.0,33619000000.0,2078500000.0,1085000000.0,636000000.0,96.3728323699422,72.0712401055409,43.57519788918206,0.9338731443994602,1.2487644151565074,2.0653950953678475,0.0097557342865653,1.2173038229376258,2022-08-02,0.65,bmo,1805877885.0,2025-04-25,2022-06-30,-0.0153846153846153,67.98403225806452,2932119.080645161
2022-03-31,PEG,USD,788784,2022-05-03,2022-05-03 16:47:33,2022,Q1,2313000000.0,2039000000.0,274000000.0,0.1184608733,0,0.0,0.0,0.0,326000000.0,326000000.0,2365000000.0,17000000.0,137000000.0,333000000.0,316000000.0,0.1366191094,-52000000.0,-0.0224816256,-102000000.0,-154000000.0,-0.0665801989,-152000000.0,-2000000.0,-0.0008646779,-0.004,-0.004,501000000,501000000,https://www.sec.gov/Archives/edgar/data/788784/000162828022012019/0001628280-22-012019-index.htm,https://www.sec.gov/Archives/edgar/data/81033/000162828022012019/pseg-20220331.htm,4.616766467065868,-0.0039920159680638,0.942115768463074,-0.4271457085828343,3.1996007984031936,27.14171656686627,27.097804391217565,27.14171656686627,39.25149700598802,35070000000.0,52995000000.0,-4383.75,15.1621271076524,74.30084745762711,-163.8785046728972,2.57905574349169,2.57905574349169,22.91180285343709,167.70569620253164,112.27754237288136,-247.64018691588785,-5.70287995437696e-05,-0.0061020815511833,1.436093543168113,0.4087579017875832,56.7246835443038,0.8934240362811792,-0.3795620437956204,-236.0,0.0077274023381807,-135.5,0.0,0.0,0.0004605015280277,1.4533898305084745,0.2965845222654561,2.06006006006006,0.0,,-1.5054721015753613e-05,-4.188306248952923e-05,-61.58383233532934,-564000000.0,13576000000.0,-29448000000.0,34387000000.0,2009500000.0,1135500000.0,641000000.0,75.25291828793775,42.19715546836685,23.746934771947032,1.1959669079627715,2.1328451882845187,3.78996282527881,-0.0001470804530077,1.3692614770459082,2022-05-03,1.11,bmo,2599875140.0,2025-04-25,2022-03-31,0.1981981981981981,66.20064516129031,2373426.6129032257
2021-12-31,PEG,USD,788784,2022-02-24,2022-02-24 17:12:39,2021,Q4,3056000000.0,1862000000.0,1194000000.0,0.3907068063,0,0.0,0.0,0.0,292000000.0,292000000.0,2154000000.0,17000000.0,63000000.0,314000000.0,1008000000.0,0.3298429319,902000000.0,0.2951570681,-271000000.0,631000000.0,0.2064790576,186000000.0,445000000.0,0.1456151832,0.88,0.88,504000000,508000000,https://www.sec.gov/Archives/edgar/data/788784/000162828022003860/0001628280-22-003860-index.htm,https://www.sec.gov/Archives/edgar/data/81033/000162828022003860/pseg-20211231.htm,6.063492063492063,0.8829365079365079,1.1071428571428572,-0.2579365079365079,1.623015873015873,28.646825396825395,28.607142857142858,28.646825396825395,39.07142857142857,33631920000.000004,52442920000.0,18.894337078651688,11.005209424083771,60.27225806451613,-258.7070769230769,2.3294029643995016,2.3294029643995016,17.160641361256545,52.02670634920635,93.9837275985663,-403.40707692307694,0.0132314777152181,-0.0038653755123109,1.359537332040449,0.4006000122451478,18.661706349206348,0.8837669683257918,14.317460317460318,1.253932584269663,0.0076712837090478,0.5797752808988764,0.0,0.0,0.0004081715953386,1.232974910394265,0.225130890052356,2.1910828025477707,0.0,23.855814375852848,0.0137848843706494,0.0090855264501112,-63.10962301587302,-822000000.0,14418000000.0,-28311000000.0,33765000000.0,1850500000.0,1241500000.0,731500000.0,61.40379581151833,63.56068743286789,35.961331901181524,1.4657074340527578,1.4159695817490494,2.502688172043011,0.0308214434132151,1.3650793650793651,2022-02-24,0.66,bmo,3122863087.0,2025-04-25,2021-12-31,0.0454545454545453,63.28046875,1693693.640625
2021-09-30,PEG,USD,788784,2021-11-02,2021-11-02 16:28:05,2021,Q3,1903000000.0,1667000000.0,236000000.0,0.1240147136,0,0.0,0.0,0.0,2441000000.0,2441000000.0,4108000000.0,21000000.0,144000000.0,332000000.0,-1770000000.0,-0.9301103521,-2205000000.0,-1.1586967945,-41000000.0,-2246000000.0,-1.1802417236,-682000000.0,-1564000000.0,-0.8218602207,-3.1,-3.1,504000000,504000000,https://www.sec.gov/Archives/edgar/data/788784/000162828021021195/0001628280-21-021195-index.htm,https://www.sec.gov/Archives/edgar/data/81033/000162828021021195/pseg-20210930.htm,3.77579365079365,-3.1031746031746037,0.2559523809523809,-1.218253968253968,3.5932539682539684,27.91468253968254,27.65079365079365,27.91468253968254,39.92063492063492,30693600000.0,48858600000.0,-4.906265984654731,16.12905937992643,237.93488372093023,-49.98957654723127,2.181647594000995,2.181647594000995,25.67451392538097,-27.60372881355932,378.7488372093024,-79.5742671009772,-0.0509552479995829,-0.0200041702504756,1.419859265050821,0.4041597539756403,-10.26271186440678,0.8408389882788402,-15.3125,-0.0824808184143222,0.0083730810331795,-0.1643222506393861,0.0,0.0,0.0026908914336583,5.75968992248062,0.3904361534419338,2.2379518072289155,0.0,,-0.0328959141386326,-0.0317286430121924,-63.44146825396825,-1290000000.0,13936000000.0,-28542000000.0,32628000000.0,1620000000.0,1157000000.0,769000000.0,76.42669469259064,63.05938812237552,38.81823635272945,1.17759900990099,1.4272260273972603,2.318497913769124,-0.1111663942000142,1.4742063492063493,2021-11-02,0.92,bmo,,2025-04-25,2021-09-30,0.0652173913043477,62.4453125,2036923.734375
2021-06-30,PEG,USD,788784,2021-08-09,2021-08-09 16:21:31,2021,Q2,1874000000.0,1389000000.0,485000000.0,0.2588046958,0,0.0,0.0,0.0,779000000.0,779000000.0,2168000000.0,18000000.0,128000000.0,367000000.0,256000000.0,0.13660619,-294000000.0,-0.1568836713,55000000.0,-239000000.0,-0.1275346852,-62000000.0,-177000000.0,-0.0944503735,-0.35,-0.35,504000000,504000000,https://www.sec.gov/Archives/edgar/data/788784/000078878421000034/0000788784-21-000034-index.htm,https://www.sec.gov/Archives/edgar/data/81033/000078878421000034/pseg-20210630.htm,3.718253968253968,-0.3511904761904761,0.0436507936507936,-1.2857142857142858,0.2123015873015873,31.503968253968253,31.261904761904763,31.503968253968253,34.676587301587304,30108960000.0,47350960000.0,-42.52677966101695,16.066680896478122,1368.589090909091,-46.464444444444446,1.8962690515178235,1.8962690515178235,25.267321237993595,184.9646875,2152.316363636364,-73.07246913580246,-0.0058786487477481,-0.0215218327036204,1.0926439098123188,0.351963807514404,67.3515625,0.71260017809439,-2.296875,-0.1242937853107344,0.0085688778357007,-1.4576271186440677,0.0,0.0,0.0024750466607157,30.454545454545453,0.3575240128068303,1.8256130790190737,0.0,,-0.0046728665645073,-0.0035997559487492,-62.85615079365079,-1291000000.0,15756000000.0,-30213000000.0,36089000000.0,1647000000.0,1065000000.0,778500000.0,77.99359658484525,74.2548596112311,53.066954643628506,1.1539408866995071,1.212041884816754,1.695970695970696,-0.0111474996850988,1.3293650793650793,2021-08-03,0.7,bmo,,2025-04-25,2021-06-30,0.0,61.78174603174603,2038850.4603174604
2021-03-31,PEG,USD,788784,2021-05-05,2021-05-05 16:41:48,2021,Q1,2889000000.0,1807000000.0,1082000000.0,0.3745240568,0,0.0,0.0,0.0,341000000.0,341000000.0,2148000000.0,16000000.0,146000000.0,390000000.0,1301000000.0,0.4503288335,741000000.0,0.256490135,24000000.0,765000000.0,0.2647975078,117000000.0,648000000.0,0.2242990654,1.29,1.28,504000000,507000000,https://www.sec.gov/Archives/edgar/data/788784/000078878421000012/0000788784-21-000012-index.htm,https://www.sec.gov/Archives/edgar/data/81033/000078878421000012/pseg-20210331.htm,5.732142857142857,1.2857142857142858,2.037698412698413,0.7817460317460317,1.593253968253968,32.29563492063492,31.97222222222222,32.29563492063492,35.37698412698413,30345840000.0,47226840000.0,11.7075,10.50392523364486,29.54804284323272,77.01989847715735,1.8643386373410336,1.8643386373410336,16.3471235721703,36.30041506533435,45.98523855890944,119.86507614213198,0.0213538330130258,0.0129836577270558,1.0864409903544878,0.3522288172728359,12.975403535741735,0.7908051033875935,5.075342465753424,1.5848765432098766,0.008501989070001,0.3981481481481481,0.0,0.0,0.0032466239094928,0.6163583252190847,0.2191069574247144,1.623076923076923,0.0,30.56577467745015,0.0131438327309815,0.0129488639769797,-62.50892857142857,-951000000.0,16114000000.0,-30334000000.0,37253000000.0,1686000000.0,1158000000.0,808000000.0,52.02492211838006,49.00940785832873,36.75705589374655,1.7299401197604791,1.8363821138211385,2.448509485094851,0.0398107759415125,1.255952380952381,2021-05-05,1.12,bmo,,2025-04-25,2021-03-31,0.1428571428571427,57.68606557377049,2178204.62295082
2020-12-31,PEG,USD,788784,2021-03-01,2021-02-26 18:54:08,2020,Q4,2402000000.0,1641000000.0,761000000.0,0.3168193172,0,0.0,0.0,0.0,328000000.0,328000000.0,1969000000.0,0.0,147000000.0,369000000.0,1069000000.0,0.4450457952,433000000.0,0.1802664446,120000000.0,553000000.0,0.2302248127,122000000.0,431000000.0,0.1794338052,0.85,0.85,504000000,508000000,https://www.sec.gov/Archives/edgar/data/788784/000078878421000007/0000788784-21-000007-index.htm,https://www.sec.gov/Archives/edgar/data/81033/000078878421000007/pseg-20201231.htm,4.765873015873016,0.8551587301587301,1.1607142857142858,-0.5218253968253969,1.0773809523809523,31.714285714285715,31.40079365079365,31.714285714285715,35.00396825396825,29383200000.0,46335200000.0,17.043619489559166,12.232805995004163,50.2276923076923,-111.7231939163498,1.838288288288288,1.838288288288288,19.290258118234803,43.3444340505145,79.20547008547008,-176.17946768060835,0.0146682458003212,-0.008950692912957,1.094532032032032,0.3495504495504495,15.8578110383536,0.6573705179282868,2.945578231292517,1.357308584686775,0.0084401971194424,0.5754060324825986,0.0,0.0,0.0031568431568431,1.4495726495726495,0.3530391340549542,2.2981029810298104,0.0,24.70256741180345,0.0071385252117434,0.0086386595045297,-63.11011904761905,-1892000000.0,15826000000.0,-30436000000.0,36113000000.0,1639000000.0,1332000000.0,897500000.0,63.77185678601166,73.05301645338209,48.15356489945156,1.4112808460634547,1.231981981981982,1.869020501138952,0.0269644644644644,1.6825396825396826,2021-02-26,0.65,bmo,,2025-04-25,2020-12-31,0.0,58.221875,2281541.171875
2020-09-30,PEG,USD,788784,2020-10-30,2020-10-30 17:09:05,2020,Q3,2370000000.0,1542000000.0,828000000.0,0.3493670886,0,0.0,0.0,0.0,195000000.0,195000000.0,1737000000.0,15000000.0,149000000.0,368000000.0,1213000000.0,0.511814346,633000000.0,0.2670886076,63000000.0,696000000.0,0.2936708861,121000000.0,575000000.0,0.2426160338,1.15,1.14,504000000,507000000,https://www.sec.gov/Archives/edgar/data/788784/000078878420000033/0000788784-20-000033-index.htm,https://www.sec.gov/Archives/edgar/data/81033/000078878420000033/pseg-20200930.htm,4.7023809523809526,1.1408730158730158,1.6924603174603174,0.2599206349206349,1.9166666666666667,31.42063492063492,30.96825396825397,31.42063492063492,34.90873015873016,27674640000.0,44153640000.0,12.032452173913043,11.67706329113924,32.44389214536928,211.25679389312972,1.747577671129073,1.747577671129073,18.630227848101267,36.40036273701566,51.76276670574443,337.0506870229008,0.020777144707212,0.0047335755767735,1.101603940388987,0.3518839761174762,13.585325638911788,0.7648288973384031,4.248322147651007,1.4834782608695651,0.0089612728476323,0.4313043478260869,0.0,0.0,0.0045989995158947,0.8464243845252052,0.3046413502109704,1.9619565217391304,0.0,28.39993797101271,0.0111959705026204,0.0116519413147442,-61.77281746031746,-1237000000.0,15608000000.0,-29717000000.0,36310000000.0,1580500000.0,1233500000.0,866500000.0,59.84810126582279,77.74319066147861,53.52140077821012,1.5038071065989849,1.1576576576576576,1.6815703380588878,0.0363096741601414,1.4325396825396826,2020-10-30,0.97,bmo,,2025-04-25,2020-09-30,-0.0103092783505154,52.95234375,2176830.265625
2020-06-30,PEG,USD,788784,2020-07-31,2020-07-31 17:02:02,2020,Q2,2050000000.0,1328000000.0,722000000.0,0.352195122,0,0.0,0.0,0.0,315000000.0,315000000.0,1643000000.0,18000000.0,131000000.0,361000000.0,1052000000.0,0.5131707317,407000000.0,0.1985365854,153000000.0,560000000.0,0.2731707317,109000000.0,451000000.0,0.22,0.89,0.89,504000000,507000000,https://www.sec.gov/Archives/edgar/data/788784/000078878420000029/0000788784-20-000029-index.htm,https://www.sec.gov/Archives/edgar/data/81033/000078878420000029/pseg-6302020q210q.htm,4.067460317460317,0.8948412698412699,1.0138888888888888,-0.4047619047619047,0.8551587301587301,30.73611111111111,30.36904761904762,30.73611111111111,34.19047619047619,24776640000.0,41446640000.0,13.734279379157426,12.086165853658535,48.48657534246576,-121.45411764705882,1.5994215996384995,1.5994215996384995,20.217873170731707,39.397946768060834,81.10888454011742,-203.16980392156864,0.0182026295736629,-0.0082335619357588,1.1039313149570718,0.3505740057400574,15.846007604562738,0.647068995331143,3.106870229007633,1.1330376940133038,0.009969067637904,0.5476718403547672,0.0,0.0,0.0037925379253792,1.399217221135029,0.348780487804878,1.9806094182825484,0.0,24.87646811093977,0.0070863767623577,0.0092807902047535,-62.02628968253968,-2041000000.0,15306000000.0,-29547000000.0,34968000000.0,1518500000.0,1153500000.0,796000000.0,69.58536585365854,76.92018072289156,55.30120481927711,1.2933753943217663,1.1700440528634362,1.6274509803921569,0.029113678910335,1.4186507936507935,2020-07-31,0.6,bmo,,2025-04-25,2020-06-30,0.3166666666666667,49.83206349206349,2888459.634920635
2020-03-31,PEG,USD,788784,2020-05-05,2020-05-04 21:10:24,2020,Q1,2781000000.0,1660000000.0,1121000000.0,0.4030924128,0,0.0,0.0,0.0,324000000.0,324000000.0,1984000000.0,17000000.0,132000000.0,371000000.0,995000000.0,0.3577849694,797000000.0,0.2865875584,-305000000.0,492000000.0,0.1769147789,44000000.0,448000000.0,0.161093132,0.88,0.88,504000000,507000000,https://www.sec.gov/Archives/edgar/data/788784/000078878420000010/0000788784-20-000010-index.htm,https://www.sec.gov/Archives/edgar/data/81033/000078878420000010/pseg-3312020q110q.htm,5.517857142857143,0.8888888888888888,2.287698412698413,0.8015873015873016,1.5853174603174602,30.25595238095238,29.928571428571427,30.25595238095238,34.057539682539684,22634640000.0,38868640000.0,12.6309375,8.139029126213591,19.6310841283608,56.02633663366337,1.4843360220342317,1.4843360220342317,13.976497662711257,39.06395979899497,33.710875975715524,96.20950495049505,0.0197926717632796,0.0178487486436718,1.1169912781165978,0.3521761604466039,16.315577889447237,0.7222868217054264,6.037878787878788,2.5736607142857144,0.010956657583244,0.5535714285714286,0.0,0.0,0.0034115579447947,0.6496097137901128,0.2693275800071916,2.018867924528302,0.0,24.599167620451052,0.0157999559617646,0.0092946058091286,-61.19047619047619,-1433000000.0,15084000000.0,-29389000000.0,35212000000.0,1512500000.0,1265000000.0,836500000.0,46.99029126213592,63.5421686746988,42.07228915662651,1.915289256198347,1.416382252559727,2.1391752577319587,0.0293789756705357,1.4861111111111112,2020-05-04,1.01,bmo,,2025-04-25,2020-03-31,0.0198019801980198,54.0158064516129,3733502.14516129
2019-12-31,PEG,USD,788784,2020-02-26,2020-02-26 17:15:29,2019,Q4,2478000000.0,1651000000.0,827000000.0,0.3337368846,0,0.0,0.0,0.0,320000000.0,320000000.0,1971000000.0,0.0,152000000.0,361000000.0,1048000000.0,0.4229217111,507000000.0,0.2046004843,28000000.0,535000000.0,0.2158999193,98000000.0,437000000.0,0.1763518967,0.86,0.86,504000000,507000000,https://www.sec.gov/Archives/edgar/data/788784/000078878420000004/0000788784-20-000004-index.htm,https://www.sec.gov/Archives/edgar/data/81033/000078878420000004/pseg201910k.htm,4.916666666666667,0.8670634920634921,1.3293650793650793,-0.2738095238095238,0.2916666666666667,29.938492063492063,29.642857142857142,29.938492063492063,33.03174603174603,29761200000.0,46110200000.0,17.025858123569794,12.010169491525424,44.419701492537314,-215.66086956521733,1.9723772284445624,1.9723772284445624,18.607828894269577,43.99828244274809,68.82119402985074,-334.13188405797104,0.0146835477064096,-0.0046369098020241,1.0932467360328717,0.3456107270060758,15.600190839694656,0.6401822865068357,3.335526315789474,1.5331807780320366,0.0079633885730414,0.5423340961098398,0.0,0.0,0.0031217263775403,1.2059701492537314,0.3260694108151735,2.2382271468144044,0.0,24.167496833618245,0.0091696515280786,0.0091843382862907,-61.24156746031746,-1816000000.0,14940000000.0,-29410000000.0,34459000000.0,1459000000.0,1301000000.0,911000000.0,57.13075060532688,74.02786190187766,48.89763779527559,1.575333757151939,1.2157584683357878,1.8405797101449275,0.0289614951289018,1.6031746031746033,2020-02-26,0.61,bmo,,2025-04-25,2019-12-31,0.0491803278688525,60.6121875,2291517.953125
2019-09-30,PEG,USD,788784,2019-10-31,2019-10-31 16:52:39,2019,Q3,2302000000.0,1498000000.0,804000000.0,0.3492615117,0,0.0,0.0,0.0,314000000.0,314000000.0,1812000000.0,18000000.0,147000000.0,355000000.0,935000000.0,0.4061685491,490000000.0,0.212858384,-57000000.0,433000000.0,0.1880973067,30000000.0,403000000.0,0.1750651607,0.8,0.79,504000000,507000000,https://www.sec.gov/Archives/edgar/data/788784/000078878419000032/0000788784-19-000032-index.htm,https://www.sec.gov/Archives/edgar/data/81033/000078878419000032/pseg-9302019q310xq.htm,4.567460317460317,0.7996031746031746,1.755952380952381,0.123015873015873,0.238095238095238,29.61309523809524,29.20833333333333,29.61309523809524,32.285714285714285,31288320000.0,47293320000.0,19.40962779156327,13.591798436142485,35.35403389830508,504.65032258064514,2.0963698492462317,2.0963698492462317,20.544448305821025,50.58109090909091,53.43877966101695,762.7954838709677,0.0128802057764686,0.0019815701194567,1.0804020100502512,0.3444408843319448,17.11764705882353,0.7521514629948365,3.333333333333333,2.196029776674938,0.0076066723940435,0.5905707196029777,0.0,0.0,0.0043575776994553,0.9299435028248588,0.3575152041702867,2.3183098591549296,0.0,23.08183943384192,0.0103295766322556,0.0086460277616871,-60.11656746031746,-1008000000.0,14721000000.0,-28831000000.0,34888000000.0,1328000000.0,1198500000.0,867000000.0,52.58470894874023,74.739652870494,55.57409879839786,1.7115241635687732,1.2041800643086815,1.6194594594594591,0.027001675041876,1.632936507936508,2019-10-31,0.96,bmo,,2025-04-25,2019-09-30,0.0208333333333333,59.713125,2214395.171875
2019-06-30,PEG,USD,788784,2019-07-31,2019-07-30 17:49:56,2019,Q2,2316000000.0,1454000000.0,862000000.0,0.372193437,0,0.0,0.0,0.0,702000000.0,702000000.0,2156000000.0,20000000.0,123000000.0,349000000.0,605000000.0,0.2612262522,160000000.0,0.0690846287,-27000000.0,133000000.0,0.0574265976,-20000000.0,153000000.0,0.0660621762,0.3,0.3,504000000,507000000,https://www.sec.gov/Archives/edgar/data/788784/000078878419000028/0000788784-19-000028-index.htm,https://www.sec.gov/Archives/edgar/data/81033/000078878419000028/pseg-6302019q210xq.htm,4.595238095238095,0.3035714285714285,1.2023809523809523,-0.4186507936507936,0.1626984126984127,29.27380952380953,28.92063492063492,29.27380952380953,31.98015873015873,29443680000.0,45356680000.0,48.11058823529413,12.713160621761658,48.58693069306931,-139.54350710900474,1.9956405042700285,1.9956405042700285,19.58405872193437,74.96971900826446,74.84600660066006,-214.96056872037911,0.0051963613243996,-0.0071662237872439,1.0841127829741086,0.3456136560069144,26.30247933884297,0.7925665494726268,1.3008130081300813,3.9607843137254894,0.0080492655809328,1.5490196078431373,0.0,0.0,0.0038461538461538,1.348184818481848,0.3527633851468048,2.340974212034384,0.0,14.140388042044384,0.0042100722883858,0.0033187280378291,-59.63541666666666,-826000000.0,14576000000.0,-28370000000.0,34511000000.0,1551000000.0,1144000000.0,763500000.0,50.94559585492228,71.36863823933975,50.07565337001376,1.7665903890160184,1.2610581092801387,1.7972805933250926,0.0103700691337942,1.621031746031746,2019-07-30,0.62,bmo,,2025-04-25,2019-06-30,-0.0645161290322581,59.57571428571429,2266764.238095238
2019-03-31,PEG,USD,788784,2019-05-02,2019-05-02 16:51:04,2019,Q1,2980000000.0,1880000000.0,1100000000.0,0.3691275168,0,0.0,0.0,0.0,314000000.0,314000000.0,2194000000.0,4000000.0,133000000.0,361000000.0,1343000000.0,0.4506711409,786000000.0,0.2637583893,63000000.0,849000000.0,0.2848993289,149000000.0,700000000.0,0.2348993289,1.39,1.38,504000000,507000000,https://www.sec.gov/Archives/edgar/data/788784/000078878419000009/0000788784-19-000009-index.htm,https://www.sec.gov/Archives/edgar/data/81033/000078878419000009/pseg-3312019q110xq.htm,5.912698412698413,1.3888888888888888,2.4166666666666665,0.7976190476190477,0.1289682539682539,29.392857142857142,29.0515873015873,29.392857142857142,31.0515873015873,29504160000.0,44956160000.0,10.5372,9.900724832214763,24.22344827586207,73.39343283582089,1.991640340218712,1.991640340218712,15.085959731543625,33.474430379746835,36.90981937602627,111.83124378109451,0.0237254678662263,0.0136251972603185,1.0474551100310516,0.3391249235072996,11.505584512285926,0.6767270288397049,5.909774436090226,1.74,0.0080666590745169,0.34,0.0,0.0,0.003759069848763,0.6699507389162561,0.2738255033557047,2.260387811634349,0.0,30.30720682798541,0.0149549207805066,0.0153562653562653,-57.88640873015873,-1446000000.0,14642000000.0,-27915000000.0,33766000000.0,1854000000.0,1293000000.0,810000000.0,54.09060402684564,54.33510638297872,34.37234042553192,1.6638749302065885,1.656387665198238,2.618384401114206,0.0472525988929391,1.619047619047619,2019-05-02,1.0,bmo,,2025-04-25,2019-03-31,0.08,55.9,3271722.1639344264
2018-12-31,PEG,USD,788784,2019-02-28,2019-02-27 19:35:09,2018,Q4,2468000000.0,1663000000.0,805000000.0,0.3261750405,0,0.0,0.0,0.0,304000000.0,304000000.0,1967000000.0,4000000.0,135000000.0,348000000.0,683000000.0,0.2767423015,501000000.0,0.2029983793,-301000000.0,200000000.0,0.0810372771,1000000.0,199000000.0,0.0806320908,0.39,0.39,504000000,508000000,https://www.sec.gov/Archives/edgar/data/788784/000078878419000005/0000788784-19-000005-index.htm,https://www.sec.gov/Archives/edgar/data/81033/000078878419000005/pseg201810k.htm,4.896825396825397,0.3948412698412698,0.8353174603174603,-0.988095238095238,0.3511904761904761,28.52579365079365,28.21031746031746,28.52579365079365,30.978174603174605,26233200000.0,41534200000.0,32.95628140703518,10.62933549432739,62.31163895486935,-52.67710843373494,1.8246643945190235,1.8246643945190235,16.829092382495947,60.81142020497804,98.6560570071259,-83.40200803212852,0.0075858072976228,-0.0189835780613878,1.0765806496487444,0.3414817102766624,22.402635431918007,0.7106382978723405,3.7111111111111112,2.1155778894472363,0.008691276702804,1.1457286432160805,0.0,0.0,0.003507920398888,2.182897862232779,0.3723662884927066,2.6408045977011496,0.0,15.91920579793356,0.0116740825741785,0.0044058715433834,-57.30803571428572,-1428000000.0,14218000000.0,-27442000000.0,33094000000.0,1768500000.0,1384000000.0,910500000.0,69.90680713128039,78.52675886951293,48.81539386650632,1.2874282733437663,1.146106133700896,1.843680709534368,0.013841552479655,1.8234126984126984,2019-02-27,0.55,bmo,,2025-04-25,2018-12-31,0.0181818181818181,53.83095238095238,3403460.8571428573
2018-09-30,PEG,USD,788784,2018-10-30,2018-10-30 17:26:59,2018,Q3,2394000000.0,1546000000.0,848000000.0,0.3542188805,0,0.0,0.0,0.0,294000000.0,294000000.0,1840000000.0,18000000.0,127000000.0,342000000.0,998000000.0,0.4168755221,554000000.0,0.231411863,-25000000.0,529000000.0,0.2209690894,117000000.0,412000000.0,0.1720969089,0.82,0.81,504000000,507000000,https://www.sec.gov/Archives/edgar/data/788784/000078878418000026/0000788784-18-000026-index.htm,https://www.sec.gov/Archives/edgar/data/81033/000078878418000026/pseg-9302018xq3.htm,4.75,0.8174603174603174,1.7043650793650793,-0.4583333333333333,0.1746031746031746,28.490079365079364,28.246031746031747,28.490079365079364,29.5734126984127,26555760000.0,41245760000.0,16.11393203883495,11.092631578947367,30.91473806752037,-114.96,1.8494156974719689,1.8494156974719689,17.228805346700085,41.32841683366733,48.01601862630966,-178.5530735930736,0.0155145249090969,-0.0086986778009742,1.0291803050351696,0.3278681250415992,14.719438877755511,0.7168338907469343,4.362204724409449,2.08495145631068,0.0085480513455461,0.5509708737864077,0.0,0.0,0.0027289064406629,1.2689173457508731,0.4553049289891395,3.1871345029239766,0.0,22.89135119975592,0.0101625338444282,0.0091657397107897,-57.44345238095238,-1270000000.0,14236000000.0,-27499000000.0,32634000000.0,1541500000.0,1332500000.0,855500000.0,60.90225563909775,76.66882276843468,53.49935316946961,1.477777777777778,1.1738800303720578,1.6822633297062024,0.0286928059057037,2.162698412698413,2018-10-30,0.91,bmo,,2025-04-25,2018-09-30,0.0439560439560438,52.22793650793651,2772751.8253968256
2018-06-30,PEG,USD,788784,2018-08-01,2018-08-01 16:40:21,2018,Q2,2016000000.0,1325000000.0,691000000.0,0.3427579365,0,0.0,0.0,0.0,280000000.0,280000000.0,1605000000.0,20000000.0,111000000.0,325000000.0,802000000.0,0.3978174603,411000000.0,0.2038690476,-45000000.0,366000000.0,0.181547619,97000000.0,269000000.0,0.1334325397,0.53,0.53,504000000,507000000,https://www.sec.gov/Archives/edgar/data/788784/000078878418000022/0000788784-18-000022-index.htm,https://www.sec.gov/Archives/edgar/data/81033/000078878418000022/pseg-6302018xq2.htm,4.0,0.5337301587301587,0.9781746031746033,-0.9642857142857144,0.1884920634920635,28.09126984126984,27.807539682539684,28.09126984126984,28.65277777777778,27286560000.0,41521560000.0,25.35925650557621,13.535,55.34799188640974,-56.145185185185184,1.9272891651363184,1.9272891651363184,20.596011904761905,51.77251870324189,84.22223123732252,-85.43530864197531,0.009858333186741,-0.0178109662779038,1.0121486085605311,0.3278651016999565,17.74937655860349,0.7080584354382657,3.702702702702702,1.83271375464684,0.0083557619575351,0.8475836431226765,0.0,0.0,0.00327178712792,1.9858012170385395,0.4856150793650793,3.0123076923076924,0.0,18.36698268645493,0.0073171467793475,0.0061748232485538,-55.47767857142857,-1239000000.0,14015000000.0,-26544000000.0,32055000000.0,1550000000.0,1321500000.0,764000000.0,65.3125,91.5622641509434,53.79622641509434,1.3779904306220097,0.9829376854599406,1.672979797979798,0.0189998587371097,1.9424603174603177,2018-08-01,0.63,bmo,,2025-04-25,2018-06-30,0.0158730158730158,51.3878125,2827993.328125
2018-03-31,PEG,USD,788784,2018-04-30,2018-04-30 17:24:58,2018,Q1,2818000000.0,1706000000.0,1112000000.0,0.3946061036,0,0.0,0.0,0.0,280000000.0,280000000.0,1986000000.0,4000000.0,103000000.0,330000000.0,1193000000.0,0.4233498935,832000000.0,0.2952448545,-72000000.0,760000000.0,0.269694819,202000000.0,558000000.0,0.198012775,1.1,1.1,504000000,507000000,https://www.sec.gov/Archives/edgar/data/788784/000078878418000007/0000788784-18-000007-index.htm,https://www.sec.gov/Archives/edgar/data/81033/000078878418000007/pseg-3312018xq1.htm,5.591269841269841,1.1071428571428572,2.261904761904762,0.1388888888888889,0.2341269841269841,27.984126984126984,27.69246031746032,27.984126984126984,27.319444444444443,25320960000.0,38868960000.0,11.344516129032256,8.985436479772888,22.211368421052637,361.728,1.7953034600113444,1.7953034600113444,13.793101490418737,32.580854987426655,34.09557894736842,555.2708571428572,0.0220370791628753,0.0027645081387119,0.968944980147476,0.3193736854405234,11.356244761106456,0.7107396149949341,8.077669902912621,2.043010752688172,0.0089649049641087,0.4068100358422939,0.0,0.0,0.0034353820986211,0.9385964912280702,0.3797019162526615,3.242424242424242,0.0,26.40273833973921,0.0151069135892456,0.0130853832985484,-53.51636904761905,-1142000000.0,13957000000.0,-25880000000.0,31410000000.0,1704000000.0,1494500000.0,801000000.0,52.28176011355571,68.31770222743259,38.82766705744432,1.7214416615760535,1.3173745173745173,2.317934782608696,0.039563244469654,2.123015873015873,2018-04-30,0.99,bmo,,2025-04-25,2018-03-31,-0.0202020202020202,49.08672131147541,3543206.049180328
2017-12-31,PEG,USD,788784,2018-02-26,2018-02-26 09:22:03,2017,Q4,2096000000.0,1469000000.0,627000000.0,0.2991412214,0,0.0,0.0,0.0,265000000.0,265000000.0,1734000000.0,5000000.0,102000000.0,312000000.0,724000000.0,0.3454198473,362000000.0,0.1727099237,-52000000.0,310000000.0,0.1479007634,-646000000.0,956000000.0,0.4561068702,1.88,1.88,505000000,508000000,https://www.sec.gov/Archives/edgar/data/788784/000078878418000004/0000788784-18-000004-index.htm,https://www.sec.gov/Archives/edgar/data/81033/000078878418000004/pseg201710kq4.htm,4.150495049504951,1.893069306930693,1.0435643564356436,-1.2752475247524753,0.6198019801980198,27.41980198019802,27.16237623762376,27.41980198019802,27.15247524752475,26007500000.0,39304500000.0,6.801124476987448,12.408158396946565,49.35009487666034,-40.38431677018634,1.878204665270456,1.878204665270456,18.752146946564885,54.28798342541437,74.58159392789373,-61.03183229813665,0.0367586273190425,-0.0247620878592713,0.9828843792879324,0.3186159752785841,18.366022099447516,0.7946257197696737,3.549019607843137,0.551255230125523,0.0083821974430452,0.2280334728033473,0.0,0.0,0.0030433561194868,2.222011385199241,0.5586832061068703,3.753205128205128,0.0,34.17485441730048,0.027846377907772,0.0224486920584229,-53.05891089108911,-856000000.0,13717000000.0,-25557000000.0,31071000000.0,1548000000.0,1499500000.0,901000000.0,76.04484732824427,103.784887678693,53.05650102110279,1.183512140033879,0.8671782762691853,1.6963048498845266,0.0690402253195638,2.3188118811881187,2018-02-23,0.56,bmo,,2025-04-25,2017-12-31,0.0178571428571426,50.394444444444446,3289927.412698413
2017-09-30,PEG,USD,788784,2017-10-31,2017-10-31 17:09:14,2017,Q3,2263000000.0,1318000000.0,945000000.0,0.4175872735,0,0.0,0.0,0.0,252000000.0,252000000.0,1561000000.0,6000000.0,100000000.0,303000000.0,1050000000.0,0.4639858595,693000000.0,0.3062306673,-46000000.0,647000000.0,0.2859036677,252000000.0,395000000.0,0.1745470614,0.78,0.78,505000000,507000000,https://www.sec.gov/Archives/edgar/data/788784/000078878417000024/0000788784-17-000024-index.htm,https://www.sec.gov/Archives/edgar/data/81033/000078878417000024/pseg-9302017xq3.htm,4.481188118811882,0.7821782178217822,1.9366336633663368,-0.293069306930693,0.5504950495049505,25.98811881188119,25.782178217821784,25.98811881188119,25.3980198019802,23356250000.0,35804250000.0,14.78243670886076,10.32092355280601,23.88164621676892,-157.8125,1.779659402621152,1.779659402621152,15.821586389748122,34.09928571428571,36.60966257668712,-241.9206081081081,0.0169119614664169,-0.0063366336633663,0.96967387991466,0.309206210365187,11.855238095238096,0.8042286609240408,6.93,2.4759493670886075,0.0092908750334492,0.549367088607595,0.0,0.0,0.0025269091527565,1.1513292433537832,0.4975695978789218,3.716171617161716,0.0,21.386097359696187,0.0109103992504234,0.0096217085231286,-52.06584158415841,-750000000.0,13020000000.0,-24952000000.0,29887000000.0,1282500000.0,1299000000.0,891500000.0,52.69553689792311,89.11229135053111,63.91502276176024,1.707924528301887,1.0099616858237548,1.4081196581196582,0.0300975312404754,2.22970297029703,2017-10-31,0.84,bmo,,2025-04-25,2017-09-30,-0.0238095238095238,45.29111111111112,2514090.0634920634
2017-06-30,PEG,USD,788784,2017-07-28,2017-07-28 16:57:44,2017,Q2,2133000000.0,1296000000.0,837000000.0,0.3924050633,0,0.0,0.0,0.0,641000000.0,641000000.0,1947000000.0,5000000.0,91000000.0,688000000.0,947000000.0,0.4439756212,195000000.0,0.0914205345,-27000000.0,168000000.0,0.0787623066,59000000.0,109000000.0,0.0511017346,0.22,0.22,505000000,507000000,https://www.sec.gov/Archives/edgar/data/788784/000078878417000019/0000788784-17-000019-index.htm,https://www.sec.gov/Archives/edgar/data/81033/000078878417000019/pseg-6302017xq2.htm,4.223762376237624,0.2158415841584158,1.104950495049505,-0.7425742574257426,0.8514851485148515,25.58019801980198,25.31089108910891,25.58019801980198,24.97425742574257,21720050000.0,33811050000.0,49.81662844036697,10.1828645100797,38.92482078853046,-57.92013333333333,1.6813786963926305,1.6813786963926305,15.8514064697609,35.703326293558604,60.59327956989247,-90.1628,0.0050184046537646,-0.0172651536253369,0.9692676884966712,0.3089773961109466,12.767687434002111,1.0075853350189634,2.142857142857143,5.119266055045872,0.0099907688978616,1.9908256880733943,0.0,0.0,0.0033560359293258,1.6720430107526882,0.4374120956399437,1.3561046511627908,0.0,11.145787788792711,0.00330679187514,0.0026988214321085,-51.13366336633664,24000000.0,12782000000.0,-24418000000.0,29797000000.0,1335000000.0,1269000000.0,793000000.0,52.32067510548523,89.79166666666667,58.81944444444444,1.7201612903225807,1.0023201856148491,1.5301062573789848,0.0084378386747174,1.847524752475248,2017-07-28,0.57,bmo,,2025-04-25,2017-06-30,0.0877192982456141,44.19746031746032,2978456.6825396824
2017-03-31,PEG,USD,788784,2017-04-28,2017-04-28 17:25:55,2017,Q1,2592000000.0,1586000000.0,1006000000.0,0.388117284,0,0.0,0.0,0.0,828000000.0,828000000.0,2413000000.0,5000000.0,98000000.0,882000000.0,1123000000.0,0.4332561728,178000000.0,0.0686728395,-35000000.0,143000000.0,0.0551697531,29000000.0,114000000.0,0.0439814815,0.23,0.22,505000000,508000000,https://www.sec.gov/Archives/edgar/data/788784/000078878417000007/0000788784-17-000007-index.htm,https://www.sec.gov/Archives/edgar/data/81033/000078878417000007/pseg-3312017xq1.htm,5.132673267326733,0.2257425742574257,2.37029702970297,0.2376237623762376,0.3821782178217822,25.752475247524757,25.51089108910891,25.752475247524757,23.38811881188119,22396750000.0,33916750000.0,49.11567982456141,8.640721450617283,18.71073517126149,186.6395833333333,1.722164552095348,1.722164552095348,13.085165895061728,30.20191451469279,28.334795321637426,282.6395833333333,0.0050900242222643,0.0053579202339625,0.9006535947712418,0.2953055667607906,10.258236865538736,0.8730311796849888,1.816326530612245,10.5,0.0097335550916985,1.912280701754386,0.0,0.0,0.0030758370310609,0.899749373433584,0.4155092592592592,1.2210884353741496,0.0,11.436877906895294,0.0037974228725673,0.0028830104698801,-49.552475247524754,-395000000.0,12883000000.0,-23943000000.0,29072000000.0,1464500000.0,1352000000.0,813000000.0,49.65277777777778,70.64943253467843,41.93568726355611,1.8125874125874128,1.2738955823293172,2.1461434370771317,0.0087658592848904,2.132673267326733,2017-04-28,0.84,bmo,,2025-04-25,2017-03-31,0.0952380952380953,44.15096774193549,2578865.1612903224
2016-12-31,PEG,USD,788784,2017-02-27,2017-02-27 17:28:47,2016,Q4,2090000000.0,1468000000.0,622000000.0,0.2976076555,0,0.0,0.0,0.0,797000000.0,797000000.0,2265000000.0,5000000.0,97000000.0,846000000.0,694000000.0,0.3320574163,-175000000.0,-0.0837320574,-74000000.0,-249000000.0,-0.119138756,-151000000.0,-98000000.0,-0.0468899522,-0.19,-0.19,505000000,508000000,https://www.sec.gov/Archives/edgar/data/788784/000078878417000003/0000788784-17-000003-index.htm,https://www.sec.gov/Archives/edgar/data/81033/000078878417000003/pseg201610kq4.htm,4.138613861386139,-0.194059405940594,1.0891089108910892,-1.510891089108911,0.8376237623762376,26.0,25.774257425742576,26.0,23.524752475247524,22159400000.0,33519400000.0,-56.52908163265306,10.602583732057417,40.28981818181818,-29.04246395806029,1.6876923076923078,1.6876923076923078,16.03799043062201,48.29884726224784,60.94436363636363,-43.93106159895151,-0.0044225024143252,-0.0344323402258183,0.8974105102817974,0.2940603943099575,16.368876080691642,0.9932844932844932,-1.8041237113402064,-5.612244897959184,0.0093865357365271,-2.122448979591837,0.0,0.0,0.0028450212128774,2.387272727272727,0.6282296650717704,1.5520094562647757,0.0,,-0.0018278090867796,-0.0024526979677645,-49.40445544554456,-22000000.0,13016000000.0,-23686000000.0,29378000000.0,1366500000.0,1411000000.0,922000000.0,64.55023923444976,89.44822888283379,54.38010899182561,1.3942628418945964,1.0061686086360522,1.6550169109357384,-0.0074638233054074,2.6,2017-02-24,0.52,bmo,,2025-04-25,2016-12-31,0.0384615384615384,41.7,2807617.777777778
2016-09-30,PEG,USD,788784,2016-10-31,2016-10-31 17:28:00,2016,Q3,2450000000.0,1642000000.0,808000000.0,0.3297959184,0,0.0,0.0,0.0,231000000.0,231000000.0,1873000000.0,6000000.0,99000000.0,280000000.0,894000000.0,0.3648979592,577000000.0,0.2355102041,-62000000.0,515000000.0,0.2102040816,188000000.0,327000000.0,0.1334693878,0.65,0.64,505000000,508000000,https://www.sec.gov/Archives/edgar/data/788784/000078878416000038/0000788784-16-000038-index.htm,https://www.sec.gov/Archives/edgar/data/81033/000078878416000038/pseg-9302016xq3.htm,4.851485148514851,0.6475247524752475,2.057425742574257,-0.0316831683168316,0.8910891089108911,26.685148514851484,26.34851485148515,26.685148514851484,21.88316831683168,21144350000.0,31646350000.0,16.165405198776757,8.63034693877551,20.35067372473532,-1321.521875,1.5690375482338972,1.5690375482338972,12.916877551020407,35.398601789709176,30.45846968238691,-1977.896875,0.015465124253051,-0.0007567033273664,0.8127040664885723,0.2773500810372771,11.747203579418343,1.1444365192582029,5.828282828282828,3.17737003058104,0.0097898492978029,0.6330275229357798,0.0,0.0,0.0043051053484602,1.0153994225216554,0.4306122448979592,3.767857142857143,0.0,19.71760936837931,0.0099181621129771,0.0083168014649778,-47.83762376237624,405000000.0,13306000000.0,-22803000000.0,29379000000.0,1214000000.0,1335500000.0,931000000.0,45.33061224489796,74.70767356881852,52.45432399512789,1.985413290113452,1.2046955245781366,1.715778474399164,0.0242653606411398,2.089108910891089,2016-10-31,0.81,bmo,,2025-04-25,2016-09-30,0.0864197530864196,44.0575,2712723.28125
2016-06-30,PEG,USD,788784,2016-07-29,2016-07-29 17:16:29,2016,Q2,1905000000.0,1334000000.0,571000000.0,0.2997375328,0,0.0,0.0,0.0,224000000.0,224000000.0,1558000000.0,5000000.0,97000000.0,271000000.0,646000000.0,0.3391076115,347000000.0,0.182152231,-69000000.0,278000000.0,0.1459317585,91000000.0,187000000.0,0.0981627297,0.37,0.37,505000000,508000000,https://www.sec.gov/Archives/edgar/data/788784/000078878416000034/0000788784-16-000034-index.htm,https://www.sec.gov/Archives/edgar/data/81033/000078878416000034/pseg-6302016xq2.htm,3.772277227722772,0.3702970297029703,1.005940594059406,-0.8277227722772277,1.2831683168316832,26.374257425742577,26.08316831683168,26.372277227722773,21.845544554455447,23538050000.0,33825050000.0,31.46798128342246,12.355931758530184,46.33474409448819,-56.31112440191387,1.767386244180808,1.767386244180808,17.755931758530185,52.36075851393189,66.58474409448819,-80.92117224880383,0.0079445833448395,-0.0177584804178765,0.8210692296140562,0.2800614675374567,15.924148606811146,1.1182692307692308,3.577319587628866,2.716577540106952,0.0088367558060247,1.1122994652406415,0.0,0.0,0.0037648866692278,1.8228346456692912,0.4860892388451444,3.4169741697416973,0.0,14.823139285873392,0.0063796886616762,0.0048074451128592,-46.99009900990099,369000000.0,13172000000.0,-22237000000.0,28530000000.0,1241500000.0,1250000000.0,872000000.0,56.40944881889764,88.24587706146927,61.05697151424288,1.5954773869346734,1.0198776758409789,1.4740331491712708,0.0140411473194173,1.8336633663366333,2016-07-29,0.57,bmo,,2025-04-25,2016-06-30,0.0,45.380625,3102151.5625
2016-03-31,PEG,USD,788784,2016-05-02,2016-04-29 19:14:47,2016,Q1,2616000000.0,1565000000.0,1051000000.0,0.4017584098,0,0.0,0.0,0.0,224000000.0,224000000.0,1789000000.0,6000000.0,92000000.0,282000000.0,1128000000.0,0.4311926606,827000000.0,0.3161314985,-73000000.0,754000000.0,0.2882262997,283000000.0,471000000.0,0.1800458716,0.93,0.93,505000000,508000000,https://www.sec.gov/Archives/edgar/data/788784/000078878416000018/0000788784-16-000018-index.htm,https://www.sec.gov/Archives/edgar/data/81033/000078878416000018/pseg-3312016xq1.htm,5.18019801980198,0.9326732673267328,2.403960396039604,0.2633663366336634,1.1722772277227722,26.374257425742577,26.12079207920792,26.372277227722773,20.47920792079208,23805700000.0,33463700000.0,12.63572186836518,9.100038226299697,19.609308072487647,178.99022556390975,1.787483105571407,1.787483105571407,12.791934250764529,29.666400709219857,27.56482701812191,251.60676691729324,0.0197851774995064,0.0055868972556992,0.7696350803423938,0.2688454073335781,8.562056737588652,1.1091094493541809,8.98913043478261,2.577494692144373,0.0086953964806747,0.4394904458598726,0.0,0.0,0.0033572889891412,0.8904448105436573,0.4132262996941896,3.8333333333333335,0.0,23.52501124970184,0.0144471389830518,0.0123953892310121,-45.20544554455446,321000000.0,13191000000.0,-21544000000.0,27723000000.0,1429500000.0,1280500000.0,907500000.0,44.34633027522936,68.54952076677317,48.24920127795527,2.029480217222653,1.3129194630872485,1.865315852205006,0.0353656705210992,2.1405940594059407,2016-04-29,0.88,bmo,,2025-04-25,2016-03-31,0.0340909090909091,42.47655737704918,3307504.6393442624
2015-12-31,PEG,USD,788784,2016-02-26,2016-02-25 21:14:33,2015,Q4,2278000000.0,1492000000.0,786000000.0,0.3450395083,0,0.0,0.0,0.0,254000000.0,254000000.0,1746000000.0,5000000.0,102000000.0,305000000.0,848000000.0,0.3722563652,532000000.0,0.2335381914,-91000000.0,441000000.0,0.1935908692,132000000.0,309000000.0,0.1356453029,0.61,0.6,505000000,508000000,https://www.sec.gov/Archives/edgar/data/788784/000078878416000014/0000788784-16-000014-index.htm,https://www.sec.gov/Archives/edgar/data/81033/000078878416000014/pseg201510kq4.htm,4.510891089108911,0.6118811881188119,1.3683168316831684,-0.7722772277227723,0.7801980198019802,25.87524752475247,25.64158415841584,25.873267326732677,19.86930693069307,19538450000.0,29076450000.0,15.807807443365697,8.577019315188762,28.275615050651226,-50.09858974358974,1.495365834991581,1.495365834991581,12.76402546093064,34.28826650943396,42.0787988422576,-74.555,0.0158149699694704,-0.0199606417090403,0.7601408235114037,0.2646063673904356,11.24764150943396,0.9773426573426574,5.215686274509804,2.236245954692557,0.0100826831196947,0.6375404530744336,0.0,0.0,0.0031437325163181,1.5643994211287988,0.4745390693590869,3.544262295081967,0.0,18.8734131764482,0.0106327201997234,0.0082582783226875,-44.37326732673267,-81000000.0,12949000000.0,-20974000000.0,26576000000.0,1488500000.0,1207500000.0,949500000.0,62.02809482001756,82.5804289544236,58.8739946380697,1.4509554140127388,1.0898466033601169,1.528688524590164,0.0236491657737639,2.1405940594059407,2016-02-19,0.5,bmo,,2025-04-25,2015-12-31,0.0,40.10140625,3060099.640625
2015-09-30,PEG,USD,788784,2015-10-30,2015-10-30 17:26:21,2015,Q3,2688000000.0,1561000000.0,1127000000.0,0.4192708333,0,0.0,0.0,0.0,313000000.0,313000000.0,1874000000.0,6000000.0,96000000.0,369000000.0,1189000000.0,0.4423363095,814000000.0,0.302827381,-90000000.0,724000000.0,0.2693452381,285000000.0,439000000.0,0.1633184524,0.87,0.87,505000000,508000000,https://www.sec.gov/Archives/edgar/data/788784/000078878415000011/0000788784-15-000011-index.htm,https://www.sec.gov/Archives/edgar/data/81033/000078878415000011/pseg-9302015xq3.htm,5.322772277227723,0.8693069306930693,1.9683168316831685,-0.0891089108910891,0.5366336633663367,25.61188118811881,25.33861386138614,25.60990099009901,18.522772277227723,21290800000.0,30277800000.0,12.124601366742596,7.920684523809523,21.419315895372232,-473.12888888888887,1.6462383051109564,1.6462383051109564,11.2640625,25.46492851135408,30.46056338028169,-672.84,0.0206192345989817,-0.0021135889680049,0.7158431918348411,0.2541730726993191,7.558452481076535,0.8890122086570478,8.479166666666666,2.264236902050114,0.0092997914592218,0.4510250569476082,0.0,0.0,0.0037887107401713,1.045271629778672,0.3865327380952381,2.815718157181572,0.0,22.381118148201807,0.014539911129571,0.0120983299344099,-42.97475247524753,-400000000.0,12796000000.0,-20286000000.0,25343000000.0,1401500000.0,1101000000.0,873500000.0,47.109375,60.30749519538757,53.21588725176169,1.9104477611940296,1.4923518164435947,1.6912242686890575,0.0339441738189128,2.057425742574257,2015-10-30,0.81,bmo,,2025-04-25,2015-09-30,-0.0123456790123456,40.799375,3376784.46875
2015-06-30,PEG,USD,788784,2015-07-31,2015-07-31 17:07:09,2015,Q2,2314000000.0,1429000000.0,885000000.0,0.382454624,0,0.0,0.0,0.0,317000000.0,317000000.0,1746000000.0,6000000.0,97000000.0,368000000.0,996000000.0,0.4304235091,568000000.0,0.2454624028,-37000000.0,531000000.0,0.2294727744,186000000.0,345000000.0,0.1490924806,0.68,0.68,506000000,508000000,https://www.sec.gov/Archives/edgar/data/788784/000078878415000008/0000788784-15-000008-index.htm,https://www.sec.gov/Archives/edgar/data/81033/000078878415000008/pseg-6302015xq2.htm,4.573122529644269,0.6818181818181818,1.0968379446640315,-0.8715415019762845,1.1798418972332017,25.11462450592885,24.883399209486164,25.112648221343875,18.59881422924901,19875680000.0,28592680000.0,14.402666666666669,8.589317199654278,35.812036036036034,-45.06956916099773,1.5641520421814747,1.5641520421814747,12.35638720829732,28.70751004016064,51.51834234234234,-64.83600907029478,0.0173578966857989,-0.0221879201114125,0.7329818210435193,0.2572075555064619,8.752008032128513,1.1673640167364017,5.855670103092783,1.608695652173913,0.0099116105713112,0.5710144927536231,0.0,0.0,0.0032309731580691,1.7945945945945947,0.4304235090751944,2.7065217391304346,0.0,19.627808165855303,0.0109409886754402,0.0095581105416262,-42.387351778656125,520000000.0,12591000000.0,-19877000000.0,25444000000.0,1558000000.0,1081000000.0,786500000.0,54.29559204840103,72.80615815255423,51.8964310706788,1.657593123209169,1.236159169550173,1.7342233009708738,0.0271503895490674,1.968379446640316,2015-07-31,0.54,bmo,,2025-04-25,2015-06-30,0.0555555555555553,41.4847619047619,2995877.111111111
2015-03-31,PEG,USD,788784,2015-05-04,2015-05-01 18:35:59,2015,Q1,3135000000.0,1757000000.0,1378000000.0,0.439553429,0,0.0,0.0,0.0,330000000.0,330000000.0,2087000000.0,6000000.0,98000000.0,385000000.0,1467000000.0,0.4679425837,1048000000.0,0.3342902711,-64000000.0,984000000.0,0.3138755981,398000000.0,586000000.0,0.1869218501,1.16,1.15,506000000,508000000,https://www.sec.gov/Archives/edgar/data/788784/000078878415000004/0000788784-15-000004-index.htm,https://www.sec.gov/Archives/edgar/data/81033/000078878415000004/pseg-3312015xq1.htm,6.195652173913044,1.158102766798419,3.3181818181818183,1.841897233201581,1.992094861660079,24.818181818181817,24.61462450592885,24.81620553359684,18.14624505928854,21211520000.0,29287520000.0,9.049283276450511,6.766035087719298,12.633424657534247,22.759141630901286,1.6892187624432586,1.6892187624432586,9.34211164274322,19.964226312201777,17.443430613460393,31.424377682403435,0.0276264972995806,0.0439383881966026,0.7234211993310504,0.2535517905490272,5.505112474437627,1.1482606294864717,10.693877551020408,2.86518771331058,0.0092874060887668,0.3361774744027304,0.0,0.0,0.0028749267312362,0.444907683144729,0.2382775119617224,1.9402597402597404,0.0,25.42918827887899,0.0187991753106482,0.0164035382375993,-40.70454545454545,537000000.0,12455000000.0,-19110000000.0,24618000000.0,1734500000.0,1092000000.0,885500000.0,49.377990430622006,51.53101878201479,38.36653386454183,1.822674418604651,1.746520874751491,2.3457943925233646,0.0466671975790395,1.476284584980237,2015-05-01,0.95,bmo,,2025-04-25,2015-03-31,0.0947368421052632,41.75606557377049,3382018.0655737706
2014-12-31,PEG,USD,788784,2015-02-26,2015-02-25 18:45:07,2014,Q4,2773000000.0,1658000000.0,1115000000.0,0.4020915975,0,0.0,0.0,0.0,308000000.0,308000000.0,1966000000.0,6000000.0,98000000.0,357000000.0,1236000000.0,0.4457266498,807000000.0,0.2910205554,-26000000.0,781000000.0,0.2816444284,305000000.0,476000000.0,0.171655247,0.94,0.94,506000000,508000000,https://www.sec.gov/Archives/edgar/data/788784/000078878415000002/0000788784-15-000002-index.htm,https://www.sec.gov/Archives/edgar/data/81033/000078878415000002/pseg201410kq4.htm,5.480237154150197,0.9407114624505928,1.233201581027668,-0.541501976284585,0.7944664031620553,24.08300395256917,23.885375494071145,24.08102766798419,18.17391304347826,20953460000.0,29649460000.0,11.004968487394956,7.556242336819329,33.57926282051282,-76.47248175182482,1.7196109971276157,1.7196109971276157,10.69219617742517,23.98823624595469,47.515160256410255,-108.20970802919707,0.0227170118920693,-0.0130765992824096,0.7466557242511285,0.2578286621135262,7.035598705501618,1.184301322599195,8.23469387755102,1.3109243697478992,0.0089245403861701,0.3928571428571428,0.0,0.0,0.0028339048374755,1.439102564102564,0.3238369996393797,2.515406162464986,0.0,22.57651926193249,0.0150448535064317,0.0135277233069031,-41.25741106719368,641000000.0,12086000000.0,-18982000000.0,24330000000.0,1629000000.0,1144500000.0,1023500000.0,56.76523620627479,63.94451145958986,55.47647768395657,1.585477415666095,1.4074702886247878,1.6223091976516637,0.0390644234714813,1.774703557312253,2015-02-20,0.48,bmo,,2025-04-25,2014-12-31,0.0208333333333333,40.245625,3559177.078125
2014-09-30,PEG,USD,788784,2014-10-30,2014-10-30 17:28:28,2014,Q3,2641000000.0,1577000000.0,1064000000.0,0.4028776978,0,0.0,0.0,0.0,318000000.0,318000000.0,1895000000.0,6000000.0,100000000.0,371000000.0,1176000000.0,0.4452858766,746000000.0,0.2824687618,-41000000.0,705000000.0,0.2669443393,261000000.0,444000000.0,0.1681181371,0.88,0.87,506000000,507000000,https://www.sec.gov/Archives/edgar/data/788784/000078878414000013/0000788784-14-000013-index.htm,https://www.sec.gov/Archives/edgar/data/81033/000078878414000013/pseg-9302014xq3.htm,5.219367588932807,0.8774703557312253,2.150197628458498,0.7806324110671937,1.3893280632411067,23.881422924901187,23.64822134387352,23.879446640316207,17.91106719367589,18843440000.0,27103440000.0,10.610045045045045,7.134964028776978,17.31933823529412,47.704911392405066,1.5595001241413555,1.5595001241413555,10.262567209390385,23.047142857142852,24.91125,68.61630379746835,0.0235625766845119,0.0209622022305905,0.7417859803029049,0.2624827949746683,7.023809523809524,1.2264030612244898,7.46,2.4504504504504503,0.0099238780180264,0.4211711711711711,0.0,0.0,0.0034556476410812,0.6369485294117647,0.2624006058311245,1.8679245283018868,0.0,21.712989133424703,0.0148748227511712,0.0130476946134179,-38.96393280632411,710000000.0,11966000000.0,-18217000000.0,23664000000.0,1571000000.0,1107500000.0,963500000.0,51.42370314274896,63.40519974635383,58.497146480659474,1.7501656726308814,1.4194419441944195,1.5385365853658537,0.0367458412645866,1.3695652173913044,2014-10-30,0.74,bmo,,2025-04-25,2014-09-30,0.0405405405405405,36.9484375,3367091.3125
2014-06-30,PEG,USD,788784,2014-08-01,2014-08-01 15:50:17,2014,Q2,2249000000.0,1589000000.0,660000000.0,0.2934637617,0,0.0,0.0,0.0,295000000.0,295000000.0,1884000000.0,6000000.0,94000000.0,339000000.0,757000000.0,0.3365940418,365000000.0,0.162294353,-41000000.0,324000000.0,0.1440640285,112000000.0,212000000.0,0.0942641174,0.42,0.42,505875000,508056000,https://www.sec.gov/Archives/edgar/data/788784/000078878414000010/0000788784-14-000010-index.htm,https://www.sec.gov/Archives/edgar/data/81033/000078878414000010/pseg-6302014xq2.htm,4.445762293056585,0.4190758586607363,0.6562886088460588,-0.5693106004447739,1.1267605633802815,23.41289844329133,23.20336051396096,23.41092167037312,18.03014578700272,20634641250.0,29091641250.0,24.33330336084905,9.175029457536684,62.15253388554217,-71.64805989583333,1.742349172506966,1.742349172506966,12.93536738550467,38.43017338177015,87.62542545180723,-101.01264322916668,0.0102739852576792,-0.013957112048168,0.762222409862366,0.2678635014836795,11.171730515191545,1.0955818654345943,3.882978723404255,1.5660377358490567,0.0090624303923868,0.8820754716981132,0.0,0.0,0.0031454005934718,1.867469879518072,0.2756780791462872,1.8289085545722712,0.0,14.857537557537729,0.0076224677803468,0.0063106507114365,-38.76501111934766,331000000.0,11738000000.0,-18062000000.0,22747000000.0,1857500000.0,1110000000.0,824000000.0,65.34904401956425,62.52989301447451,51.08873505349276,1.3772198407838334,1.4393115942028984,1.7616407982261642,0.0179008697120662,1.2255992092908328,2014-07-30,0.51,bmo,,2025-04-25,2014-06-30,-0.0392156862745098,38.83238095238095,3698323.253968254
2014-03-31,PEG,USD,788784,2014-05-02,2014-05-01 19:13:49,2014,Q1,3223000000.0,2212000000.0,1011000000.0,0.3136829041,0,0.0,0.0,0.0,306000000.0,306000000.0,2518000000.0,6000000.0,97000000.0,360000000.0,1103000000.0,0.3422277381,705000000.0,0.2187403041,-59000000.0,646000000.0,0.2004343779,260000000.0,386000000.0,0.1197641948,0.76,0.76,506077000,507831000,https://www.sec.gov/Archives/edgar/data/788784/000078878414000007/0000788784-14-000007-index.htm,https://www.sec.gov/Archives/edgar/data/81033/000078878414000007/pseg-3312014xq1.htm,6.3685960832047295,0.7627297822268153,2.2051980232257145,1.0018238331321123,1.2942694491154507,23.31660992299591,23.19014695392203,23.31463393910413,17.161420100103346,19301776780.0,27234776780.0,12.501150764248704,5.988761023890785,17.29549890681004,38.07056564102564,1.6358824290194085,1.6358824290194085,8.450132417002793,24.69154739800544,24.403921845878138,53.717508441814594,0.0199981589466915,0.026267011880758,0.7278582930756844,0.2576966932725199,7.1922030825022665,1.1477509681263032,7.268041237113402,2.89119170984456,0.0096882272617391,0.4844559585492228,0.0,0.0,0.0019204224929484,0.5456989247311828,0.188954390319578,1.6916666666666669,0.0,20.002805490957844,0.013697085676119,0.0116048343454993,-37.418218966678985,496000000.0,11736000000.0,-17673000000.0,22493000000.0,1847000000.0,1169000000.0,885000000.0,58.138380390940114,45.40687160940326,30.352622061482823,1.548030739673391,1.982078853046595,2.96514745308311,0.0327146368336299,1.2033741900936024,2014-05-01,0.97,bmo,,2025-04-25,2014-03-31,0.0412371134020618,34.524426229508194,4027752.770491803
2013-12-31,PEG,USD,788784,2014-02-26,2014-02-26 17:26:36,2013,Q4,2318000000.0,1643000000.0,675000000.0,0.2911993097,0,0.0,0.0,0.0,310000000.0,310000000.0,1953000000.0,5000000.0,99000000.0,339000000.0,742000000.0,0.3201035375,365000000.0,0.1574633305,-61000000.0,304000000.0,0.131147541,104000000.0,200000000.0,0.086281277,0.4,0.39,505859000,507796000,https://www.sec.gov/Archives/edgar/data/788784/000078878414000004/0000788784-14-000004-index.htm,https://www.sec.gov/Archives/edgar/data/81033/000078878414000004/pseg201310k.htm,4.58230455522191,0.3953670884574555,1.4292520247737015,0.0276756961920218,0.974579873047628,22.94908264951301,22.85221771284093,22.94710581407072,17.40010556301262,16207722360.0,24417722360.0,20.25965295,6.992114909404659,22.41732,1157.6944542857143,1.396254510682288,1.396254510682288,10.533961328731666,32.90798161725068,33.77278334716459,1744.1230257142856,0.012339796768335,0.0008637857737834,0.7497415575465196,0.2676034684213763,11.064690026954178,1.179888997714659,3.686868686868687,3.615,0.0112292150591849,0.91,0.0,0.0,0.001506672406371,0.9806362378976486,0.3058671268334771,2.0914454277286136,0.0,14.287474735595216,0.007925134618725,0.0061589628306593,-36.964845935329805,551000000.0,11560000000.0,-17299000000.0,22245000000.0,1558500000.0,1123000000.0,1036500000.0,62.58843830888697,66.93852708460133,56.09251369446135,1.4379652605459057,1.3445171849427169,1.6044921875,0.0172294968986905,1.4015763285816798,2014-02-20,0.45,bmo,,2025-04-25,2013-12-31,0.0888888888888888,33.08765625,3483620.9375
2013-09-30,PEG,USD,788784,2013-10-31,2013-10-30 18:34:23,2013,Q3,2554000000.0,1514000000.0,1040000000.0,0.4072043853,0,0.0,0.0,0.0,328000000.0,328000000.0,1842000000.0,7000000.0,100000000.0,363000000.0,1123000000.0,0.4397024276,712000000.0,0.2787783868,-52000000.0,660000000.0,0.2584181676,270000000.0,390000000.0,0.1527016445,0.77,0.77,505858000,507694000,https://www.sec.gov/Archives/edgar/data/788784/000078878413000013/0000788784-13-000013-index.htm,https://www.sec.gov/Archives/edgar/data/81033/000078878413000013/pseg-9302013xq3.htm,5.048847700342784,0.7709673465676138,2.1587085703893187,0.7828283826686541,0.8856240288776692,22.415381391615828,22.28095631580404,22.413404552265657,16.973142660588543,16657903940.0,24695903940.0,10.678143551282052,6.522280321064996,15.254490787545787,42.06541398989899,1.4692100846710177,1.4692100846710177,9.669500368050118,21.991009741763133,22.61529664835165,62.36339378787879,0.0234123093400429,0.0237724987145051,0.7484565179043923,0.260226924256363,7.157613535173642,1.1564142194744975,7.12,2.8,0.0109257443586867,0.4666666666666667,0.0,0.0,0.0020852499233364,0.6373626373626373,0.2725137039937353,1.9173553719008265,0.0,19.718013801905897,0.0138465450955166,0.011984512322537,-37.89551613298594,506000000.0,11271000000.0,-17530000000.0,21653000000.0,1560500000.0,1035000000.0,982500000.0,53.03445575567737,60.87186261558784,62.35799207397621,1.6970099667774086,1.478515625,1.4432793136320303,0.0343976009878285,1.3758801877206648,2013-10-30,0.76,bmo,,2025-04-25,2013-09-30,0.0,33.09578125,2435630.078125
2013-06-30,PEG,USD,788784,2013-07-30,2013-07-30 17:32:04,2013,Q2,2310000000.0,1401000000.0,909000000.0,0.3935064935,0,0.0,0.0,0.0,297000000.0,297000000.0,1698000000.0,5000000.0,101000000.0,328000000.0,980000000.0,0.4242424242,612000000.0,0.2649350649,-61000000.0,551000000.0,0.2385281385,218000000.0,333000000.0,0.1441558442,0.66,0.66,505900000,507381000,https://www.sec.gov/Archives/edgar/data/788784/000078878413000010/0000788784-13-000010-index.htm,https://www.sec.gov/Archives/edgar/data/81033/000078878413000010/pseg-6302013xq2.htm,4.566119786519075,0.6582328523423602,0.9211306582328525,-0.4269618501680174,0.3241747380905317,21.935165052381898,21.82249456414311,21.933188377149637,16.817552876062464,16112915000.0,24355915000.0,12.096783033033033,6.975287878787879,34.57707081545065,-74.59682870370371,1.45213725666907,1.45213725666907,10.543686147186149,24.85297448979592,52.26591201716738,-112.75886574074076,0.0206666515649092,-0.0134053956096708,0.7576604181687094,0.2622352537508968,8.411224489795918,1.1821451929365598,6.05940594059406,1.3993993993993994,0.0112952870414819,0.5465465465465466,0.0,0.0,0.001777971864375,1.463519313304721,0.2952380952380952,2.0792682926829267,0.0,18.02320076443704,0.0123428451821925,0.0104055996500218,-37.809843842656655,557000000.0,11040000000.0,-17347000000.0,21175000000.0,1782000000.0,1062000000.0,835000000.0,62.96103896103896,67.1948608137045,58.84368308351178,1.4294554455445545,1.3393881453154877,1.529475982532751,0.0300108147080028,1.3480925084008697,2013-07-30,0.45,bmo,,2025-04-25,2013-06-30,0.0666666666666666,34.20421875,2695444.359375
2013-03-31,PEG,USD,788784,2013-05-01,2013-04-30 18:07:26,2013,Q1,2786000000.0,1865000000.0,921000000.0,0.3305814788,0,0.0,0.0,0.0,311000000.0,311000000.0,2176000000.0,6000000.0,102000000.0,340000000.0,982000000.0,0.3524766691,610000000.0,0.2189519024,-70000000.0,540000000.0,0.1938262742,220000000.0,320000000.0,0.1148600144,0.63,0.63,505942000,507220000,https://www.sec.gov/Archives/edgar/data/788784/000078878413000007/0000788784-13-000007-index.htm,https://www.sec.gov/Archives/edgar/data/81033/000078878413000007/pseg-3312013xq1.htm,5.5065600404789485,0.6324835653098576,1.7334002711773286,0.3024062046637757,0.8301346794691882,21.63686746702191,21.532112376517468,21.63489095588032,16.56513987769349,17293097560.0,25152097560.0,13.51023246875,6.207141981335248,19.71846928164196,113.0267814379085,1.5798554321213227,1.5798554321213227,9.02803214644652,25.61313397148676,28.67970075256557,164.3927945098039,0.018504492841131,0.0088474606396657,0.7563493513612278,0.2610683652875883,8.0030549898167,1.0733998825601878,5.980392156862745,2.740625,0.0105244303033932,0.56875,0.0,0.0,0.0016712916246215,0.8255416191562144,0.2598707824838478,2.1294117647058823,0.0,17.546610548891387,0.012222122040894,0.0101077102877538,-36.5792916974673,250000000.0,10894000000.0,-17109000000.0,20428000000.0,1779000000.0,1191000000.0,879500000.0,62.9289303661163,52.02144772117962,36.38605898123324,1.4301848049281314,1.7300556586270872,2.473474801061008,0.0292344235337109,1.430994066513553,2013-04-30,0.74,bmo,,2025-04-25,2013-03-31,0.1486486486486486,31.716166666666663,3030878.8666666667
2012-12-31,PEG,USD,788784,2013-02-26,2013-02-25 21:47:38,2012,Q4,2406000000.0,3532000000.0,-1126000000.0,-0.467996675,0,0.0,0.0,0.0,-1594000000.0,-1594000000.0,1938000000.0,0.0,113000000.0,430000000.0,904000000.0,0.3757273483,468000000.0,0.1945137157,-107000000.0,361000000.0,0.1500415628,137000000.0,224000000.0,0.0931005819,0.44,0.44,505942000,505942000,https://www.sec.gov/Archives/edgar/data/788784/000078878413000003/0000788784-13-000003-index.htm,https://www.sec.gov/Archives/edgar/data/81033/000078878413000003/pseg201210k.htm,4.755485806673493,0.4427384957169004,0.9408193033984132,-0.2549699372655363,0.7490977226638627,21.308766617517424,21.20994106043776,21.30679010637583,16.434690142348334,15481825200.0,23304825200.0,17.278822767857143,6.4346738154613465,32.52484285714286,-120.0141488372093,1.436161892393321,1.436161892393321,9.6861285120532,25.77967389380531,48.95971680672269,-180.6575596899225,0.0144685782914019,-0.0083323508910306,0.7608534322820037,0.2585342789598108,8.653761061946902,1.0243579560497749,4.141592920353983,2.125,0.0116265361270194,0.8035714285714286,0.0,0.0,0.0015760441292356,1.2710084033613445,0.2514546965918537,1.4069767441860466,0.0,14.5688044981626,0.0098562044530616,0.0070718232044198,-37.26711757474177,92000000.0,10731000000.0,-17075000000.0,19878000000.0,1434500000.0,1158000000.0,1039000000.0,60.224438902743145,33.22763306908267,25.60872027180068,1.4944099378881988,2.708588957055215,3.5144278606965176,0.0207792207792207,1.1957892406639496,2013-02-21,0.39,bmo,,2025-04-25,2012-12-31,0.0512820512820511,30.873548387096776,2384862.7258064514
2012-09-30,PEG,USD,788784,2012-11-02,2012-11-02 14:56:25,2012,Q3,2402000000.0,879000000.0,1523000000.0,0.6340549542,0,0.0,0.0,0.0,310000000.0,310000000.0,1808000000.0,5000000.0,106000000.0,331000000.0,1025000000.0,0.4267277269,594000000.0,0.2472939217,-6000000.0,588000000.0,0.2447960033,241000000.0,347000000.0,0.1444629475,0.69,0.68,505914000,507111000,https://www.sec.gov/Archives/edgar/data/788784/000078878412000003/0000788784-12-000003-index.htm,https://www.sec.gov/Archives/edgar/data/81033/000078878412000003/pseg-9302012xq3.htm,4.747842518688947,0.6858873247231743,1.844186956676431,0.4822954098917998,1.5417640152278846,21.36331471356792,21.219021414706848,21.35936147250323,16.63326177967006,16042532940.0,23571532940.0,11.558020850144093,6.678823039134055,17.194569067524117,65.74808581967213,1.4845949416990565,1.4845949416990565,9.81329431307244,22.996617502439022,25.264236806002145,96.60464319672133,0.0216300007796649,0.0152095682715799,0.768924671478808,0.2705985800820686,7.345365853658537,1.3089832181638696,5.60377358490566,2.6887608069164264,0.0111578390189049,0.515850144092219,0.0,0.0,0.0023773855272585,0.7384780278670954,0.2868442964196503,2.081570996978852,0.0,18.15564909907756,0.0122386989849357,0.0113276531844742,-34.86215048407437,939000000.0,10735000000.0,-15920000000.0,20115000000.0,1213000000.0,955000000.0,1019000000.0,47.17318900915904,103.61774744027304,109.86348122866896,1.907863383637808,0.8685770750988142,0.8191985088536813,0.0321117897464371,1.361891546784631,2012-11-01,0.72,bmo,,2025-04-25,2012-09-30,0.0416666666666667,32.26984126984127,2284433.3492063493
2012-06-30,PEG,USD,788784,2012-08-02,2012-08-02 17:05:04,2012,Q2,2098000000.0,761000000.0,1337000000.0,0.6372735939,0,0.0,0.0,0.0,275000000.0,275000000.0,1665000000.0,4000000.0,103000000.0,296000000.0,756000000.0,0.360343184,433000000.0,0.2063870353,-76000000.0,357000000.0,0.1701620591,146000000.0,211000000.0,0.1005719733,0.42,0.42,505903000,506969000,https://www.sec.gov/Archives/edgar/data/788784/000119312512332159/0001193125-12-332159-index.htm,https://www.sec.gov/Archives/edgar/data/81033/000119312512332159/d361520d10q.htm,4.147040045226061,0.4170760007353188,0.5732324180722391,-0.5989290437099603,1.512147585604355,21.04355973378296,20.90914661506257,21.03960640676177,16.65734340377503,16441847500.0,24000847500.0,19.480861966824644,7.836914918970448,56.69602586206896,-54.26352310231023,1.5447057027433295,1.5447057027433295,11.439870114394662,31.74715277777777,82.76154310344828,-79.21071782178218,0.0128331077149328,-0.0184285859603064,0.7820368282600526,0.2761595116448809,9.998677248677248,1.3991477272727273,4.203883495145631,1.3744075829383886,0.0109476748279048,0.8530805687203792,0.0,0.0,0.0022559883219428,2.0448275862068965,0.2826501429933269,2.0033783783783785,0.0,14.051337487459737,0.0090385946000919,0.0070160271330717,-34.34106933542596,1124000000.0,10578000000.0,-15556000000.0,19782000000.0,1202500000.0,964000000.0,915500000.0,50.06196377502384,106.2023653088042,114.12614980289092,1.79777206512425,0.8474387527839644,0.78860103626943,0.0198233746711762,1.1721614617821994,2012-07-31,0.45,bmo,,2025-04-25,2012-06-30,-0.0444444444444444,31.10571428571429,3630293.0
2012-03-31,PEG,USD,788784,2012-05-02,2012-05-02 17:26:38,2012,Q1,2875000000.0,1179000000.0,1696000000.0,0.5899130435,0,0.0,0.0,0.0,285000000.0,285000000.0,2092000000.0,4000000.0,101000000.0,299000000.0,1105000000.0,0.3843478261,783000000.0,0.2723478261,-78000000.0,705000000.0,0.2452173913,212000000.0,493000000.0,0.1714782609,0.97,0.97,506010000,507029000,https://www.sec.gov/Archives/edgar/data/788784/000119312512205116/0001193125-12-205116-index.htm,https://www.sec.gov/Archives/edgar/data/81033/000119312512205116/d320289d10q.htm,5.6817058951404125,0.974289045671034,2.1501551352740065,0.792474457026541,1.8398845872611216,20.999584988438965,20.6991956680698,20.995632497381475,16.023398747060334,15488966100.0,22564966100.0,7.854445283975659,5.387466469565218,14.236182077205882,38.625850623441394,1.4579222609186746,1.4579222609186746,7.848683860869565,20.42078380090497,20.73985854779412,56.27173591022443,0.0318291096266264,0.0258893974853492,0.7536709337349398,0.2668822078528098,6.403619909502263,1.2744530244530246,7.752475247524752,2.206896551724138,0.0115566138400935,0.3630831643002028,0.0,0.0,0.0050663289114059,0.6314338235294118,0.2389565217391304,2.297658862876254,0.0,21.453573871397392,0.0198084321268744,0.0165159128978224,-33.76119049030652,853000000.0,10474000000.0,-15415000000.0,19238000000.0,1255000000.0,1107000000.0,959000000.0,38.754782608695656,78.62595419847328,66.10687022900764,2.3222940226171245,1.1446601941747572,1.361431870669746,0.0464043674698795,1.3576806782474655,2012-05-02,0.67,bmo,,2025-04-25,2012-03-31,0.2686567164179103,30.620483870967742,3470756.016129032
2011-12-31,PEG,USD,788784,2012-02-27,2012-02-27 16:50:41,2011,Q4,2636000000.0,1007000000.0,1629000000.0,0.6179817906,0,0.0,0.0,0.0,920000000.0,920000000.0,1927000000.0,43000000.0,114000000.0,237000000.0,931000000.0,0.3531866464,709000000.0,0.2689681335,-129000000.0,580000000.0,0.220030349,220000000.0,360000000.0,0.1365705615,0.71,0.71,505919000,506010000,https://www.sec.gov/Archives/edgar/data/788784/000119312512081813/0001193125-12-081813-index.htm,https://www.sec.gov/Archives/edgar/data/81033/000119312512081813/d257198d10k.htm,5.210320229127587,0.7115763590614308,2.269137945007007,1.0752709425817175,1.648485231825648,20.30364544521949,20.01308509860274,20.299692243224705,16.22394098660062,16700386189.999998,23960386190.0,11.59749040972222,6.335503106980273,14.547374729965156,30.69923931985294,1.6261330272638754,1.6261330272638754,9.08967609635812,25.736182803437163,20.871416541811847,44.04482755514706,0.0215563877328515,0.0325740970185312,0.7881207400194742,0.2714194695013581,7.798066595059076,1.3226242813662497,6.219298245614035,3.188888888888889,0.0103590418827314,0.4805555555555555,0.0,0.0,0.0049294121592166,0.5261324041811847,0.2291350531107739,2.548523206751055,0.0,18.027966459678183,0.0160042537555821,0.0121318325807103,-34.066718190066,954000000.0,10125000000.0,-15638000000.0,18950000000.0,1532000000.0,1164000000.0,1078500000.0,43.42943854324734,105.81926514399208,94.02184707050648,2.0723270440251573,0.8505067567567568,0.9572243346007604,0.0350535540408958,1.193867002425289,2012-02-23,0.48,bmo,,2025-04-25,2011-12-31,-0.0208333333333333,32.698571428571434,3249360.873015873
2011-09-30,PEG,USD,788784,2011-11-01,2011-11-01 17:26:16,2011,Q3,2620000000.0,1167000000.0,1453000000.0,0.5545801527,0,0.0,0.0,0.0,897000000.0,897000000.0,2064000000.0,36000000.0,117000000.0,262000000.0,846000000.0,0.3229007634,556000000.0,0.2122137405,-90000000.0,466000000.0,0.1778625954,201000000.0,294000000.0,0.1122137405,0.58,0.58,505909000,506999000,https://www.sec.gov/Archives/edgar/data/788784/000119312511290949/0001193125-11-290949-index.htm,https://www.sec.gov/Archives/edgar/data/81033/000119312511290949/d232218d10q.htm,5.178796977322008,0.5811321798979658,2.0043130286276782,1.0614557163442435,2.4549869640587536,20.084639727698065,19.72884451551564,20.080686447562705,17.959751654941897,16882183329.999998,24609183330.0,14.35559806972789,6.443581423664122,16.64909598619329,31.43795778398509,1.661795780096466,1.661795780096466,9.392818064885496,29.08886918439716,24.26941156804734,45.82715703910615,0.0174148091069213,0.0318086819401931,0.8828624864652033,0.2998562401791982,9.13356973995272,1.3461538461538465,4.752136752136752,3.4489795918367347,0.0102474897125761,0.5884353741496599,0.0,0.0,0.0060178529637925,0.4704142011834319,0.18206106870229,1.8206106870229009,0.0,16.20384196742218,0.0114111540894589,0.0098886683932595,-32.83495648426891,1278000000.0,9981000000.0,-14780000000.0,18740000000.0,1639000000.0,1081000000.0,1014500000.0,61.55725190839694,88.22622107969153,85.21850899742931,1.4620535714285714,1.0201048951048952,1.056108597285068,0.0289398562850674,0.9428573122834344,2011-11-01,0.81,bmo,,2025-04-25,2011-09-30,0.0246913580246912,32.62265625,3555410.078125
2011-06-30,PEG,USD,788784,2011-08-03,2011-08-03 15:37:18,2011,Q2,2469000000.0,1010000000.0,1459000000.0,0.590927501,0,0.0,0.0,0.0,838000000.0,838000000.0,1848000000.0,50000000.0,117000000.0,238000000.0,902000000.0,0.3653300932,621000000.0,0.2515188335,-74000000.0,547000000.0,0.2215471851,227000000.0,323000000.0,0.1308221952,0.63,0.63,505988000,506761000,https://www.sec.gov/Archives/edgar/data/788784/000119312511208082/0001193125-11-208082-index.htm,https://www.sec.gov/Archives/edgar/data/81033/000119312511208082/d10q.htm,4.879562361162716,0.6383550598037898,0.6976450034388167,-0.3004023810841363,0.3142367012656427,19.98268733645857,19.67042696664743,19.97873467354957,17.124912053250274,16515448320.0,24904448320.0,12.782854736842106,6.68912447144593,46.785972577903685,-108.6542652631579,1.63373709763577,1.63373709763577,10.086856346699069,27.61025312638581,70.55084509915014,-163.84505473684212,0.0195574466851651,-0.0092035043224306,0.845583143733307,0.2969189621035812,9.300443458980045,1.0725212464589235,5.307692307692308,1.0928792569659442,0.0105355904743614,0.5386996904024768,0.0,0.0,0.0054882073013998,1.4305949008498584,0.2045362494937221,2.1218487394957983,0.0,16.9397267765776,0.0135840067460671,0.0112814781181237,-33.48399566788145,256000000.0,9953000000.0,-14892000000.0,17308000000.0,1724500000.0,1042500000.0,832500000.0,54.16767922235723,90.71287128712872,82.33663366336634,1.661507402422611,0.9921414538310412,1.093073593073593,0.0319517261845879,0.9980473845229532,2011-08-03,0.55,bmo,,2025-04-25,2011-06-30,0.0727272727272725,32.1031746031746,2882188.8095238097
2011-03-31,PEG,USD,788784,2011-05-05,2011-05-05 16:40:59,2011,Q1,3354000000.0,1563000000.0,1791000000.0,0.5339892665,0,0.0,0.0,0.0,935000000.0,935000000.0,2498000000.0,71000000.0,127000000.0,245000000.0,1163000000.0,0.3467501491,856000000.0,0.2552176506,-65000000.0,791000000.0,0.2358378056,329000000.0,526000000.0,0.1568276685,1.04,1.04,505979000,507132000,https://www.sec.gov/Archives/edgar/data/788784/000119312511128596/0001193125-11-128596-index.htm,https://www.sec.gov/Archives/edgar/data/81033/000119312511128596/d10q.htm,6.628733603568527,1.0395688358607769,2.0593740056405503,1.0771198014146832,1.7787299472903026,19.682635050071248,19.384203692248096,19.67868231685505,17.856472304186536,15943398290.0,23951398290.0,7.577660784220533,4.753547492546214,15.300766113243762,29.253941816513763,1.601225096916742,1.601225096916742,7.14114439177102,20.59449552020636,22.98598684261037,43.94751979816514,0.0329917117061496,0.0341834275282349,0.8946469820226975,0.3033026898195437,6.885640584694755,1.282227964398507,6.74015748031496,1.9809885931558937,0.0108508861695131,0.3288973384030418,0.0,0.0,0.0051413006469186,0.4769673704414587,0.1481812760882528,2.0285714285714285,0.0,21.454376232290205,0.0184502399354163,0.0180019850097539,-32.94257271546843,983000000.0,9808000000.0,-14945000000.0,17782000000.0,2219500000.0,1121500000.0,883000000.0,52.674418604651166,61.439539347408825,42.66794625719769,1.7086092715231789,1.46485473289597,2.1093117408906883,0.0528271567741287,0.9822542042258672,2011-05-05,0.77,bmo,,2025-04-25,2011-03-31,0.1038961038961038,31.919032258064515,2771879.2258064514
2010-12-31,PEG,USD,788784,2011-02-25,2011-02-25 15:45:24,2010,Q4,2404000000.0,991000000.0,1413000000.0,0.5877703827,0,0.0,0.0,0.0,849000000.0,849000000.0,1840000000.0,0.0,116000000.0,142000000.0,809000000.0,0.3365224626,564000000.0,0.234608985,-96000000.0,468000000.0,0.1946755408,193000000.0,282000000.0,0.1173044925,0.56,0.56,505937000,505979000,https://www.sec.gov/Archives/edgar/data/788784/000119312511047330/0001193125-11-047330-index.htm,https://www.sec.gov/Archives/edgar/data/81033/000119312511047330/d10k.htm,4.751579742141808,0.5573816502845216,1.6306378066834408,0.3597285828077409,0.5534285889349859,19.055732235436427,18.75529957287172,19.039919990038285,18.0259597538824,16093855970.0,24817855970.0,14.267602810283687,6.6946156281198,19.507704206060605,88.42778005494506,1.6707002979341845,1.6707002979341845,10.323567375207986,30.677201446229912,30.08224966060606,136.361845989011,0.017522214721299,0.0113086634016894,0.9347036229627322,0.3010465077401451,10.783683559950555,1.4493543758967002,4.862068965517241,2.925531914893617,0.0107494437829245,0.6134751773049646,0.0,0.0,0.0050820823163596,0.7793939393939394,0.2674708818635607,4.528169014084507,0.0,15.452549808040995,0.012003703734661,0.0094767617703397,-34.82350569339661,1566000000.0,9489000000.0,-15217000000.0,18108000000.0,1981500000.0,1084000000.0,1105000000.0,92.6955074875208,106.80121089808274,93.08779011099898,0.9709208400646204,0.842687074829932,0.9668292682926828,0.029274369355341,1.2709092238757,2011-02-22,0.62,bmo,,2025-04-25,2010-12-31,-0.032258064516129,32.1221875,2994891.453125
2010-09-30,PEG,USD,788784,2010-10-29,2010-10-29 17:04:22,2010,Q3,3254000000.0,1355000000.0,1899000000.0,0.5835894284,0,0.0,0.0,0.0,882000000.0,882000000.0,2143000000.0,35000000.0,120000000.0,265000000.0,1303000000.0,0.4004302397,971000000.0,0.2984019668,-53000000.0,949000000.0,0.2916410572,382000000.0,567000000.0,0.1742470805,1.12,1.12,505945000,506968000,https://www.sec.gov/Archives/edgar/data/788784/000119312510241339/0001193125-10-241339-index.htm,https://www.sec.gov/Archives/edgar/data/81033/000119312510241339/d10q.htm,6.431529118777733,1.120675172202512,1.6187530265147398,0.4209943768591447,1.1997351490774688,18.90521697022404,18.61862455405232,18.889404974849043,18.334008637302475,16736660600.0,25560660600.0,7.379479982363315,5.143411370620775,20.435483028083027,78.57587136150235,1.7512462697499216,1.7512462697499216,7.8551507682851875,19.61677712970069,31.2095978021978,120.0031014084507,0.0338777258827845,0.0127265531094058,0.958041226326253,0.3145959318306762,6.772064466615503,1.21636845593108,8.091666666666667,1.4444444444444444,0.0103365900841652,0.3051146384479717,0.0,0.0,0.0049821330401319,0.73992673992674,0.1862323294406883,2.2867924528301886,0.0,21.824297500545548,0.0214154434288234,0.0195794053662073,-34.04372016721185,653000000.0,9420000000.0,-15868000000.0,17261000000.0,1369000000.0,994000000.0,1114500000.0,41.12784265519361,65.88929889298893,78.70848708487085,2.188298587760592,1.3659274193548387,1.1434599156118144,0.0593282410798367,1.197758649655595,2010-10-27,0.96,bmo,,2025-04-25,2010-09-30,0.1041666666666667,32.58015625,3146570.703125
2010-06-30,PEG,USD,788784,2010-07-30,2010-07-30 16:58:11,2010,Q2,2361000000.0,1072000000.0,1289000000.0,0.5459551038,0,0.0,0.0,0.0,858000000.0,858000000.0,1930000000.0,42000000.0,120000000.0,233000000.0,699000000.0,0.2960609911,431000000.0,0.182549767,-85000000.0,346000000.0,0.1465480729,124000000.0,224000000.0,0.0948750529,0.44,0.44,506109000,507091000,https://www.sec.gov/Archives/edgar/data/788784/000119312510172309/0001193125-10-172309-index.htm,https://www.sec.gov/Archives/edgar/data/81033/000119312510172309/d10q.htm,4.6650029934263175,0.4425924059836912,-1.0906741433169536,-2.046989877674572,0.1126239604512071,18.03168882592485,17.73926170054277,18.03168882592485,16.502373994534775,15856394970.0,24031394970.0,17.696869386160714,6.715965679796696,-28.72535320652173,-15.30540055019305,1.7374967094017093,1.7374967094017093,10.178481562897078,34.37967806866953,-43.535135815217394,-23.196327191119693,0.0141267924029266,-0.0653364148635356,0.9020381328073636,0.2864101315148563,11.695278969957082,1.0726377346875962,3.591666666666667,-2.4642857142857144,0.0109734905272733,0.7767857142857143,0.0,0.0,0.0051492589242223,-0.8768115942028986,0.2049978822532825,2.07725321888412,0.0,13.40020493059135,0.0106446580797696,0.0078338112890816,-35.760577266952374,236000000.0,8978000000.0,-16131000000.0,16341000000.0,1514500000.0,999000000.0,953000000.0,47.6874205844981,83.61940298507461,87.64925373134328,1.887290167865708,1.0763052208835342,1.0268199233716475,0.024545255314486,0.9563157343576186,2010-07-30,0.64,bmo,,2025-04-25,2010-06-30,0.015625,31.418253968253968,3576073.8412698414
2010-03-31,PEG,USD,788784,2010-05-06,2010-05-06 12:58:47,2010,Q1,3680000000.0,1768000000.0,1912000000.0,0.5195652174,0,0.0,0.0,0.0,939000000.0,939000000.0,2627000000.0,38000000.0,116000000.0,232000000.0,1207000000.0,0.3279891304,946000000.0,0.2570652174,-99000000.0,847000000.0,0.2301630435,356000000.0,491000000.0,0.133423913,0.97,0.97,505950000,507147000,https://www.sec.gov/Archives/edgar/data/788784/000119312510110439/0001193125-10-110439-index.htm,https://www.sec.gov/Archives/edgar/data/81033/000119312510110439/d10q.htm,7.273445992687025,0.970451625654709,2.118786441347959,1.2748295286095463,1.2273940112659354,18.20337978061073,17.90888427710248,18.18559146160688,16.38304180254966,14935644000.0,22796644000.0,7.604706720977596,4.058598913043478,13.932503731343283,23.15603720930233,1.6232631235735244,1.6232631235735244,6.194740217391304,18.8870289975145,21.265526119402985,35.343634108527134,0.0328743775628289,0.0431852821344697,0.8882730138028475,0.2840312771503041,6.512841756420878,1.2389285714285714,8.155172413793103,2.1832993890020367,0.0115830291616484,0.3523421588594704,0.0,0.0,0.0051781059947871,0.3983208955223881,0.1160326086956521,1.8405172413793105,0.0,19.92699997344552,0.0208974015086354,0.0171522392230839,-33.95493625852357,669000000.0,9061000000.0,-16096000000.0,16501000000.0,1706500000.0,1038500000.0,1001500000.0,43.48369565217392,51.00678733031674,43.88009049773756,2.069741282339708,1.7644710578842315,2.051044083526682,0.053363764808173,0.8439569127384129,2010-05-05,0.86,bmo,,2025-04-25,2010-03-31,-0.0232558139534883,30.96426229508197,3137793.5081967213
2009-12-31,PEG,USD,788784,2010-02-25,2010-02-25 15:10:11,2009,Q4,2883000000.0,1335000000.0,1548000000.0,0.5369406868,0,0.0,0.0,0.0,915000000.0,915000000.0,2250000000.0,0.0,120000000.0,325000000.0,957000000.0,0.3319458897,633000000.0,0.2195629553,-121000000.0,512000000.0,0.1775927853,163000000.0,349000000.0,0.1210544572,0.69,0.69,505950000,505950000,https://www.sec.gov/Archives/edgar/data/788784/000119312510040508/0001193125-10-040508-index.htm,https://www.sec.gov/Archives/edgar/data/81033/000119312510040508/d10k.htm,5.698191520901275,0.689791481371677,1.015910663109003,-0.094871034687222,0.6917679612609942,17.389070066212078,17.114339361596997,17.369305267318904,17.424646704219786,16822837500.0,25168837500.0,12.050743194842408,5.835184703433923,32.729255836575874,-350.47578125,1.9142964838416023,1.9142964838416023,8.730085848074921,26.299725705329152,48.96660992217899,-524.35078125,0.020745608462306,-0.0028532642011194,0.9895311788802912,0.3032289559941418,8.721003134796238,1.2767857142857142,5.275,1.472779369627507,0.0099864247039181,0.4813753581661891,0.0,0.0,0.0048469209847269,1.093385214007782,0.1949358307318765,1.7292307692307691,0.0,16.418799384902282,0.0163630974107853,0.0122288797785486,-35.04941199723293,930000000.0,8659000000.0,-15590000000.0,15955000000.0,1574500000.0,993000000.0,1221500000.0,51.04058272632675,72.47191011235955,76.92134831460673,1.763302752293578,1.241860465116279,1.1700262927256793,0.0397132453345471,1.1107816977962248,2010-02-18,0.6,bmo,,2025-04-25,2009-12-31,0.0333333333333333,31.57109375,3015667.640625
2009-09-30,PEG,USD,788784,2009-10-30,2009-10-30 17:24:17,2009,Q3,3039000000.0,1241000000.0,1798000000.0,0.5916419875,0,0.0,0.0,0.0,875000000.0,875000000.0,2116000000.0,0.0,129000000.0,255000000.0,1209000000.0,0.397828233,924000000.0,0.304047384,-99000000.0,825000000.0,0.2714708786,337000000.0,488000000.0,0.1605791379,0.96,0.96,505988000,506812000,https://www.sec.gov/Archives/edgar/data/788784/000093041309005485/0000930413-09-005485-index.htm,https://www.sec.gov/Archives/edgar/data/81033/000093041309005485/c58983_10q.htm,6.006071290228227,0.9644497497964378,1.090934962884495,0.268781077812122,0.6857870147118114,17.184201996885303,16.935184233618187,17.164438682340293,16.968781868344703,15908262720.0,24235262720.0,8.149724754098362,5.23470309970385,28.81931652173913,116.97252,1.8316940379965456,1.8316940379965456,7.974749167489306,20.045709445822997,43.90446144927536,178.20046117647058,0.0306758826271131,0.0085490164698512,0.973747841105354,0.2974256172188225,6.887510339123242,1.183093885733378,7.162790697674419,1.1311475409836065,0.0106234101720945,0.3463114754098361,0.0,0.0,0.0044313146233382,0.7536231884057971,0.1368871339256334,1.6313725490196078,0.0,19.299491400890243,0.0207564939996961,0.0172389430549667,-34.79430342221555,548000000.0,8569000000.0,-16198000000.0,15817000000.0,1544000000.0,926000000.0,1187500000.0,44.83711747285292,66.06768734891217,94.42385173247382,2.007265521796566,1.362239297475302,0.9531490015360984,0.0561888313183649,0.8221538850723733,2009-10-28,0.89,bmo,,2025-04-25,2009-09-30,0.0337078651685393,31.89640625,2849598.71875
2009-06-30,PEG,USD,788784,2009-08-03,2009-07-31 20:31:39,2009,Q2,2561000000.0,1695000000.0,866000000.0,0.3381491605,0,0.0,0.0,0.0,856000000.0,856000000.0,1923000000.0,0.0,133000000.0,231000000.0,915000000.0,0.3572823116,637000000.0,0.2487309645,-86000000.0,551000000.0,0.2151503319,240000000.0,311000000.0,0.1214369387,0.61,0.61,505990000,506936000,https://www.sec.gov/Archives/edgar/data/788784/000093041309003976/0000930413-09-003976-index.htm,https://www.sec.gov/Archives/edgar/data/81033/000093041309003976/c58378_10q.htm,5.06136484910769,0.6146366528982786,-1.185794185655843,-2.0039921737583746,1.2885630150793494,16.59914227553904,16.354078143836833,16.579379039111444,17.82051028676456,16510453700.000002,25001453700.0,13.272068890675245,6.44687766497462,-27.51742283333333,-16.28249871794872,1.9681074859935632,1.9681074859935632,9.76237942210074,27.3239931147541,-41.6690895,-24.65626597633136,0.0188365508090186,-0.0614156351136492,1.0590058409822387,0.3089012517385257,9.279781420765028,1.1544715447154472,4.789473684210527,-1.9292604501607715,0.0101753714981194,0.5401929260450161,0.0,0.0,0.0043115438108484,-0.69,0.1616556032799687,1.792207792207792,0.0,15.142047942532578,0.0135583692150891,0.0108604553708618,-35.558014980533216,513000000.0,8275000000.0,-16527000000.0,15536000000.0,1690000000.0,933000000.0,959500000.0,55.31433033971105,49.96460176991151,56.97345132743363,1.6270648030495554,1.8012752391073326,1.5796831314072692,0.0370723566575277,0.8181979881025316,2009-07-31,0.62,bmo,,2025-04-25,2009-06-30,0.0161290322580645,31.12809523809524,3109926.6666666665
2009-03-31,PEG,USD,788784,2009-05-06,2009-05-05 21:52:27,2009,Q1,3921000000.0,2068000000.0,1853000000.0,0.4725835246,0,0.0,0.0,0.0,925000000.0,925000000.0,2993000000.0,0.0,145000000.0,236000000.0,1129000000.0,0.2879367508,927000000.0,0.2364192808,-179000000.0,748000000.0,0.1907676613,304000000.0,444000000.0,0.1132364193,0.88,0.88,505986000,506548000,https://www.sec.gov/Archives/edgar/data/788784/000093041309002474/0000930413-09-002474-index.htm,https://www.sec.gov/Archives/edgar/data/81033/000093041309002474/c57480_10q.htm,7.749226263177242,0.877494634238892,2.7451352408959933,1.9506468558418613,2.843952204211184,16.223769037087983,16.018229753392387,16.204005644424946,17.903657413446222,14911407420.0,22593407420.0,8.396062736486487,3.8029603213465952,10.735354514038876,15.107808936170212,1.8186861105012804,1.8186861105012804,5.762154404488651,20.01187548272808,16.2659520662347,22.89099029381965,0.0297758613586322,0.0661909350472297,1.0872057567996096,0.3042113166336769,6.804251550044287,1.18899388549194,6.393103448275862,3.1283783783783785,0.0112665421356986,0.3783783783783784,0.0,0.0,0.0035492457852706,0.2894168466522678,0.1025248661055853,1.7033898305084745,0.0,17.8864719869121,0.0205632249672407,0.0152065209945886,-35.33002889408007,680000000.0,8105000000.0,-16815000000.0,15425000000.0,1829000000.0,1076000000.0,1050500000.0,41.45371078806427,40.25628626692457,36.81818181818182,2.1710963455149503,2.2356756756756755,2.4444444444444446,0.0541529454811562,0.7944883850541319,2009-05-04,0.8,bmo,,2025-04-25,2009-03-31,0.1874999999999999,29.16540983606557,3740782.868852459
2008-12-31,PEG,USD,788784,2009-02-26,2009-02-26 17:27:22,2008,Q4,3262000000.0,1743000000.0,1519000000.0,0.4656652361,0,0.0,0.0,0.0,859000000.0,859000000.0,2602000000.0,0.0,0.0,194000000.0,855000000.0,0.2621091355,660000000.0,0.202329859,-276000000.0,384000000.0,0.1177191907,146000000.0,235000000.0,0.0720416922,0.46,0.46,505986000,505986000,https://www.sec.gov/Archives/edgar/data/788784/000093041309001045/0000930413-09-001045-index.htm,https://www.sec.gov/Archives/edgar/data/81033/000093041309001045/c56713_10k.htm,6.446818686683031,0.4644397275813955,1.4881834675267696,0.4328182993205345,0.6344049044835233,15.516239579751218,15.379872170376256,15.516239579751218,17.899704734913612,14759611620.0,23495611620.0,15.701714489361704,4.524712329858982,19.601077848605577,67.39548684931506,1.8799658158196408,1.8799658158196408,7.202823917841815,27.48024750877193,31.202671474103585,107.28589780821918,0.0159218281652861,0.014837788800841,1.15361100496752,0.3117835381596612,10.217543859649124,1.1727272727272726,0.0,3.217948717948718,0.0110436510252835,0.6936170212765957,0.0,0.0,0.002375296912114,0.7091633466135459,0.1637032495401594,0.0,0.0,12.73354062619328,0.0153258589037503,0.0081090407177363,-37.27474673212302,589000000.0,7782000000.0,-17199000000.0,15091000000.0,1742500000.0,1225500000.0,1319000000.0,51.097486204782335,63.35628227194492,64.80206540447504,1.7613390928725705,1.4205378973105134,1.3888446215139445,0.0299324926760922,1.055365168206235,2009-02-03,0.53,bmo,,2025-04-25,2008-12-31,-0.0754716981132076,28.68515625,3906367.734375
2008-09-30,PEG,USD,788784,2008-10-31,2008-10-31 17:30:28,2008,Q3,3718000000.0,1899000000.0,1819000000.0,0.4892415277,0,0.0,0.0,0.0,854000000.0,854000000.0,2753000000.0,0.0,149000000.0,164000000.0,1173000000.0,0.3154922001,965000000.0,0.2595481442,-155000000.0,810000000.0,0.217859064,334000000.0,656000000.0,0.1764389457,1.29,1.29,507724000,508326000,https://www.sec.gov/Archives/edgar/data/788784/000093041308006282/0000930413-08-006282-index.htm,https://www.sec.gov/Archives/edgar/data/81033/000093041308006282/c55441_10q.htm,7.322876208333661,1.2920405574682308,1.908517225894384,0.9276693636700254,0.4510324507015623,15.124358903656317,15.008154036444996,15.124358903656317,18.120080988883725,16648269960.0,25470269960.0,6.344615076219512,4.477748778913394,17.180877151702784,35.34664535031847,2.1680257793983597,2.1680257793983597,6.850529844002152,21.71378513213981,26.285108317853457,54.07700628450106,0.0394034936708823,0.0282912279252828,1.178669097538742,0.3226277892635631,7.520886615515772,1.121036669423766,6.476510067114094,1.4771341463414631,0.0098508734177205,0.25,0.0,0.0,0.0021030869038283,0.5139318885448917,0.1339429800968262,3.0365853658536586,0.0,20.96852200222201,0.0222683742932964,0.0234327558492587,-35.90484200077207,439000000.0,7620000000.0,-16309000000.0,14504000000.0,1791500000.0,1283000000.0,1262500000.0,39.52931683700914,58.00947867298578,65.54502369668246,2.276791181873852,1.5514705882352942,1.3731019522776573,0.0854277900768329,0.9808478622243582,2008-10-31,0.99,bmo,,2025-04-25,2008-09-30,-0.0505050505050505,39.93796875,2739484.921875
2008-06-30,PEG,USD,788784,2008-08-04,2008-08-01 21:37:21,2008,Q2,2561000000.0,1540000000.0,1021000000.0,0.3986723936,0,0.0,0.0,0.0,838000000.0,838000000.0,2373000000.0,0.0,146000000.0,218000000.0,411000000.0,0.1604841859,177000000.0,0.0691136275,-130000000.0,48000000.0,0.0187426786,214000000.0,-150000000.0,-0.0585708708,-0.29,-0.29,508491000,509487000,https://www.sec.gov/Archives/edgar/data/788784/000093041308004616/0000930413-08-004616-index.htm,https://www.sec.gov/Archives/edgar/data/81033/000093041308004616/c54440_10q.htm,5.036470655331166,-0.2949904718077606,-0.8259733210617297,-1.6440802295419192,0.1691278705031161,12.928449077761456,12.80651968274758,12.928449077761456,20.021986623165404,23354991630.0,33303991630.0,-38.92498605,9.11948130808278,-55.60712292857143,-27.936592858851675,3.552630305749924,3.552630305749924,13.00429192893401,81.0316098053528,-79.29521816666667,-39.83731056220096,-0.0064226098804215,-0.0357953457335493,1.5264679038637057,0.3541681372203007,24.206812652068127,1.0143650641639532,1.2123287671232876,2.8,0.0070220534692608,-1.0933333333333333,0.0,0.0,0.0021881838074398,-0.9904761904761904,0.1624365482233502,1.908256880733945,0.0,,-0.0246159568906583,-0.0053056027164685,-38.62506907693548,75000000.0,6512000000.0,-16464000000.0,13910000000.0,1983000000.0,1167500000.0,914000000.0,68.52791878172589,78.42857142857143,66.74025974025973,1.3133333333333332,1.147540983606557,1.3485113835376532,-0.0228171585031944,0.8181069084801894,2008-08-01,0.6,bmo,,2025-04-25,2008-06-30,0.0666666666666667,43.849375,2343201.09375
2008-03-31,PEG,USD,788784,2008-05-07,2008-05-06 21:59:12,2008,Q1,3803000000.0,2124000000.0,1679000000.0,0.4414935577,0,0.0,0.0,0.0,862000000.0,862000000.0,2981000000.0,0.0,153000000.0,217000000.0,1038000000.0,0.2729424139,811000000.0,0.2132526952,-143000000.0,668000000.0,0.175650802,234000000.0,448000000.0,0.1178017355,0.88,0.88,508490000,510107000,https://www.sec.gov/Archives/edgar/data/788784/000093041308002872/0000930413-08-002872-index.htm,https://www.sec.gov/Archives/edgar/data/81033/000093041308002872/c53412_10q.htm,7.479006470137072,0.8810399417884324,2.0511711144761944,1.4159570493028375,0.4936183602430726,14.446695116914787,14.330665303152472,14.446695116914787,18.293378434187492,20436213100.0,29334213100.0,11.40413677455357,5.373708414409677,19.593684659635663,28.383629305555555,2.781951143479444,2.781951143479444,7.713440205101236,28.26032090558767,28.1248447746884,40.741962638888886,0.0219218696638077,0.0352315762454052,1.245439695072148,0.3271238558352403,8.572254335260116,1.1334933973589436,5.300653594771242,2.328125,0.0080249701447867,0.3660714285714285,0.0,0.0,0.0021095537757437,0.3096836049856184,0.0849329476728898,1.4884792626728112,0.0,16.92284246392849,0.021473110507325,0.0160521695510408,-36.41369545123798,556000000.0,7287000000.0,-15901000000.0,14065000000.0,1960500000.0,1043000000.0,887500000.0,47.7097028661583,42.07627118644068,29.06779661016949,1.8864087301587305,2.1389728096676737,3.0962099125364437,0.0609855703784372,0.6352140651733564,2008-05-06,0.75,bmo,,2025-04-25,2008-03-31,0.1333333333333333,45.97065573770492,3470354.9672131147
2007-12-31,PEG,USD,788784,2008-02-28,2008-02-27 21:59:11,2007,Q4,2965000000.0,1422000000.0,1543000000.0,0.5204047218,0,0.0,0.0,0.0,911000000.0,911000000.0,2333000000.0,0.0,0.0,218000000.0,850000000.0,0.2866779089,632000000.0,0.213153457,-130000000.0,502000000.0,0.1693086003,310000000.0,225000000.0,0.0758853288,0.44,0.44,508490000,508490000,https://www.sec.gov/Archives/edgar/data/788784/000093041308001260/0000930413-08-001260-index.htm,https://www.sec.gov/Archives/edgar/data/81033/000093041308001260/c52299_10k.htm,5.830989793309603,0.4424865779071368,0.7453440578969105,0.0078664280516824,0.7492772719227517,14.35426458730752,14.2284017384806,14.35426458730752,19.37107907726799,24977028800.0,34446028800.0,27.75225422222222,8.423955750421586,65.9024506596306,6244.2572,3.421979558843677,3.421979558843677,11.61754765598651,40.524739764705885,90.88661952506595,8611.5072,0.0090082772375231,0.0001601471508893,1.3494999314974654,0.3480688363546415,11.14,1.1459715639810426,0.0,1.6844444444444444,0.0059654813706264,0.6622222222222223,0.0,0.0,0.0022615640128626,0.9894459102902374,0.1264755480607082,0.0,0.0,11.95451010502958,0.0095666725585882,0.0079688330086771,-36.66886271116443,616000000.0,7235000000.0,-16164000000.0,13955000000.0,1831000000.0,1004500000.0,1143000000.0,57.824620573355816,69.17721518987342,68.92405063291139,1.5564304461942258,1.3010064043915828,1.3057851239669422,0.0308261405672009,0.737477629845228,2008-02-01,0.91,bmo,,2025-04-25,2007-12-31,-0.3956043956043956,46.69546875,2814875.65625
2007-09-30,PEG,USD,788784,2007-11-02,2007-11-01 21:53:21,2007,Q3,3475000000.0,1674000000.0,1801000000.0,0.5182733813,0,0.0,0.0,0.0,832000000.0,832000000.0,2506000000.0,0.0,0.0,239000000.0,1208000000.0,0.3476258993,969000000.0,0.2788489209,-155000000.0,814000000.0,0.2342446043,314000000.0,506000000.0,0.1456115108,1.0,1.0,508544000,509090000,https://www.sec.gov/Archives/edgar/data/788784/000093041307008345/0000930413-07-008345-index.htm,https://www.sec.gov/Archives/edgar/data/81033/000093041307008345/c50977_10q.htm,6.83323370249182,0.9949974830103196,1.4610338535112006,0.8435848225522276,0.8278536370500881,14.376337150767682,13.454096400704756,14.376337150767682,22.03545809212182,22777685760.0,33562685760.0,11.253797312252964,6.554729715107913,30.656373835800807,53.0948386013986,3.115536282314321,3.115536282314321,9.658326837410073,27.783680264900664,45.17185162853298,78.23469874125874,0.0222147238894913,0.018834222428047,1.5327588565175765,0.3876301497803452,8.927980132450331,1.1538676347388996,0.0,1.4683794466403162,0.0065414898409767,0.2944664031620553,0.0,0.0,0.0162233214569857,0.4226110363391655,0.0903597122302158,0.0,0.0,17.94016259118729,0.0224150352191325,0.0177918424753867,-37.87430389504153,551000000.0,6842000000.0,-17466000000.0,14527000000.0,1802500000.0,969000000.0,1089500000.0,45.50503597122302,49.24731182795699,64.35483870967742,1.9778030734206031,1.827510917030568,1.3984962406015038,0.0692107782793051,0.6174490309589731,2007-11-01,0.91,bmo,,2025-04-25,2007-09-30,0.0989010989010988,43.480317460317465,3194236.253968254
2007-06-30,PEG,USD,788784,2007-08-01,2007-08-01 17:28:11,2007,Q2,2810000000.0,1389000000.0,1421000000.0,0.5056939502,0,0.0,0.0,0.0,817000000.0,817000000.0,2206000000.0,0.0,0.0,219000000.0,823000000.0,0.2928825623,604000000.0,0.2149466192,-137000000.0,467000000.0,0.1661921708,174000000.0,275000000.0,0.0978647687,0.55,0.54,507262000,508068000,https://www.sec.gov/Archives/edgar/data/788784/000093041307006384/0000930413-07-006384-index.htm,https://www.sec.gov/Archives/edgar/data/81033/000093041307006384/c49586_10q.htm,5.539543667769318,0.5421261596571397,-0.2996479137014008,-1.0566531693680978,0.3351325350607773,13.497955691536127,12.587183743312137,13.497955691536127,22.114804578304703,22263729180.0,33311729180.0,20.2397538,7.923035295373666,-146.4719025,-41.53680817164179,3.251603502263765,3.251603502263765,11.854707893238434,40.47597713244228,-219.15611302631572,-62.14874847014925,0.0123519289053802,-0.0240750323392138,1.6383817730392871,0.3941949539672499,13.424058323207776,1.0535279805352795,0.0,-0.5527272727272727,0.0066475835563501,0.5381818181818182,0.0,0.0,0.0162344507695551,-2.526315789473684,0.1366548042704626,0.0,0.0,12.83144126165027,0.0145115659079388,0.009822831833119,-38.56784068193557,198000000.0,6385000000.0,-17714000000.0,13939000000.0,1957000000.0,1017500000.0,817000000.0,59.188612099644125,66.22030237580994,63.62850971922246,1.520562770562771,1.3590998043052838,1.4144602851323829,0.0401635752884474,0.7570052556666969,2007-08-01,0.48,bmo,,2025-04-25,2007-06-30,0.1874999999999999,43.97476190476191,3244501.6507936507
2007-03-31,PEG,USD,788784,2007-05-04,2007-05-04 17:27:59,2007,Q1,3614000000.0,2041000000.0,1573000000.0,0.4352517986,0,0.0,0.0,0.0,830000000.0,830000000.0,2807000000.0,0.0,0.0,221000000.0,922000000.0,0.2551189817,701000000.0,0.1939679026,-120000000.0,597000000.0,0.1651909242,262000000.0,329000000.0,0.0910348644,0.65,0.65,505784000,506711000,https://www.sec.gov/Archives/edgar/data/788784/000093041307004140/0000930413-07-004140-index.htm,https://www.sec.gov/Archives/edgar/data/81033/000093041307004140/c48311_10q.htm,7.1453426759249,0.6504753017098208,1.874317890641064,1.3306075320690256,0.9549531025101624,13.10638533445107,11.953719374278348,13.10638533445107,22.40086677316799,21000151680.0,31847151680.0,15.957562066869302,5.81077799667958,22.152058734177217,31.20379150074294,3.167921508523156,3.167921508523156,8.812161505257333,34.54137926247289,33.59404185654009,47.32117634472511,0.0156665535093887,0.0320473875739168,1.7091567355558908,0.3994640905404929,11.764642082429502,1.081802525832377,0.0,2.8814589665653494,0.0070475681440411,0.4498480243161094,0.0,0.0,0.0205549483482001,0.290084388185654,0.076092971776425,0.0,0.0,13.849947616576936,0.0151905178204855,0.0118430525557955,-38.30785473640922,285000000.0,6046000000.0,-17965000000.0,14001000000.0,1825500000.0,964500000.0,887500000.0,51.44991698948534,44.66927976482117,28.75061244487996,1.749273959341723,2.0148075024679173,3.130368098159509,0.0496304118268215,0.5437103585720386,2007-05-04,0.58,bmo,,2025-04-25,2007-03-31,0.1379310344827587,36.19147540983607,2543331.901639344
2006-12-31,PEG,USD,788784,2007-02-28,2007-02-27 21:56:09,2006,Q4,2648000000.0,1369000000.0,1279000000.0,0.4830060423,0,0.0,0.0,0.0,867000000.0,867000000.0,2236000000.0,0.0,0.0,229000000.0,641000000.0,0.2420694864,412000000.0,0.1555891239,-144000000.0,268000000.0,0.1012084592,75000000.0,-47000000.0,-0.0177492447,-0.0931,-0.0929,504598000,505784000,https://www.sec.gov/Archives/edgar/data/788784/000093041307001699/0000930413-07-001699-index.htm,https://www.sec.gov/Archives/edgar/data/81033/000093041307001699/c46564_10k.htm,5.247741766713305,-0.0931434528079778,0.9611611619546648,0.4320270789816844,0.2100682127158649,13.371039916923968,13.248169830241103,13.371039916923968,22.427754370806067,16747607619.999998,27958607620.0,-89.08301925531914,6.324625234138972,34.53114973195876,76.8238881651376,2.482230268267378,2.482230268267378,10.55838656344411,43.617172574102966,57.646613649484536,128.25049366972476,-0.0028063709794509,0.0130167845429853,1.677338076182007,0.3963645278789577,17.489859594383777,1.2855220667384284,0.0,-10.319148936170214,0.008598243000871,-3.0638297872340425,0.0,0.0,0.0021714766040907,0.5505154639175258,0.1008308157099697,0.0,0.0,,0.0113883810899824,-0.0016497016497016,-39.53394583410953,1061000000.0,6685000000.0,-17028000000.0,13541000000.0,1572000000.0,861000000.0,1143500000.0,53.87084592145015,60.21913805697589,73.82761139517896,1.6706624605678233,1.494541484716157,1.2190560997328583,-0.0069660589891803,0.5291340829729805,2007-01-31,0.37,bmo,,2025-04-25,2006-12-31,-0.0540540540540541,31.89333333333333,2549841.26984127
2006-09-30,PEG,USD,788784,2006-11-02,2006-11-01 17:36:53,2006,Q3,3392000000.0,1809000000.0,1583000000.0,0.4666863208,0,0.0,0.0,0.0,793000000.0,793000000.0,2533000000.0,0.0,0.0,259000000.0,1023000000.0,0.3015919811,764000000.0,0.2252358491,-163000000.0,603000000.0,0.1777712264,229000000.0,374000000.0,0.110259434,0.74,0.74,503494000,504658000,https://www.sec.gov/Archives/edgar/data/788784/000095011706004492/0000950117-06-004492-index.htm,https://www.sec.gov/Archives/edgar/data/81033/000095011706004492/a44993.htm,6.736922386364088,0.7428092489682101,1.2830341573087267,0.7368508860085721,0.5799473280714368,13.873055091023923,12.64960456331158,13.873055091023923,23.706340095413253,15406916400.0,27050916400.0,10.29874090909091,4.542133372641509,23.849715789473684,41.528076549865226,2.205714588403722,2.205714588403722,7.974916391509434,26.44273352883675,41.87448359133127,72.91352129380054,0.0242748120577846,0.0240800943140056,1.708804581245526,0.4156857282162011,11.382209188660802,1.0578262185891614,0.0,1.7272727272727273,0.009346451701393,0.3850267379679144,0.0,0.0,0.0214529497805948,0.4256965944272445,0.0810731132075471,0.0,0.0,15.22705673279662,0.0177887746740681,0.0133105559114527,-39.09828121089824,191000000.0,6369000000.0,-18235000000.0,14491000000.0,1626500000.0,841500000.0,1050000000.0,41.36497641509434,40.09950248756219,57.91044776119403,2.175753688261706,2.244416873449131,1.5541237113402062,0.0535433070866141,0.5461832713001545,2006-11-01,0.64,bmo,,2025-04-25,2006-09-30,0.1562499999999999,33.63142857142857,5809644.698412699
2006-06-30,PEG,USD,788784,2006-08-02,2006-08-01 21:55:26,2006,Q2,2606000000.0,1387000000.0,1219000000.0,0.4677666922,0,0.0,0.0,0.0,1067000000.0,1067000000.0,2405000000.0,0.0,0.0,229000000.0,366000000.0,0.1404451266,137000000.0,0.05257099,-176.0,-7000000.0,-0.002686109,7000000.0,209000000.0,0.0801995395,0.42,0.42,502948000,504168000,https://www.sec.gov/Archives/edgar/data/788784/000095011706003288/0000950117-06-003288-index.htm,https://www.sec.gov/Archives/edgar/data/81033/000095011706003288/a42460.htm,5.1814501697988655,0.4155499176853273,-0.2226870372285007,-0.6859556057485068,0.2704056880631795,12.987426135505062,11.81434263581921,12.987426135505062,23.853360585985037,16627460880.000002,28488460880.0,19.88930727272728,6.380453138910208,-148.45947214285715,-48.1955387826087,2.545539020208206,2.545539020208206,10.931872939370685,77.83732480874318,-254.36125785714285,-82.57524892753624,0.0125695679880619,-0.0207488084013462,1.8366503368034293,0.4245373155454899,32.40710382513661,1.0948642459928033,0.0,-0.5358851674641149,0.0086002307286739,0.6842105263157895,0.0,0.0,0.0208783042570508,-2.080357142857143,0.0894090560245587,0.0,0.0,11.019563824623525,0.0104816189128189,0.0075535798185695,-39.47227148731081,290000000.0,5942000000.0,-18380000000.0,14451000000.0,1879000000.0,831000000.0,805500000.0,58.50345356868764,56.9069935111752,60.735400144196106,1.538370720188902,1.5815279361459522,1.481837606837607,0.0319963257807715,0.463268568520006,2006-08-01,0.28,bmo,,2025-04-25,2006-06-30,0.1785714285714285,32.0536507936508,3508355.5555555555
2006-03-31,PEG,USD,788784,2006-05-02,2006-05-01 21:51:35,2006,Q1,3521000000.0,2204000000.0,1317000000.0,0.3740414655,0,0.0,0.0,0.0,820000000.0,820000000.0,2966000000.0,0.0,0.0,230000000.0,725000000.0,0.2059074127,495000000.0,0.1405850611,-138000000.0,342000000.0,0.0971314967,143000000.0,203000000.0,0.0576540755,0.41,0.41,502374000,504130000,https://www.sec.gov/Archives/edgar/data/788784/000095011706001966/0000950117-06-001966-index.htm,https://www.sec.gov/Archives/edgar/data/81033/000095011706001966/a41902.htm,7.008722585165634,0.4040814214111399,1.8113994752913167,1.3336677455441563,0.4339396545203374,12.383204544821188,11.19882796482302,12.383204544821188,24.49967554053355,16086015480.000002,28176015480.0,19.810363891625617,4.568592865663164,17.67694008791209,24.00897832835821,2.585760405079569,2.585760405079569,8.002276478273219,38.863469627586205,30.96265437362637,42.05375444776119,0.0126196571333897,0.0416510851200548,1.9784600546535929,0.4265317438314389,16.675862068965518,0.9652107668867446,0.0,4.482758620689655,0.0088897092121908,0.7044334975369458,0.0,0.0,0.0206196285001386,0.2637362637362637,0.0681624538483385,0.0,0.0,10.610655734551246,0.0110299971581003,0.0071830437705672,-40.86895420543261,-137000000.0,5626000000.0,-18834000000.0,13869000000.0,2197000000.0,969500000.0,878000000.0,52.757739278614025,32.05535390199637,27.56352087114338,1.7059108527131783,2.80764331210191,3.265185185185185,0.0326314097411991,0.4777317297471605,2006-05-01,0.55,bmo,,2025-04-25,2006-03-31,-0.2545454545454546,33.96693548387096,1766903.2258064516
2005-12-31,PEG,USD,788784,2006-02-28,2006-02-27 21:55:54,2005,Q4,3303000000.0,2060000000.0,1243000000.0,0.3763245534,0,0.0,0.0,0.0,792000000.0,792000000.0,2852000000.0,0.0,0.0,218000000.0,669000000.0,0.2025431426,451000000.0,0.1365425371,-119000000.0,332000000.0,0.1005146836,127000000.0,205000000.0,0.0620647896,0.41,0.41,490200000,502374000,https://www.sec.gov/Archives/edgar/data/788784/000095011706000927/0000950117-06-000927-index.htm,https://www.sec.gov/Archives/edgar/data/81033/000095011706000927/a41410.htm,6.738066095471236,0.4181966544267645,0.0673194614443084,-0.4895960832313341,0.587515299877601,12.284781721746226,11.06079151366789,12.284781721746226,26.346389228886167,15926598000.000002,28553598000.0,19.42268048780488,4.821858310626704,482.62418181818185,-66.360825,2.6447356360013288,2.6447356360013288,8.644746594005449,42.6810134529148,865.2605454545454,-118.973325,0.0128715498438524,-0.0150691315245101,2.1446363334440384,0.433084068274035,18.87443946188341,1.1558359621451104,0.0,0.1609756097560975,0.0087903267226309,0.6829268292682927,0.0,0.0,0.0201200496294557,8.272727272727273,0.0826521344232515,0.0,0.0,10.751405901971154,0.0104291407258875,0.0070155025495362,-43.29457364341085,741000000.0,5422000000.0,-18303000000.0,14017000000.0,2160500000.0,1121500000.0,1078500000.0,63.48773841961853,50.41747572815534,47.228155339805824,1.4175965665236052,1.7850953206239168,1.905642923219241,0.0340418465626037,0.5569155446756426,2006-02-02,0.28,bmo,,2025-04-25,2005-12-31,0.6428571428571428,31.477301587301582,2352806.3492063493
2005-09-30,PEG,USD,788784,2005-10-28,2005-10-28 17:30:09,2005,Q3,3376000000.0,1999000000.0,1377000000.0,0.4078791469,0,0.0,0.0,0.0,775000000.0,775000000.0,2754000000.0,0.0,0.0,231000000.0,801000000.0,0.2372630332,570000000.0,0.1688388626,-118000000.0,443000000.0,0.1312203791,183000000.0,253000000.0,0.0749407583,0.53,0.52,478068000,488572000,https://www.sec.gov/Archives/edgar/data/788784/000095011705004120/0000950117-05-004120-index.htm,https://www.sec.gov/Archives/edgar/data/81033/000095011705004120/a40716.htm,7.061756904875457,0.5292134173381192,0.7111958968180259,0.1443309320013052,1.2717856037216464,11.51509827053892,10.243312666817271,11.51509827053892,29.217600843394663,15384228240.0,28744228240.0,15.201806561264824,4.556939644549763,45.24773011764706,222.9598295652174,2.794591869209809,2.794591869209809,8.514285616113744,35.88542851435705,84.54184776470588,416.5830179710145,0.016445413838972,0.0044851128651741,2.53732970027248,0.4638220156068404,16.679151061173535,1.0274031256690217,0.0,1.3438735177865613,0.0087102191874397,0.5296442687747036,0.0,0.0,0.0201892744479495,0.7970588235294118,0.0802725118483412,0.0,0.0,11.709558121533185,0.0122684922271402,0.0085742366218185,-45.95737426474895,128000000.0,4897000000.0,-19811000000.0,14212000000.0,1782000000.0,1033000000.0,929000000.0,53.07760663507109,49.029514757378685,48.44422211105552,1.6956303365143144,1.8356290174471992,1.857806691449814,0.0459582198001816,0.5668649648167207,2005-10-28,0.54,bmo,,2025-04-25,2005-09-30,0.0185185185185185,31.65890625,1848096.875
2005-06-30,PEG,USD,788784,2005-08-02,2005-08-01 21:57:52,2005,Q2,2442000000.0,1340000000.0,1102000000.0,0.4512694513,0,0.0,0.0,0.0,755000000.0,755000000.0,2071000000.0,0.0,0.0,198000000.0,504000000.0,0.2063882064,306000000.0,0.1253071253,-157000000.0,160000000.0,0.0655200655,59000000.0,-82000000.0,-0.0335790336,-0.17,-0.17,477464000,486038000,https://www.sec.gov/Archives/edgar/data/788784/000095011705003036/0000950117-05-003036-index.htm,https://www.sec.gov/Archives/edgar/data/81033/000095011705003036/a40265.htm,5.114521723103731,-0.1717406966807969,-0.1968734815609135,-0.7895883249836637,0.615753229562857,11.680461773034198,10.390312149188212,11.680461773034198,28.80007707387363,14519680240.0,27976680240.0,-44.26731780487805,5.945815004095004,-154.4646834042553,-38.51374068965517,2.6034929603729604,2.6034929603729604,11.456462014742014,55.50928619047619,-297.6242578723404,-74.20870090185676,-0.0056475072897335,-0.0259647591247505,2.46566254258562,0.4829487584729393,26.700396825396822,0.8664358149888697,0.0,1.146341463414634,0.0091599813357873,-1.6219512195121952,0.0,0.0,0.0216345309591542,-3.0106382978723403,0.1158886158886158,0.0,0.0,,0.0073281421905231,-0.0029436048389991,-44.04782350082938,-540000000.0,4961000000.0,-19393000000.0,13348000000.0,1753500000.0,954500000.0,636000000.0,57.972972972972975,65.61940298507463,52.5223880597015,1.5524475524475525,1.3715455475946776,1.7135549872122762,-0.0147032454724762,0.5927148434227502,2005-08-01,0.27,bmo,,2025-04-25,2005-06-30,-0.1111111111111112,28.09796875,2057009.375
2005-03-31,PEG,USD,788784,2005-05-06,2005-05-05 19:46:26,2005,Q1,3310000000.0,1874000000.0,1436000000.0,0.433836858,0,0.0,0.0,0.0,803000000.0,803000000.0,2652000000.0,0.0,0.0,212000000.0,804000000.0,0.2429003021,592000000.0,0.1788519637,-141000000.0,453000000.0,0.136858006,168000000.0,285000000.0,0.086102719,0.6,0.59,476628000,484380000,https://www.sec.gov/Archives/edgar/data/788784/000095011705001774/0000950117-05-001774-index.htm,https://www.sec.gov/Archives/edgar/data/81033/000095011705001774/a39733.htm,6.944619283802043,0.5979506029859765,1.3784334953045143,0.965113253942278,0.6965600006713831,12.034542662201968,10.721149407924,12.034542662201968,28.58623496731203,12964281600.0,26257281600.0,11.372176842105263,3.9167013897280967,19.73254429223744,28.18322086956522,2.260160669456067,2.260160669456067,7.932713474320241,32.658310447761195,39.96542100456621,57.08104695652174,0.021983478050955,0.0354821049243484,2.375348675034868,0.4716981132075472,16.53358208955224,1.016768292682927,0.0,2.305263157894737,0.0103360914344841,0.4701754385964912,0.0,0.0,0.0216721481737926,0.2998477929984779,0.0595166163141994,0.0,0.0,12.72444088886788,0.0140531385551004,0.0100852825648465,-44.3144338981344,55000000.0,5110000000.0,-19814000000.0,14478000000.0,1932000000.0,1140500000.0,681000000.0,52.58610271903324,44.7598719316969,23.532550693703307,1.7114788004136503,2.010729613733905,3.824489795918367,0.0496861924686192,0.4133202413622364,2005-05-04,0.55,bmo,,2025-04-25,2005-03-31,0.0727272727272725,26.46245901639344,2018429.508196721
2004-12-31,PEG,USD,788784,2005-03-01,2005-02-28 21:58:37,2004,Q4,2738000000.0,1562000000.0,1176000000.0,0.4295105917,0,0.0,0.0,0.0,867000000.0,867000000.0,2429000000.0,0.0,0.0,202000000.0,511000000.0,0.1866325785,309000000.0,0.1128560993,-180000000.0,129000000.0,0.0471146822,42000000.0,87000000.0,0.0317750183,0.18,0.18,476628000,476628000,https://www.sec.gov/Archives/edgar/data/788784/000095011705000790/0000950117-05-000790-index.htm,https://www.sec.gov/Archives/edgar/data/81033/000095011705000790/a39290.htm,5.744521933247732,0.1825322893325612,0.7364233742037816,-0.0251768674941463,0.5517930125800414,12.0513272405314,10.746326275418143,12.0513272405314,28.590431111894397,12339898920.0,25703898920.0,35.459479655172416,4.506902454346238,35.15640717948718,-1028.32491,2.148311093314763,2.148311093314763,9.387837443389335,50.30117205479452,73.23048125356125,-2141.991576666667,0.007050300862594,-0.0009724552913922,2.3723885793871866,0.4657211209842788,26.152641878669275,1.1895088711751092,0.0,4.0344827586206895,0.0106970082053151,1.5172413793103448,0.0,0.0,0.0212576896787423,1.0341880341880345,0.1325785244704163,0.0,0.0,7.035234032423955,0.0078982508560625,0.0030379216425728,-44.83475582634675,737000000.0,5122000000.0,-18890000000.0,14217000000.0,1753000000.0,1156000000.0,908000000.0,63.44046749452154,77.72727272727272,50.24327784891165,1.4186528497409328,1.1578947368421053,1.7912844036697249,0.0151462395543175,0.761600241697928,2005-02-03,0.25,bmo,,2025-04-25,2004-12-31,-0.24,22.26875,2717790.5625
2004-09-30,PEG,USD,788784,2004-10-29,2004-10-29 17:16:10,2004,Q3,2747000000.0,1418000000.0,1329000000.0,0.4838005096,0,0.0,0.0,0.0,747000000.0,747000000.0,2165000000.0,0.0,0.0,212000000.0,796000000.0,0.2897706589,584000000.0,0.2125955588,-155000000.0,416000000.0,0.1514379323,172000000.0,244000000.0,0.0888241718,0.52,0.52,474538000,475456000,https://www.sec.gov/Archives/edgar/data/788784/000095011704003736/0000950117-04-003736-index.htm,https://www.sec.gov/Archives/edgar/data/81033/000095011704003736/a38603.htm,5.788788252995545,0.5141843224357164,0.8892860002781653,0.2402336588429167,0.6659108438101902,11.908424615099316,10.608212619431953,11.908424615099316,29.708895810240698,10107659400.0,23889659400.0,10.356208401639345,3.6795265380415,23.951799526066356,88.66367894736842,1.7886496903202973,1.7886496903202973,8.696636112122315,30.012134924623115,56.6105672985782,209.55841578947368,0.0241401090345406,0.0112785755325313,2.4947796850115025,0.4953271028037383,17.314070351758794,1.03990399039904,0.0,1.7295081967213115,0.0129604683751017,0.5368852459016393,0.0,0.0,0.0216780268428079,0.7298578199052133,0.1121223152530032,0.0,0.0,11.737560135940182,0.0130585361419107,0.008762794038427,-43.91850599951953,133000000.0,5034000000.0,-19345000000.0,14237000000.0,1608500000.0,1009000000.0,823500000.0,51.634510374954495,61.121297602256696,59.915373765867415,1.743020304568528,1.4724818276220146,1.5021186440677967,0.0431781985489293,0.6490523414352486,2004-10-22,0.45,bmo,,2025-04-25,2004-09-30,0.1555555555555555,20.37234375,2219125.0
2004-06-30,PEG,USD,788784,2004-08-03,2004-08-02 17:33:17,2004,Q2,2290000000.0,1254000000.0,1036000000.0,0.4524017467,0,0.0,0.0,0.0,729000000.0,729000000.0,1979000000.0,0.0,0.0,179000000.0,485000000.0,0.211790393,306000000.0,0.1336244541,-122000000.0,171000000.0,0.0746724891,52000000.0,124000000.0,0.0541484716,0.26,0.26,473410000,476002000,https://www.sec.gov/Archives/edgar/data/788784/000095011704002772/0000950117-04-002772-index.htm,https://www.sec.gov/Archives/edgar/data/81033/000095011704002772/a38110.htm,4.837244671637692,0.2619294058004689,-0.2555924040472317,-0.9822352717517584,0.5344204811896665,11.638959886778904,10.358885532624996,11.638959886778904,28.46792420945903,9477668200.0,22701668200.0,19.10820201612903,4.138719737991266,-78.32783636363637,-20.38208215053763,1.7200849727767693,1.7200849727767693,9.913392227074237,46.80756329896907,-187.61709256198347,-48.82079182795699,0.0130833869031203,-0.0490627008867012,2.445916515426497,0.4917356879629291,27.26597938144329,1.0534326424870466,0.0,-0.9758064516129032,0.0137164540113358,1.0483870967741935,0.0,0.0,0.0221111394899113,-2.84297520661157,0.1502183406113537,0.0,0.0,8.282100069655556,0.0084258840826594,0.004626693033842,-42.37711497433514,165000000.0,4904000000.0,-18644000000.0,13467000000.0,1778000000.0,1069000000.0,567500000.0,64.4934497816594,75.71770334928229,50.45454545454545,1.3954905545399148,1.1886255924170617,1.7837837837837838,0.0225045372050816,0.7266428677045267,2004-07-30,0.28,bmo,,2025-04-25,2004-06-30,-0.1071428571428572,21.21935483870968,1852164.516129032
2004-03-31,PEG,USD,788784,2004-04-30,2004-04-30 16:45:01,2004,Q1,3221000000.0,1823000000.0,1398000000.0,0.4340266998,0,0.0,0.0,0.0,762000000.0,762000000.0,2589000000.0,0.0,0.0,197000000.0,833000000.0,0.2586153369,636000000.0,0.1974542068,-185000000.0,451000000.0,0.1400186278,180000000.0,271000000.0,0.0841353617,0.57,0.57,472386000,477704000,https://www.sec.gov/Archives/edgar/data/788784/000095011704001662/0000950117-04-001662-index.htm,https://www.sec.gov/Archives/edgar/data/81033/000095011704001662/a37543.htm,6.81857633376095,0.5736833860444637,2.01741795904197,1.5199434360882838,0.9949490459073724,11.812373779070509,10.550693712345412,11.812373779070509,28.262903642360275,11096347140.0,23977347140.0,10.236482601476013,3.445000664389941,11.643596159496328,15.454522479108634,1.9885926774193543,1.9885926774193543,7.444069276622167,28.784330300120047,25.15986058761805,33.39463389972145,0.0244224515131742,0.0647059785478196,2.392652329749104,0.4817246978170665,15.463385354141655,1.0615480261112835,0.0,3.5166051660516606,0.0117155671465411,0.4797047970479705,0.0,0.0,0.0215046003968969,0.2465897166841553,0.0729587084756286,0.0,0.0,12.347981948601973,0.0151388084226991,0.0099929938419558,-42.36524791166546,198000000.0,4984000000.0,-18720000000.0,13296000000.0,1863500000.0,1142500000.0,593000000.0,53.508227258615335,53.46681294569391,21.327482172243556,1.6819843342036551,1.683287165281625,4.219907407407407,0.0485663082437275,0.4974745229536861,2004-04-29,0.58,bmo,,2025-04-25,2004-03-31,-0.0172413793103448,22.733709677419355,1778077.4193548388
2003-12-31,PEG,USD,788784,2004-02-25,2004-02-25 17:20:09,2003,Q4,2586000000.0,1411000000.0,1175000000.0,0.4543696829,0,0.0,0.0,0.0,860000000.0,860000000.0,2271000000.0,0.0,0.0,178000000.0,493000000.0,0.190641918,315000000.0,0.1218097448,-55000000.0,260000000.0,0.1005413766,92000000.0,144000000.0,0.0556844548,0.3,0.3,471413654,472386000,https://www.sec.gov/Archives/edgar/data/788784/000095011704000775/0000950117-04-000775-index.htm,https://www.sec.gov/Archives/edgar/data/81033/000095011704000775/a37089.htm,5.48562812735161,0.305464211267839,1.2006440526222009,0.5769879546170295,0.9588182187018284,11.898255284731317,10.572455756659098,11.898255284731317,29.638513609960057,10323959022.599998,23843959022.6,17.923539969791666,3.9922502020881674,18.24021028727915,37.955731700735285,1.840605994401854,1.840605994401854,9.220401787548337,48.3650284434077,42.12713608233215,87.66161405367646,0.0139481375008145,0.026346481945983,2.490996612586914,0.4975074775672981,27.42393509127789,1.0856042654028435,0.0,3.9305555555555554,0.0123014823791906,0.8819444444444444,0.0,0.0,0.0222546645776954,0.519434628975265,0.1136890951276102,0.0,0.0,9.043011181863683,0.0079090134656483,0.0052441822353326,-43.03439204160175,289000000.0,4984000000.0,-18810000000.0,13329000000.0,1630000000.0,1052500000.0,796000000.0,63.06264501160093,76.66902905740609,48.09355067328136,1.4271523178807948,1.1738768718801995,1.8713527851458889,0.0256730254947405,0.6236560980051715,2004-01-27,0.34,bmo,,2025-04-25,2003-12-31,0.0294117647058822,20.6765625,1777981.28125
2003-09-30,PEG,USD,788784,2003-10-30,2003-10-30 17:18:43,2003,Q3,2805000000.0,1581000000.0,1224000000.0,0.4363636364,0,0.0,0.0,0.0,712000000.0,712000000.0,2286000000.0,0.0,0.0,185000000.0,678000000.0,0.2417112299,493000000.0,0.1757575758,-168000000.0,330000000.0,0.1176470588,117000000.0,210000000.0,0.0748663102,0.46,0.46,452828000,455186000,https://www.sec.gov/Archives/edgar/data/788784/000095011703004611/0000950117-03-004611-index.htm,https://www.sec.gov/Archives/edgar/data/81033/000095011703004611/a36380.htm,6.194404939623875,0.4637522414691671,0.5432526257210243,-0.2782513448815003,0.4217937053362424,10.699426713895784,9.27062814136935,10.699426713895784,32.217530718065134,9509388000.0,23907388000.0,11.3207,3.39015614973262,38.65604878048781,-75.47133333333333,1.9627219814241488,1.9627219814241488,8.523132976827094,35.26163421828909,97.18450406504066,-189.7411746031746,0.0220834400699603,-0.0132500640419762,3.011145510835913,0.5416171666171666,21.23598820058997,0.8865373309817755,0.0,1.1884057971014492,0.0128294270882626,0.580952380952381,0.0,0.0,0.024019899019899,1.5121951219512195,0.1326203208556149,0.0,0.0,10.566095315801183,0.0125988474842257,0.0079881319182928,-45.03917602268411,-386000000.0,4198000000.0,-19075000000.0,12613000000.0,1498000000.0,1010000000.0,740000000.0,46.45989304812834,51.40417457305502,47.703984819734345,1.9371546961325967,1.7508305647840532,1.8866348448687351,0.0433436532507739,0.8215039706025246,2003-10-22,0.39,bmo,,2025-04-25,2003-09-30,0.205128205128205,20.864375,2008400.0
2003-06-30,PEG,USD,788784,2003-08-01,2003-08-01 12:49:17,2003,Q2,2419000000.0,1412000000.0,1007000000.0,0.4162877222,0,0.0,0.0,0.0,614000000.0,614000000.0,2014000000.0,0.0,0.0,121000000.0,508000000.0,0.2100041339,387000000.0,0.1599834642,-159000000.0,221000000.0,0.0913600661,71000000.0,130000000.0,0.0537412154,0.3,0.3,451820000,453164000,https://www.sec.gov/Archives/edgar/data/788784/000095011703003390/0000950117-03-003390-index.htm,https://www.sec.gov/Archives/edgar/data/81033/000095011703003390/a35880.htm,5.353901996370236,0.2877252003010048,-0.1305829755212252,-0.8963746624762073,0.3319906157319286,10.318268336948345,8.88406887698641,10.318268336948345,28.398477269709176,9546956600.0,22227956600.0,18.35953192307692,3.946654237288135,-161.81282372881356,-23.57273234567901,2.0478242385242384,2.0478242385242384,9.188903100454734,43.75582007874016,-376.7450271186441,-54.883843456790125,0.0136169048888312,-0.0424218959998205,2.7522522522522523,0.482913059841927,24.96259842519685,0.7671834625322997,0.0,-0.4436090225563909,0.012778941511057,0.9384615384615383,0.0,0.0,0.0243884079789236,-5.864406779661017,0.1430343116990492,0.0,0.0,8.173039889794953,0.0107198989208635,0.0050150451354062,-44.876278163870566,-901000000.0,4014000000.0,-18939000000.0,11883000000.0,1810500000.0,1215000000.0,536000000.0,57.59404712691195,71.19688385269122,40.92067988668556,1.5626614987080103,1.2641002685765443,2.1993769470404985,0.0278850278850278,0.7657916869549821,2003-07-22,0.26,bmo,,2025-04-25,2003-06-30,0.2692307692307693,20.10253968253968,2260438.095238095
2003-03-31,PEG,USD,788784,2003-05-02,2003-05-02 15:38:53,2003,Q1,3364000000.0,2022000000.0,1342000000.0,0.3989298454,0,0.0,0.0,0.0,664000000.0,664000000.0,2686000000.0,0.0,0.0,122000000.0,800000000.0,0.2378121284,678000000.0,0.2015457788,-173000000.0,505000000.0,0.1501189061,184000000.0,676000000.0,0.2009512485,1.51,1.51,450684000,451428000,https://www.sec.gov/Archives/edgar/data/788784/000095011703001867/0000950117-03-001867-index.htm,https://www.sec.gov/Archives/edgar/data/81033/000095011703001867/a35147.htm,7.464209956421795,1.4999423099111573,1.42228257493055,0.7233449601050848,0.4837092064506395,10.17342528245955,8.753361557099876,10.17342528245955,27.4538257404301,8270051400.000001,20425051400.0,3.058450961538462,2.458398156956005,12.901796255850234,25.36825582822086,1.8037189531079607,1.8037189531079607,6.071656183115339,25.53131425,31.864354758190327,62.65353190184049,0.0817407253357578,0.0394193438749364,2.6985823336968373,0.4729197721973779,15.19375,0.8073697585768742,0.0,0.9412628487518356,0.0147520243949148,0.1804733727810651,0.0,0.0,0.02446202652601,0.4914196567862715,0.0936385255648038,0.0,0.0,18.529433286053877,0.0181635409716215,0.0264859146652039,-43.46781780582403,-758000000.0,3945000000.0,-18401000000.0,11574000000.0,1876000000.0,1225000000.0,523000000.0,55.46076099881094,58.44213649851632,19.13946587537092,1.6227689339122044,1.53998476770754,4.702325581395349,0.1474372955288986,0.6989376148254653,2003-04-15,0.6,bmo,,2025-04-25,2003-03-31,0.1833333333333333,17.49950819672131,2861029.5081967213
2002-12-31,PEG,USD,788784,2003-02-26,2003-02-26 16:16:06,2002,Q4,2700000000.0,1424000000.0,1276000000.0,0.4725925926,0,0.0,0.0,0.0,693000000.0,693000000.0,2117000000.0,0.0,0.0,158000000.0,741000000.0,0.2744444444,583000000.0,0.2159259259,-198000000.0,385000000.0,0.1425925926,130000000.0,245000000.0,0.0907407407,0.54,0.54,451428000,451428000,https://www.sec.gov/Archives/edgar/data/788784/000120677403000082/0001206774-03-000082-index.htm,https://www.sec.gov/Archives/edgar/data/81033/000120677403000082/d1200010k.htm,5.9810202291395305,0.5427222059774759,1.4841790938975872,0.3677219844582082,0.3787979478455036,8.783238966125273,7.33893334042195,8.783238966125273,27.395287842136508,7245419400.0,19441419400.0,7.393285102040817,2.683488666666667,10.81405880597015,43.64710481927711,1.8273441109709965,1.8273441109709965,7.200525703703704,26.236733333333333,29.01704388059701,117.1169843373494,0.033814467662148,0.0229110270690472,3.119041614123581,0.4731968624449971,16.458839406207826,0.8167370250807052,0.0,0.0,0.0168382247133961,0.4979591836734693,0.0,0.0,0.024947388559403,0.7522388059701492,0.1866666666666666,0.0,0.0,10.356366332588074,0.0163633721986124,0.0096142526390142,-45.260262987674665,-738000000.0,3313000000.0,-18881000000.0,11554000000.0,1430000000.0,934000000.0,644500000.0,55.96666666666667,71.86095505617978,38.932584269662925,1.6081000595592614,1.2524186455584871,2.311688311688312,0.0617906683480454,1.1164571094393791,2003-01-28,0.57,bmo,,2025-04-25,2002-12-31,0.0175438596491228,14.17578125,4010118.875
2002-09-30,PEG,USD,788784,2002-11-04,2002-11-01 20:25:36,2002,Q3,2327000000.0,1154000000.0,1173000000.0,0.5040825097,0,0.0,0.0,0.0,646000000.0,646000000.0,1800000000.0,0.0,0.0,194000000.0,721000000.0,0.309840997,527000000.0,0.2264718522,-196000000.0,331000000.0,0.1422432316,124000000.0,204000000.0,0.0876665234,0.5,0.5,413564000,413564000,https://www.sec.gov/Archives/edgar/data/788784/000089109202001247/0000891092-02-001247-index.htm,https://www.sec.gov/Archives/edgar/data/788784/000089109202001247/e13916_10q.txt,5.626698648818563,0.4932731088779488,0.7785977502877427,-0.2393825381319457,0.3554467990444042,8.878915959803077,7.756961437649312,8.878915959803077,31.533208886653576,6306851000.0,19200851000.0,7.728984068627451,2.710292651482596,19.58649378881988,-63.70556565656565,1.7175520152505448,1.7175520152505448,8.251332617103566,26.6308613037448,59.62997204968944,-193.9479898989899,0.0323457776313409,-0.0156972156152095,3.551470588235294,0.5024659012098328,17.883495145631066,0.6969758888434818,0.0,0.0,0.0175999084170531,0.5441176470588235,0.0,0.0,0.0178777837712876,1.3074534161490683,0.1809196390201976,0.0,0.0,9.926929826313737,0.0140489372150086,0.0080031384856806,-50.567143174937854,-1483000000.0,3208000000.0,-18871000000.0,9576000000.0,1093000000.0,633500000.0,612000000.0,45.67683712935109,57.0103986135182,52.487001733102254,1.970364098221846,1.5786593707250345,1.714710252600297,0.0555555555555555,1.0179802884196885,2002-10-29,0.54,bmo,,2025-04-25,2002-09-30,-0.0740740740740741,17.12421875,2486703.1875
2002-06-30,PEG,USD,788784,2002-07-29,2002-07-29 17:18:22,2002,Q2,1782000000.0,787000000.0,995000000.0,0.5583613917,0,0.0,0.0,0.0,1124000000.0,1124000000.0,1573000000.0,0.0,0.0,177000000.0,19000000.0,0.0106621773,-158000000.0,-0.088664422,-189000000.0,-348000000.0,-0.1952861953,-121000000.0,-264000000.0,-0.1481481481,-0.64,-0.64,412492000,413854000,https://www.sec.gov/Archives/edgar/data/788784/000078878402000074/0000788784-02-000074-index.htm,https://www.sec.gov/Archives/edgar/data/788784/000078878402000074/pseg-enterprise_10q2qtr.txt,4.3200837834430725,-0.6400124123619367,0.4557664148638034,-0.7515297266371227,0.5963752024281683,8.960173773067114,7.825606314789136,8.960173773067114,32.52184284786129,8790204520.0,21959204520.0,-8.32405731060606,4.932774702581369,46.756407021276594,-28.355498451612902,2.3783020887445887,2.3783020887445887,12.322785925925926,1155.7476063157894,116.80427936170211,-70.83614361290323,-0.0300334308945066,-0.0352665287018828,3.629599567099567,0.5292748362660775,693.1052631578947,0.6408422725466826,0.0,-0.7121212121212122,0.0127414555310028,-0.4242424242424242,0.0,0.0,0.018464451984534,2.648936170212766,0.2794612794612794,0.0,0.0,,-0.0044070477375696,-0.0106117855133049,-49.39429128322489,-1808000000.0,3228000000.0,-18424000000.0,8949000000.0,1194500000.0,541000000.0,491500000.0,50.75757575757576,61.29606099110546,63.01143583227447,1.773134328358209,1.4682835820895523,1.428312159709619,-0.0714285714285714,1.207296141500926,2002-07-17,0.32,bmo,,2025-04-25,2002-06-30,-0.1249999999999999,22.47578125,1070250.0
2002-03-31,PEG,USD,788784,2002-07-29,2002-07-29 17:25:48,2002,Q1,2515000000.0,1235000000.0,1280000000.0,0.5089463221,0,0.0,0.0,0.0,632000000.0,632000000.0,1372000000.0,0.0,0.0,131000000.0,642000000.0,0.2552683897,511000000.0,0.2031809145,-216000000.0,294000000.0,0.1168986083,114000000.0,180000000.0,0.0715705765,0.14,0.14,412680000,412680000,https://www.sec.gov/Archives/edgar/data/788784/000078878402000076/0000788784-02-000076-index.htm,https://www.sec.gov/Archives/edgar/data/788784/000078878402000076/pseg-enterprise_10qa1q02.txt,6.094310361539208,0.4361733061936609,0.8432683919744112,-0.1041969564795967,0.4240573810216148,10.075603373073568,8.570805466705437,10.075603373073568,31.661335659590968,9359582400.0,22250582400.0,12.99942,3.7215039363817097,26.89535172413793,-217.66470697674416,2.250981818181818,2.250981818181818,8.847150059642146,34.658228037383175,63.93845517241379,-517.4554046511628,0.019231627257216,-0.0045942220670016,3.1423761423761425,0.5182041722852384,20.07943925233645,0.6662251655629139,0.0,5.8,0.0118595034752832,0.6166666666666667,0.0,0.0,0.0246291742682636,1.1235632183908046,0.1554671968190855,0.0,0.0,9.94389047558418,0.013272405517442,0.0073191558573577,-47.55985267034991,-1512000000.0,3537000000.0,-18038000000.0,9322000000.0,1333500000.0,708500000.0,556500000.0,49.52683896620278,39.78947368421053,31.48178137651822,1.8171965317919072,2.261904761904762,2.8587962962962963,0.0432900432900432,0.947465348454008,2002-04-16,0.55,bmo,,2025-04-25,2002-03-31,-0.0727272727272727,21.3735,1200850.0
2001-12-31,PEG,USD,788784,2002-03-04,2002-03-04 00:00:00,2001,Q4,2424000000.0,2885000000.0,-461000000.0,-0.1901815182,0,0.0,0.0,0.0,-938000000.0,-938000000.0,1947000000.0,0.0,0.0,177000000.0,654000000.0,0.2698019802,477000000.0,0.1967821782,-196000000.0,281000000.0,0.1159240924,87000000.0,194000000.0,0.0800330033,0.47,0.47,412680000,412680000,https://www.sec.gov/Archives/edgar/data/788784/000095013602000584/0000950136-02-000584-index.htm,https://www.sec.gov/Archives/edgar/data/788784/000095013602000584/file001.txt,5.873800523407968,0.4700978966753901,1.2067461471357952,0.1381215469613259,0.404671900746341,10.024716487350974,8.493263545604343,10.024716487350974,30.80837452747892,8707548000.0,21254548000.0,11.221067010309278,3.5922227722772275,17.485036144578316,152.764,2.104797679477883,2.104797679477883,8.768377887788779,32.49930886850153,42.679815261044176,372.88680701754384,0.0222795211694497,0.0065460448796836,3.0732414793328497,0.5054062649069805,19.18501529051988,0.7234931808183018,0.0,2.5670103092783507,0.0128624039741153,0.5773195876288659,0.0,0.0,0.0251232310383208,0.8855421686746988,0.1819306930693069,0.0,0.0,10.297254879242962,0.0142357984687955,0.0079106181699559,-47.37145003392459,-1257000000.0,3505000000.0,-17730000000.0,9286000000.0,1270500000.0,824500000.0,692500000.0,47.63613861386139,27.17157712305026,21.244367417677644,1.8893219017926737,3.312284730195178,4.236417033773862,0.0468938844573362,1.0686246001744693,2002-01-22,0.46,bmo,,2025-04-25,2001-12-31,0.0217391304347825,20.58140625,1051528.125
2001-09-30,PEG,USD,788784,2001-11-02,2001-11-02 00:00:00,2001,Q3,2401000000.0,578000000.0,1823000000.0,0.7592669721,0,0.0,0.0,0.0,625000000.0,625000000.0,1189000000.0,0.0,0.0,170000000.0,597000000.0,0.2486463973,427000000.0,0.1778425656,-203000000.0,224000000.0,0.0932944606,52000000.0,172000000.0,0.071636818,0.41,0.41,416992000,416992000,https://www.sec.gov/Archives/edgar/data/788784/000078878401500090/0000788784-01-500090-index.htm,https://www.sec.gov/Archives/edgar/data/788784/000078878401500090/enterprise_3q10q.txt,5.757904228378482,0.4124779372266134,0.6474944363441025,-1.0048154401043663,0.9040940833397284,9.868294835392524,9.868294835392524,9.868294835392524,29.59769012355153,8940308480.0,20905308480.0,12.994634418604653,3.723577042898792,33.112253629629635,-21.33725174224344,2.172614454434994,2.172614454434994,8.706917317784256,35.017267135678395,77.42706844444444,-49.89333766109785,0.0192387097587039,-0.0468663917959126,2.9992709599027947,0.4962805098717278,20.041876046901173,0.8107921928817451,0.0,1.569767441860465,0.0125275319359002,0.6511627906976745,0.0,0.0,0.0,2.551851851851852,0.2869637650978759,0.0,0.0,9.57001633734509,0.014435565535156,0.0069162411033817,-45.75987069296293,-824000000.0,4115000000.0,-17223000000.0,8795000000.0,1336500000.0,873500000.0,645500000.0,47.15535193669304,121.14186851211072,109.61937716262976,1.9085850556438797,0.7429305912596401,0.8210227272727273,0.0417982989064398,1.652309876448469,2001-10-23,0.46,bmo,,2025-04-25,2001-09-30,-0.1086956521739131,23.151864406779666,1093311.8644067796
2001-06-30,PEG,USD,788784,2001-08-09,2001-08-09 00:00:00,2001,Q2,2171000000.0,1048000000.0,1123000000.0,0.517273146,0,0.0,0.0,0.0,721000000.0,721000000.0,1769000000.0,0.0,0.0,144000000.0,546000000.0,0.251497006,402000000.0,0.1851681253,-178000000.0,224000000.0,0.1031782589,81000000.0,143000000.0,0.0658682635,0.17,0.17,834804000,834804000,https://www.sec.gov/Archives/edgar/data/788784/000078878401500046/0000788784-01-500046-index.htm,https://www.sec.gov/Archives/edgar/data/788784/000078878401500046/pseg-enterprise_2qfinal.txt,2.6006104426907397,0.1712976938299289,0.2898884049429566,-0.4683734145979176,0.5091015376064322,4.913728252380199,4.913728252380199,4.913728252380199,13.651108523677411,20410957800.0,31381957800.0,35.68349265734266,9.40163878397052,84.34280082644628,-52.20193810741688,4.975855143832277,4.975855143832277,14.455070382312298,57.47611318681319,129.67751157024793,-80.26076163682865,0.0070060406474408,-0.0191563768751704,2.7781569965870307,0.4814126394052044,20.093406593406595,0.8284147296944372,0.0,1.6923076923076923,0.0055362419102155,0.7902097902097902,0.0,0.0,0.0,2.615702479338843,0.2915707047443574,0.0,0.0,4.351836640907278,0.0118493826101869,0.0060408921933085,-21.31069089271254,-657000000.0,4102000000.0,-16398000000.0,8196000000.0,1447500000.0,882500000.0,505500000.0,58.6596038691847,83.21564885496184,50.41030534351145,1.5342756183745585,1.0815273477812175,1.7853492333901193,0.0348610433934666,0.7582618195408742,2001-07-24,0.36,bmo,,2025-04-25,2001-06-30,-0.0555555555555554,23.72920634920635,1545441.2698412698
2001-03-31,PEG,USD,788784,2001-05-15,2001-05-15 00:00:00,2001,Q1,2814000000.0,1543000000.0,1271000000.0,0.4516702203,0,0.0,0.0,0.0,694000000.0,694000000.0,2237000000.0,0.0,0.0,135000000.0,717000000.0,0.2547974414,582000000.0,0.2068230277,-175000000.0,407000000.0,0.144633973,153000000.0,261000000.0,0.092750533,0.31,0.31,831885272,831885272,https://www.sec.gov/Archives/edgar/data/788784/000078878401500017/0000788784-01-500017-index.htm,https://www.sec.gov/Archives/edgar/data/788784/000078878401500017/pseg-enterprise_1q.txt,3.3826779902409427,0.3137451867281045,0.5265149110609569,0.0985712847191745,0.2199822573610847,4.95621227923362,4.95621227923362,4.95621227923362,11.419843961367787,17952084169.76,27269084169.76,17.195482921226052,6.379560827917555,40.98649353826484,218.9278557287805,4.354131498850351,4.354131498850351,9.690506101549396,38.03219549478382,62.25818303598173,332.54980694829266,0.0145387018873079,0.0045677147691925,2.304147465437788,0.4379090992901263,12.99442119944212,0.826175177544809,0.0,1.6781609195402298,0.0062388299286531,0.4291187739463601,0.0,0.0,0.0,0.8127853881278538,0.1265103056147832,0.0,0.0,5.914999941485732,0.0182125938531694,0.0120309763068129,-19.312759271929988,-514000000.0,4123000000.0,-15128000000.0,7554000000.0,1501000000.0,898500000.0,505000000.0,47.33475479744136,46.42903434867142,24.73104342190538,1.9013513513513511,1.9384422110552764,3.6391509433962255,0.0633034198399223,0.4279436263417824,2001-04-17,0.6,bmo,,2025-04-25,2001-03-31,0.05,21.09967741935484,1645332.258064516
2000-12-31,PEG,USD,788784,2001-03-06,2001-03-06 00:00:00,2000,Q4,1878000000.0,711000000.0,1167000000.0,0.6214057508,0,0.0,0.0,0.0,666000000.0,666000000.0,1377000000.0,0.0,0.0,179000000.0,680000000.0,0.3620873269,501000000.0,0.2667731629,-165000000.0,336000000.0,0.178913738,126000000.0,210000000.0,0.1118210863,0.5,0.5,414472570,416780000,https://www.sec.gov/Archives/edgar/data/788784/000095011001000215/0000950110-01-000215-index.htm,https://www.sec.gov/Archives/edgar/data/81033/000095011001000215/0000950110-01-000215-0001.txt,4.531059799687106,0.5066680287190054,0.4994299140230196,-0.4294614719618236,0.2460958996635169,9.641168775053076,9.641168775053076,9.641168775053076,21.350025648259425,10075828176.7,18822828176.7,11.995033543690475,5.365190722417465,48.67549843816425,-56.6057762735955,2.5214785226976977,2.5214785226976977,10.022805205910542,27.68062967161764,90.93153708550724,-105.74622571179772,0.0208419592233239,-0.0176660416273888,2.2144644644644647,0.4110842701848927,12.863235294117649,0.5495448179271709,0.0,0.9857142857142858,0.0115127012852646,0.5523809523809524,0.0,0.0,0.0,1.859903381642512,0.2050053248136315,0.0,0.0,10.483778875032408,0.0161688009914282,0.0097556443370807,-38.58759579674959,-2573000000.0,3996000000.0,-14391000000.0,5129000000.0,1273500000.0,807000000.0,509000000.0,72.93929712460063,126.70886075949367,74.17721518987342,1.2339027595269385,0.7102897102897103,1.213310580204778,0.0525525525525525,0.9288913859848432,2001-01-23,0.42,bmo,,2025-04-25,2000-12-31,0.1666666666666666,21.492698412698413,1461212.6984126985
2000-09-30,PEG,USD,788784,2000-11-13,2000-11-13 00:00:00,2000,Q3,1525000000.0,507000000.0,1018000000.0,0.6675409836,0,0.0,0.0,0.0,1332000000.0,1332000000.0,1815000000.0,0.0,0.0,92000000.0,484000000.0,0.3173770492,392000000.0,0.2570491803,-166000000.0,226000000.0,0.1481967213,84000000.0,142000000.0,0.0931147541,0.33,0.33,429246000,429246000,https://www.sec.gov/Archives/edgar/data/788784/000078878400000050/0000788784-00-000050-index.htm,https://www.sec.gov/Archives/edgar/data/81033/000078878400000050/0000788784-00-000050-0001.txt,3.552741318498017,0.3308126342470285,0.5428122801377299,0.0209669979452342,0.2679116404113259,9.649478387684452,9.649478387684452,9.649478387684452,18.98445180619039,9589355640.0,17623355640.0,16.88266838028169,6.288102059016394,41.15603278969957,1065.48396,2.3151510478029937,2.3151510478029937,11.556298780327868,36.41189181818182,75.63671948497854,1958.1506266666668,0.0148080856869753,0.0009385406421322,1.967407049734428,0.4134869088694946,16.59917355371901,0.4078212290502793,0.0,1.6408450704225352,0.0118881814670083,0.8028169014084507,0.0,0.0,0.0,0.96137339055794,0.1468852459016393,0.0,0.0,8.474892961102364,0.013188096217378,0.0072051958595494,-33.70153711391603,-2650000000.0,4142000000.0,-13741000000.0,4666000000.0,1159500000.0,845000000.0,437500000.0,60.49180327868853,108.81656804733728,76.68639053254438,1.4878048780487805,0.8270799347471451,1.1736111111111112,0.0342829550941574,0.5218452821924957,2000-10-17,0.53,bmo,,2025-04-25,2000-09-30,-0.3773584905660377,18.57888888888889,1354425.396825397
2000-06-30,PEG,USD,788784,2000-08-09,2000-08-09 00:00:00,2000,Q2,1521000000.0,517000000.0,1004000000.0,0.6600920447,0,0.0,0.0,0.0,602000000.0,602000000.0,1766000000.0,0.0,0.0,105000000.0,498000000.0,0.3274161736,393000000.0,0.258382643,-154000000.0,239000000.0,0.1571334648,97000000.0,142000000.0,0.0933596318,0.33,0.33,430788000,430788000,https://www.sec.gov/Archives/edgar/data/788784/000078878400000021/0000788784-00-000021-index.htm,https://www.sec.gov/Archives/edgar/data/81033/000078878400000021/0000788784-00-000021-0001.txt,3.530739017799939,0.3296284947584427,-0.1648142473792213,-0.6314010603823691,0.3087365479075554,9.57083298513422,9.57083298513422,9.57083298513422,17.55387800960101,7456940279.999999,14885940280.0,13.128415985915492,4.902656331360946,-105.02732788732392,-27.415221617647056,1.8086200048508367,1.8086200048508367,9.786942984878367,29.891446345381524,-209.66113070422537,-54.727721617647056,0.019042662897657,-0.0364760866772021,1.834101382488479,0.3851874490627547,14.917670682730924,0.5016070280694236,0.0,-0.5,0.0156900814015906,0.823943661971831,0.0,0.0,0.0,-2.830985915492957,0.1321499013806706,0.0,0.0,8.42516667999337,0.0128933135256648,0.0072330888345558,-32.92570823699825,-2326000000.0,4123000000.0,-13168000000.0,4891000000.0,1308500000.0,939500000.0,373500000.0,76.5680473372781,187.4854932301741,77.11798839458415,1.1754250386398764,0.4800371402042711,1.1670428893905191,0.0344409410623332,0.4665868130031477,2000-07-18,0.41,bmo,,2025-04-25,2000-06-30,-0.1951219512195121,17.556984126984126,1225644.4444444445
2000-03-31,PEG,USD,788784,2000-05-05,2000-05-05 00:00:00,2000,Q1,1924000000.0,696000000.0,1228000000.0,0.6382536383,0,0.0,0.0,0.0,618000000.0,618000000.0,1880000000.0,0.0,0.0,116000000.0,719000000.0,0.3737006237,603000000.0,0.3134095634,-150000000.0,453000000.0,0.2354469854,183000000.0,270000000.0,0.1403326403,0.63,0.63,432874000,432874000,https://www.sec.gov/Archives/edgar/data/788784/000078878400000010/0000788784-00-000010-index.html,https://www.sec.gov/Archives/edgar/data/81033/000078878400000010/,4.444711394077722,0.6237380854474974,1.7718781908823351,1.4276671733576052,0.2795270679227674,9.649459195978508,9.649459195978508,9.649459195978508,16.346558120838857,6410863940.0,13365863940.0,5.93598512962963,3.3320498648648647,8.358362372881356,10.373566245954692,1.5348010390232223,1.5348010390232223,6.94691472972973,18.58951869262865,17.426158983050847,21.62761155339805,0.0421160084704589,0.0963988638323838,1.694038783816136,0.3730493462673977,9.673157162726008,0.513475965545985,0.0,2.840740740740741,0.0182502703371988,0.4333333333333333,0.0,0.0,0.0,0.1942633637548891,0.0774428274428274,0.0,0.0,11.637076183531931,0.0204858626031653,0.0142345002108814,-31.246390404598102,-1751000000.0,4177000000.0,-12943000000.0,5380000000.0,1270500000.0,770000000.0,372500000.0,61.8866943866944,103.70689655172414,39.310344827586206,1.45427059712774,0.8678304239401496,2.289473684210526,0.0646396935599712,0.34421101752473,2000-04-18,0.49,bmo,,2025-04-25,2000-03-31,0.2857142857142857,15.69047619047619,1302190.4761904762
1999-12-31,PEG,USD,788784,2000-02-28,2000-02-28 00:00:00,1999,Q4,1660000000.0,524000000.0,1136000000.0,0.6843373494,0,0.0,0.0,0.0,700000000.0,700000000.0,1224000000.0,0.0,0.0,150000000.0,586000000.0,0.3530120482,436000000.0,0.2626506024,-165000000.0,271000000.0,0.163253012,138000000.0,133000000.0,0.0801204819,0.31,0.31,428873351,432874000,https://www.sec.gov/Archives/edgar/data/788784/000095011000000138/0000950110-00-000138-index.html,https://www.sec.gov/Archives/edgar/data/81033/000095011000000138/,3.870606546500018,0.3101148618581339,0.6458783213135572,-0.0582922672665665,0.6039078888816293,9.317435999887994,9.317435999887994,9.317435999887994,17.76748306284948,7466685040.91,14827685040.91,14.035122257349624,4.498003036692771,26.95554166393502,-298.6674016364,1.8685398000275275,1.8685398000275275,8.932340386090361,25.303216793361777,53.52954888415162,-593.1074016364,0.0178124561664637,-0.0033482060463277,1.906906906906907,0.4007362608467,12.561433447098976,0.4891070146037826,0.0,2.082706766917293,0.0156696042968139,0.8796992481203008,0.0,0.0,0.0,1.0902527075812274,0.1819277108433735,0.0,0.0,8.063076088223934,0.0119654341988814,0.0069944780436497,-31.771617350969425,-2134000000.0,3996000000.0,-12976000000.0,4932000000.0,1170500000.0,782000000.0,463000000.0,66.03614457831326,126.7557251908397,75.7442748091603,1.3628899835796386,0.7100271002710027,1.1882086167800454,0.0332832832832832,0.7041705885801237,2000-01-19,0.3,bmo,,2025-04-25,1999-12-31,0.0333333333333333,18.23453125,994768.75
1999-09-30,PEG,USD,788784,1999-11-12,1999-11-12 00:00:00,1999,Q3,1606000000.0,466000000.0,1140000000.0,0.7098381071,0,0.0,0.0,0.0,637000000.0,637000000.0,1103000000.0,0.0,0.0,148000000.0,651000000.0,0.4053549191,503000000.0,0.3132004981,-123000000.0,380000000.0,0.2366127024,159000000.0,207000000.0,0.1288916563,0.48,0.48,438450000,438450000,https://www.sec.gov/Archives/edgar/data/788784/000078878499000037/0000788784-99-000037-index.html,https://www.sec.gov/Archives/edgar/data/81033/000078878499000037/,3.6629034097388526,0.4721176873075607,0.8028281446002965,0.5565058729615692,0.1915839890523434,12.012772265936825,12.012772265936825,12.012772265936825,16.120424221690044,8466469499.999999,15450469500.0,10.225204710144927,5.271774283935242,24.052470170454544,34.69864549180328,1.6074557622935255,1.6074557622935255,9.620466687422168,23.7334400921659,43.893379261363634,63.32159631147541,0.0244493882603604,0.0288195687706664,1.3419403835200303,0.3802044109736417,10.728110599078342,0.5401662049861495,0.0,1.592760180995475,0.0140554454250381,0.5748792270531401,0.0,0.0,0.0,0.3068181818181818,0.0672478206724782,0.0,0.0,11.29634679256069,0.0168734043102218,0.0111350188273265,-27.720948796898163,-1660000000.0,5267000000.0,-11373000000.0,5293000000.0,1139500000.0,807500000.0,444000000.0,62.93275217932752,159.52789699570815,93.6695278969957,1.4300979519145147,0.5641646489104116,0.9608247422680412,0.0393013100436681,0.2463222716387273,1999-10-18,0.42,bmo,,2025-04-25,1999-09-30,0.2142857142857143,20.15515625,912290.625
1999-06-30,PEG,USD,788784,1999-08-16,1999-08-16 00:00:00,1999,Q2,1436000000.0,415000000.0,1021000000.0,0.7110027855,0,0.0,0.0,0.0,584000000.0,584000000.0,999000000.0,0.0,0.0,145000000.0,601000000.0,0.4185236769,437000000.0,0.3043175487,-135000000.0,302000000.0,0.2103064067,121000000.0,-609000000.0,-0.4240947075,-1.39,-1.39,439142000,439142000,https://www.sec.gov/Archives/edgar/data/788784/000078878499000024/0000788784-99-000024-index.html,https://www.sec.gov/Archives/edgar/data/81033/000078878499000024/,3.270012888769464,-1.386795159652231,-0.0227716774983945,-0.2345482782334643,0.1753419167376383,11.88681565416198,11.88681565416198,11.88681565416198,16.00621211362156,8962888220.0,15914888220.0,-3.6793465599343183,6.24156561281337,-896.288822,-87.01833223300972,1.7170283946360152,1.7170283946360152,11.082791239554318,26.480679234608985,-1591.488822,-154.51347786407766,-0.0679468476066747,-0.0114918313686165,1.346551724137931,0.3806248984675366,11.56738768718802,0.5926362297496318,0.0,-0.0552486187845303,0.0131653990436578,-0.1937602627257799,0.0,0.0,0.0,-9.3,0.0647632311977715,0.0,0.0,,0.0152176280301255,-0.0329777440840418,-27.55714552468222,-1383000000.0,5220000000.0,-11235000000.0,5456000000.0,1086000000.0,646500000.0,391500000.0,72.45125348189414,171.10843373493975,87.39759036144578,1.2422145328719725,0.5259822560202788,1.029776674937965,-0.1166666666666666,0.2117766007350697,1999-07-20,0.27,bmo,,2025-04-25,1999-06-30,0.5555555555555554,20.20555555555556,933590.4761904762
1999-03-31,PEG,USD,788784,1999-05-07,1999-05-07 00:00:00,1999,Q1,1795000000.0,674000000.0,1121000000.0,0.6245125348,0,0.0,0.0,0.0,660000000.0,660000000.0,1334000000.0,0.0,0.0,185000000.0,646000000.0,0.3598885794,461000000.0,0.2568245125,-130000000.0,331000000.0,0.1844011142,143000000.0,188000000.0,0.104735376,0.43,0.43,445406000,445406000,https://www.sec.gov/Archives/edgar/data/788784/000078878499000011/0000788784-99-000011-index.html,https://www.sec.gov/Archives/edgar/data/81033/,4.030031027871201,0.4220868151753681,1.3762724345877693,1.1989061665087584,0.1549148417398957,13.502287800343955,13.502287800343955,13.502287800343955,13.601074076236063,8502800540.0,14491800540.0,11.306915611702127,4.736936233983287,13.870800228384992,15.92284745318352,1.4138344762221484,1.4138344762221484,8.073426484679667,22.433127770897837,23.640783915171287,27.13820325842697,0.0221103622407212,0.0628028374284315,1.0073162620552043,0.3432294617563739,9.270897832817337,0.6782417582417583,0.0,3.2606382978723403,0.0141129971749284,0.6382978723404256,0.0,0.0,0.0,0.1288743882544861,0.0440111420612813,0.0,0.0,11.323894967838546,0.0158968403865,0.0106515580736543,-23.832189058970915,-732000000.0,6014000000.0,-10093000000.0,10020000000.0,972000000.0,594000000.0,439000000.0,50.94150417827298,67.29970326409496,50.74183976261128,1.766732283464567,1.3373015873015872,1.7736842105263158,0.031260392417692,0.177366268079011,1999-04-20,0.42,bmo,,2025-04-25,1999-03-31,0.0238095238095238,19.36655737704918,1146350.8196721312
1998-12-31,PEG,USD,788784,1999-02-23,1999-02-23 00:00:00,1998,Q4,1526000000.0,498000000.0,1028000000.0,0.6736566186,0,0.0,0.0,0.0,658000000.0,658000000.0,1156000000.0,0.0,0.0,200000000.0,570000000.0,0.373525557,370000000.0,0.2424639581,-155000000.0,215000000.0,0.1408912189,64000000.0,151000000.0,0.0989515072,0.34,0.34,445406000,445406000,https://www.sec.gov/Archives/edgar/data/788784/000095011099000213/0000950110-99-000213-index.html,https://www.sec.gov/Archives/edgar/data/81033/,3.4260876593489984,0.3390165377206414,1.079913606911447,0.6847685033430174,0.312074826113703,11.445737147680992,11.445737147680992,11.445737147680992,14.115211739401804,8908120000.0,15056120000.0,14.748543046357616,5.837562254259502,18.520000000000003,29.20695081967213,1.7473754413495488,1.7473754413495488,9.866395806028834,26.41424561403509,31.30170478170478,49.364327868852456,0.016950826886032,0.0342384251671508,1.233228717143978,0.3494525040297926,10.785964912280702,0.676027676027676,0.0,3.185430463576159,0.0138076271985559,0.8145695364238411,0.0,0.0,0.0,0.3659043659043659,0.1153342070773263,0.0,0.0,9.34380110222896,0.0152787197269684,0.0083930854316046,-26.512889363861287,-796000000.0,5098000000.0,-11232000000.0,10139000000.0,987500000.0,704500000.0,484000000.0,54.73132372214941,123.61445783132532,90.0,1.644396551724138,0.7280701754385965,1.0,0.02961945861122,0.3951451035684297,1999-01-19,0.33,bmo,,2025-04-25,1998-12-31,0.0,19.70078125,1184315.625
1998-09-30,PEG,USD,788784,1998-11-10,1998-11-10 00:00:00,1998,Q3,1425000000.0,403000000.0,1022000000.0,0.7171929825,0,0.0,0.0,0.0,574000000.0,574000000.0,989000000.0,0.0,0.0,188000000.0,675000000.0,0.4736842105,450000000.0,0.3157894737,-128000000.0,314000000.0,0.2203508772,134000000.0,180000000.0,0.1263157895,0.39,0.39,463454000,463454000,https://www.sec.gov/Archives/edgar/data/788784/000078878498000025/0000788784-98-000025-index.html,https://www.sec.gov/Archives/edgar/data/81033/,3.074738809029591,0.3883880600879483,0.9450776128806744,0.5825820901319225,0.1683014927047776,13.815826381906296,13.815826381906296,13.815826381906296,13.360549267025425,9111505640.0,15225505640.0,12.654868944444445,6.394039045614036,20.802524292237443,33.746317185185184,1.4230057223176635,1.4230057223176635,10.684565361403507,22.556304651851853,34.761428401826485,56.39076162962963,0.0197552421204449,0.0296328631806674,0.9670466968608464,0.3448237456145235,9.057777777777778,0.6905380333951763,0.0,2.433333333333333,0.0137189181391979,0.6944444444444444,0.0,0.0,0.0,0.3835616438356164,0.1178947368421052,0.0,0.0,10.987847612570029,0.0152757614401308,0.0100239460934454,-22.5604914403587,-834000000.0,6403000000.0,-9693000000.0,10039000000.0,968000000.0,658500000.0,431500000.0,66.12631578947368,161.9106699751861,104.96277915632754,1.3610315186246418,0.5558620689655173,0.8574468085106383,0.0281118225831641,0.3624955227487517,1998-10-19,0.4,bmo,,2025-04-25,1998-09-30,-0.025,17.57296875,1629315.65625
1998-06-30,PEG,USD,788784,1998-08-14,1998-08-14 00:00:00,1998,Q2,1557000000.0,616000000.0,941000000.0,0.6043673732,0,0.0,0.0,0.0,598000000.0,598000000.0,1021000000.0,0.0,0.0,210000000.0,551000000.0,0.3538856776,341000000.0,0.2190109184,-130000000.0,212000000.0,0.1361592807,90000000.0,122000000.0,0.0783558125,0.27,0.27,463916000,463916000,https://www.sec.gov/Archives/edgar/data/788784/000078878498000016/0000788784-98-000016-index.html,https://www.sec.gov/Archives/edgar/data/81033/,3.3562110382051924,0.2629786426853137,-0.0970003190232714,-0.3341122099690461,0.2478897041705826,13.599444727062656,13.599444727062656,13.599444727062656,13.75033411220997,7988633519.999999,14252633520.0,16.370150655737703,5.130785818882465,-177.52518933333332,-51.53957109677419,1.266228169281978,1.266228169281978,9.153907206165703,25.866848493647915,-316.72518933333333,-91.95247432258064,0.0152716981814932,-0.0194025673617332,1.0110952607386274,0.3550397951800523,11.36842105263158,0.6724462872220128,0.0,-0.3688524590163934,0.0157724095972799,1.0327868852459017,0.0,0.0,0.0,-2.4444444444444446,0.0706486833654463,0.0,0.0,8.97040573780974,0.0115236272861943,0.0067902265264095,-23.02087015752852,-869000000.0,6309000000.0,-9874000000.0,10028000000.0,941500000.0,602500000.0,354500000.0,51.38728323699422,86.4935064935065,57.418831168831176,1.7514060742407198,1.0405405405405406,1.5674300254452926,0.0193374544301791,0.2371118909457746,1998-07-21,0.23,bmo,,2025-04-25,1998-06-30,0.1739130434782609,17.12936507936508,1515047.6825396826
1998-03-31,PEG,USD,788784,1998-05-13,1998-05-13 00:00:00,1998,Q1,1901000000.0,877000000.0,1024000000.0,0.5386638611,0,0.0,0.0,0.0,575000000.0,575000000.0,1210000000.0,0.0,0.0,157000000.0,606000000.0,0.3187795897,449000000.0,0.2361914782,-126000000.0,323000000.0,0.1699105734,132000000.0,191000000.0,0.100473435,0.41,0.41,463916000,463916000,https://www.sec.gov/Archives/edgar/data/788784/000078878498000010/0000788784-98-000010-index.html,https://www.sec.gov/Archives/edgar/data/81033/,4.097724588071978,0.4117124651876633,1.2631597099474905,1.088559135705602,0.1659783236620422,13.297665956768036,13.297665956768036,13.297665956768036,13.172643323360264,8758734080.0,14792734080.0,11.464311623036648,4.607435076275644,14.94664518771331,17.34402788118812,1.4197980353379802,1.4197980353379802,7.78155396107312,24.410452277227723,25.24357351535836,29.29254273267327,0.021806804300194,0.0576567338827119,0.9905981520505754,0.3440103580274712,9.957095709570956,0.606973058637084,0.0,3.068062827225131,0.0142714687828494,0.6544502617801047,0.0,0.0,0.0,0.1382252559726962,0.0426091530773277,0.0,0.0,11.09879875152344,0.0160253343757895,0.0107520828642197,-22.880219694944778,-992000000.0,6169000000.0,-10063000000.0,9975000000.0,1018000000.0,649500000.0,384000000.0,47.0594423987375,62.907639680729766,32.42873432155074,1.912474849094567,1.4306688417618272,2.7753164556962027,0.0309612579024153,0.1746005742418886,1998-04-21,0.42,bmo,,2025-04-25,1998-03-31,-0.0238095238095238,16.298688524590165,1312022.950819672
1997-12-31,PEG,USD,788784,1998-02-23,1998-02-23 00:00:00,1997,Q4,1747000000.0,672000000.0,1075000000.0,0.6153405839,0,0.0,0.0,0.0,705000000.0,705000000.0,1377000000.0,0.0,0.0,181000000.0,551000000.0,0.3153978248,370000000.0,0.2117916428,-133000000.0,237000000.0,0.1356611334,84000000.0,153000000.0,0.0875787064,0.33,0.33,463916000,463916000,https://www.sec.gov/Archives/edgar/data/788784/000078878498000006/0000788784-98-000006-index.html,https://www.sec.gov/Archives/edgar/data/81033/,3.765767940747894,0.3298010846791229,0.6833133584528234,0.3405788979039308,0.1789116995318118,12.704886229403598,12.704886229403598,12.704886229403598,14.47029203562714,7380903560.0,14010903560.0,12.060299934640524,4.224901866056096,23.283607444794956,46.71457949367089,1.2522741024770954,1.2522741024770954,8.019979141385232,25.428137132486388,44.19843394321767,88.67660481012658,0.0207291693701522,0.0214065932057781,1.1389548693586695,0.3741291868695313,12.032667876588022,0.588256101874779,0.0,2.071895424836601,0.0169355958906472,0.8169934640522876,0.0,0.0,0.0,0.501577287066246,0.0910131654264453,0.0,0.0,9.709630185109964,0.0141304282710406,0.0085270021735495,-23.62173324481156,-1164000000.0,5894000000.0,-10386000000.0,9886000000.0,911000000.0,675500000.0,462000000.0,53.68059530623926,91.875,60.535714285714285,1.6765834932821495,0.979591836734694,1.4867256637168142,0.0259586019681031,0.3427344605488924,1998-01-20,0.3,bmo,,2025-04-25,1997-12-31,0.1,13.89109375,933765.625
1997-09-30,PEG,USD,788784,1997-11-14,1997-11-14 00:00:00,1997,Q3,1568000000.0,516000000.0,1052000000.0,0.6709183673,0,0.0,0.0,0.0,658000000.0,658000000.0,1054000000.0,0.0,0.0,170000000.0,564000000.0,0.3596938776,394000000.0,0.2512755102,-125000000.0,269000000.0,0.1715561224,93000000.0,176000000.0,0.112244898,0.38,0.38,463916000,463916000,https://www.sec.gov/Archives/edgar/data/788784/000078878497000022/0000788784-97-000022-index.html,https://www.sec.gov/Archives/edgar/data/81033/,3.3799222272997698,0.3793790255132395,1.0325145069366006,0.700557859612516,0.1896895127566197,12.67901947766406,12.67901947766406,12.67901947766406,13.377421774631614,5975238080.0,12093238080.0,8.487554090909091,3.8107385714285713,12.474401002087683,18.38534793846154,1.0158514246854813,1.0158514246854813,7.712524285714285,21.4419114893617,25.2468435908142,37.20996332307692,0.0294548932851894,0.0543911381686736,1.0550833049983,0.3586039523864555,10.847517730496454,0.6358912869704236,0.0,2.721590909090909,0.0209196685264129,0.7102272727272727,0.0,0.0,0.0,0.3215031315240083,0.0982142857142857,0.0,0.0,10.4032911240982,0.0157811072309213,0.010169883277476,-22.665741211771092,-911000000.0,5882000000.0,-9833000000.0,10135000000.0,793000000.0,629000000.0,422000000.0,44.7704081632653,115.98837209302326,82.32558139534885,2.01025641025641,0.7759398496240602,1.0932203389830508,0.0299217953077184,0.3319566473240845,1997-10-21,0.4,bmo,,2025-04-25,1997-09-30,-0.05,12.53359375,960371.875
1997-06-30,PEG,USD,788784,1997-08-14,1997-08-14 00:00:00,1997,Q2,1323000000.0,422000000.0,901000000.0,0.6810279667,0,0.0,0.0,0.0,632000000.0,632000000.0,1055000000.0,0.0,0.0,172000000.0,440000000.0,0.3325774754,268000000.0,0.2025699169,-129000000.0,142000000.0,0.1073318216,50000000.0,92000000.0,0.0695389267,0.2,0.2,463916000,463916000,https://www.sec.gov/Archives/edgar/data/788784/000078878497000015/0000788784-97-000015-index.html,https://www.sec.gov/Archives/edgar/data/81033/,2.8518093792841808,0.198311763336466,-0.4742237818915493,-0.737202424576863,0.1164003828279257,12.56908578277102,12.56908578277102,12.56908578277102,13.556333474163424,5798950000.0,12033950000.0,15.758016304347828,4.383182161753591,-26.35886363636364,-16.955994152046785,0.994503515691991,0.994503515691991,9.095956160241874,27.349886363636365,-54.69977272727273,-35.18698830409357,0.0158649410669172,-0.058976193966149,1.078545703995884,0.3646219851576994,14.170454545454543,0.669034684496448,0.0,-2.417582417582417,0.0217280714612128,1.3695652173913044,0.0,0.0,0.0,-0.5545454545454546,0.092214663643235,0.0,0.0,7.488888116065302,0.0106016487249298,0.0053339517625231,-22.789686063856387,-792000000.0,5831000000.0,-9816000000.0,10308000000.0,869500000.0,577500000.0,327500000.0,54.82993197278912,126.4691943127962,79.33649289099526,1.6414392059553349,0.7116357504215851,1.1344086021505375,0.0157777396672954,0.2629786426853137,1997-07-15,0.25,bmo,,2025-04-25,1997-06-30,-0.1999999999999999,12.30875,1054262.5
1997-03-31,PEG,USD,788784,1997-05-15,1997-05-15 00:00:00,1997,Q1,1733000000.0,670000000.0,1063000000.0,0.6133871898,0,0.0,0.0,0.0,703000000.0,703000000.0,1373000000.0,0.0,0.0,167000000.0,526000000.0,0.3035199077,359000000.0,0.2071552222,-116000000.0,243000000.0,0.1402192729,103000000.0,140000000.0,0.0807847663,0.3,0.3,464144000,464144000,https://www.sec.gov/Archives/edgar/data/788784/000078878497000013/0000788784-97-000013-index.html,https://www.sec.gov/Archives/edgar/data/81033/,3.7337550415388328,0.3016305284566858,1.1181874590644283,0.8876555551725327,0.7562308249164053,11.164638560446758,11.164638560446758,11.164638560446758,12.319452583680926,6094210720.0,11461210720.0,10.882519142857143,3.5165670628967107,11.74221718689788,14.79177359223301,1.1760344886144347,1.1760344886144347,6.613508782458165,21.78937399239544,22.083257649325628,27.818472621359223,0.0229726221216059,0.067605145100726,1.1034349671941337,0.3378633892696762,10.20342205323194,0.7163781624500666,0.0,3.7071428571428577,0.0205112697514338,0.8928571428571429,0.0,0.0,0.0,0.2061657032755298,0.0617426428159261,0.0,0.0,8.704648537008692,0.0130303834007537,0.0082722760576695,-22.7294761970423,-639000000.0,5182000000.0,-10128000000.0,10600000000.0,940500000.0,576500000.0,372000000.0,48.4535487593768,75.49253731343283,38.01492537313433,1.857449088960343,1.192170818505338,2.3674911660777385,0.0270165959089154,0.2305319038918956,1997-04-15,0.4,bmo,,2025-04-25,1997-03-31,0.0499999999999999,13.823934426229508,977354.0983606556
1996-12-31,PEG,USD,788784,1997-02-27,1997-02-27 00:00:00,1996,Q4,1574200000.0,567000000.0,1007200000.0,0.6398170499,0,0.0,0.0,0.0,689400000.0,689400000.0,1256400000.0,0.0,0.0,0.0,487800000.0,0.3098716809,317800000.0,0.2018803202,-124300000.0,193500000.0,0.1229195782,66300000.0,127200000.0,0.0808029475,0.27,0.27,464143208,464143208,https://www.sec.gov/Archives/edgar/data/788784/000078878497000011/0000788784-97-000011-index.html,https://www.sec.gov/Archives/edgar/data/81033/,3.3916256294759783,0.274053347776232,0.8344407357998008,0.4946749107659031,0.6011075788488108,11.231447342433157,11.231447342433157,11.231447342433157,12.763302140144642,6326271925.04,11971271925.04,12.433710544496856,4.018721842866218,16.334293635528017,27.55344915087108,1.213556862658738,1.213556862658738,7.604670261110406,24.5413528598606,30.909558288252004,52.139686084669,0.0201066285969355,0.0362930969013868,1.1363897947439094,0.3502216967188886,11.572365723657237,0.7676056338028169,0.0,3.044811320754717,0.0201856640867034,1.003930817610063,0.0,0.0,0.0,0.4071778982700749,0.1001778681234913,0.0,0.0,8.321980188196862,0.0131101592467461,0.0075199527046999,-22.58246984840076,-528000000.0,5213000000.0,-9958000000.0,10753000000.0,834150000.0,518300000.0,457400000.0,54.19895820099098,93.8095238095238,73.17460317460318,1.660548523206751,0.9593908629441624,1.229934924078091,0.0244005371187416,0.3397658250338977,1997-01-21,0.27,bmo,,2025-04-25,1996-12-31,0.0,13.779375,930425.0
1996-09-30,PEG,USD,788784,1996-11-14,1996-11-14 00:00:00,1996,Q3,1333900000.0,394000000.0,939900000.0,0.7046255341,0,0.0,0.0,0.0,606000000.0,606000000.0,1000000000.0,0.0,0.0,169000000.0,504000000.0,0.3778394182,335000000.0,0.2511432641,-125000000.0,209100000.0,0.1567583777,69800000.0,155800000.0,0.1168003598,0.32,0.28,486228000,486228000,https://www.sec.gov/Archives/edgar/data/788784/000078878496000038/0000788784-96-000038-index.html,https://www.sec.gov/Archives/edgar/data/81033/,2.7433631958669595,0.3204258084684551,1.1003068519295474,0.6684107044431831,0.9341296675633654,12.539796145018386,12.539796145018386,12.539796145018386,12.09782242075734,6505730640.0,11933830640.0,10.439234017971758,4.877225159307295,12.16024418691589,20.01763273846154,1.067002991537099,1.067002991537099,8.94657068745783,23.6782353968254,22.3062254953271,36.71947889230769,0.0239481172248471,0.0499559569837954,0.9647543134553566,0.3452378157573481,10.770039682539682,0.9035679374389052,0.0,3.4516129032258065,0.0201360934303913,0.8408215661103979,0.0,0.0,0.0,0.3925233644859813,0.157433090936352,0.0,0.0,9.508242327077886,0.013926038520099,0.0091440510846088,-19.990364602614413,-197300000.0,6097200000.0,-9092500000.0,10970600000.0,755400000.0,467800000.0,395600000.0,48.59959517205188,101.78680203045684,103.65989847715736,1.8518672775232543,0.8842010771992819,0.8682238871749669,0.025552712720593,0.4318961474863644,1996-10-15,0.38,bmo,,2025-04-25,1996-09-30,0.0263157894736842,13.4540625,699762.5
1996-06-30,PEG,USD,788784,1996-08-14,1996-08-14 00:00:00,1996,Q2,1336000000.0,402500000.0,933500000.0,0.6987275449,0,0.0,0.0,0.0,641000000.0,641000000.0,1044000000.0,0.0,0.0,169000000.0,462000000.0,0.3458083832,293000000.0,0.2193113772,-102000000.0,191500000.0,0.1433383234,56100000.0,134500000.0,0.1006736527,0.28,0.28,489395860,489395860,https://www.sec.gov/Archives/edgar/data/788784/000078878496000024/0000788784-96-000024-index.html,https://www.sec.gov/Archives/edgar/data/81033/,2.729896407378681,0.274828642808707,-0.2186369128664063,-0.4679238602467949,0.1117704591943217,12.649677911047306,12.649677911047306,12.649677911047306,12.01256586028333,6729193075.0,12553393075.0,12.507793819702602,5.036821163922156,-62.889654906542056,-29.385122598253275,1.0869841980713006,1.0869841980713006,9.396252301646706,27.171846482683986,-117.32143060747664,-54.81831037117904,0.019987537658815,-0.0340308261997669,0.9496341286122733,0.3469728625895629,12.606493506493509,1.008536718835504,0.0,-0.7925925925925926,0.0196160220889486,0.9814126394052044,0.0,0.0,0.0,-1.1401869158878504,0.091317365269461,0.0,0.0,8.844269940241492,0.0128384781671164,0.0079381942231193,-20.303451279706373,15600000.0,6190700000.0,-8909700000.0,11126100000.0,928750000.0,508050000.0,286700000.0,53.25224550898204,109.56521739130436,75.44347826086957,1.690069576217584,0.8214285714285714,1.1929460580912865,0.021726137593487,0.2492869473803885,1996-07-16,0.23,bmo,,2025-04-25,1996-06-30,0.2173913043478261,13.148888888888887,826939.6825396825
1996-03-31,PEG,USD,788784,1996-05-15,1996-05-15 00:00:00,1996,Q1,1865700000.0,672800000.0,1192900000.0,0.6393846814,0,0.0,0.0,0.0,717000000.0,717000000.0,1390000000.0,0.0,0.0,161000000.0,569000000.0,0.3049793643,408000000.0,0.218684676,-124000000.0,295500000.0,0.1583855925,101400000.0,194100000.0,0.1040360187,0.4,0.4,489395860,489395860,https://www.sec.gov/Archives/edgar/data/788784/000078878496000015/0000788784-96-000015-index.html,https://www.sec.gov/Archives/edgar/data/81033/,3.8122512928491057,0.3966114466109297,1.3996849094718538,1.2035246885823676,1.1166829241260847,12.652129913808425,12.652129913808425,12.652129913808425,12.828061111918682,6729193075.0,12460693075.0,8.667172945646573,3.606792664951493,9.823639525547446,11.424776018675722,1.0867735388168414,1.0867735388168414,6.678829969984457,21.899284841827768,18.190792810218976,21.15567584889644,0.0288444688444312,0.0875290682605358,1.0139052633278962,0.3547874835406412,10.07293497363796,0.8317253854767852,0.0,3.5309278350515463,0.0196160220889486,0.6800618238021638,0.0,0.0,0.0,0.1401459854014598,0.0514552178806882,0.0,0.0,10.625654795167309,0.0162538020576105,0.0109691383490344,-20.511922597792307,-390700000.0,6191900000.0,-9572100000.0,10756400000.0,1001550000.0,532350000.0,316550000.0,51.47129763627593,70.37604042806183,31.569560047562423,1.7485473289597,1.2788443261737312,2.8508474576271188,0.0313474054813546,0.196160220889486,1996-04-16,0.43,bmo,,2025-04-25,1996-03-31,-0.069767441860465,14.756031746031748,1281857.142857143
1995-12-31,PEG,USD,788784,1996-02-23,1996-02-23 00:00:00,1995,Q4,1666900000.0,544800000.0,1122100000.0,0.6731657568,0,0.0,0.0,0.0,763000000.0,763000000.0,1307800000.0,0.0,0.0,0.0,548000000.0,0.3287539744,359100000.0,0.2154298398,-126300000.0,232800000.0,0.1396604475,80500000.0,152300000.0,0.0913672086,0.31,0.31,482801235,491392405,https://www.sec.gov/Archives/edgar/data/788784/000078878496000002/0000788784-96-000002-index.html,https://www.sec.gov/Archives/edgar/data/81033/,3.4525595196540877,0.3154507258043779,0.9229471005806354,0.4239840024435728,0.1284172357181315,12.68244477460792,12.68244477460792,12.68244477460792,12.160905097933314,7391686907.85,13200986907.85,12.13343221905778,4.434391329923811,16.588166310255836,36.109852993893504,1.2071804980892031,1.2071804980892031,7.919483417031616,24.08939216760949,29.62519503557002,64.48943286687836,0.02060422768154,0.0276932725306056,0.958877039408143,0.3491392382481491,10.600912408759124,1.181201550387597,0.0,2.9258043335521995,0.0178714279496483,0.8673670387393303,0.0,0.0,0.0,0.5406193895870736,0.1445197672325874,0.0,0.0,9.487646926677352,0.0147781438681586,0.009056581333809,-20.154826240243565,280500000.0,6123100000.0,-8864900000.0,11467900000.0,817650000.0,471700000.0,426950000.0,50.54232407462955,88.97577092511014,65.60022026431719,1.780685824164085,1.0115113256591162,1.371946612943843,0.0248730218353448,0.4989630981370626,1996-01-16,0.27,bmo,,2025-04-25,1995-12-31,0.0,14.784920634920637,825733.3333333334
1995-09-30,PEG,USD,788784,1995-11-14,1995-11-14 00:00:00,1995,Q3,1492100000.0,379900000.0,1112200000.0,0.7453924,0,0.0,0.0,0.0,633600000.0,633600000.0,1013500000.0,0.0,0.0,0.0,567200000.0,0.3801353797,419300000.0,0.2810133369,-118300000.0,297900000.0,0.1996514979,111100000.0,186800000.0,0.1251926815,0.38,0.38,491578947,491578947,https://www.sec.gov/Archives/edgar/data/788784/000008103395000018/0000081033-95-000018-index.html,https://www.sec.gov/Archives/edgar/data/81033/,3.035321201418335,0.3800000002847966,1.100738758854943,0.7703747329114158,0.1358886510654411,12.550985020113158,12.550985020113158,12.550985020113158,12.563800865947174,7314694731.360001,13423994731.36,9.789473676873662,4.902281838589907,13.518193922306414,19.31527523464484,1.185564318350676,1.185564318350676,8.996712506775685,23.667127523554303,24.808713234817965,35.44756992701347,0.0255376344277417,0.0517724954913585,1.0010211027910143,0.3632230821708344,10.770980253878705,0.8504732593926021,0.0,2.896680942184154,0.0180595369802177,0.7071734475374732,0.0,0.0,0.0,0.3001293661060802,0.1088398900877957,0.0,0.0,10.359098513017107,0.0162602261977476,0.0109859088663577,-20.371498944603907,-257500000.0,6169800000.0,-9369200000.0,10899800000.0,679200000.0,403500000.0,431850000.0,42.17411701628578,95.89892076862331,108.21795209265596,2.134010297482837,0.93848814229249,0.8316549912434326,0.0302765081526143,0.3303640259435276,1995-10-17,0.39,bmo,,2025-04-25,1995-09-30,-0.0256410256410256,13.856507936507937,897526.9841269841
1995-06-30,PEG,USD,788784,1995-08-14,1995-08-14 00:00:00,1995,Q2,1328700000.0,376200000.0,952500000.0,0.7168661097,0,0.0,0.0,0.0,616200000.0,616200000.0,992400000.0,0.0,0.0,0.0,475900000.0,0.3581696395,282000000.0,0.2122375254,-115000000.0,166300000.0,0.1251599308,55600000.0,110700000.0,0.0833145179,0.23,0.23,492000000,492000000,https://www.sec.gov/Archives/edgar/data/788784/000078878495000009/0000788784-95-000009-index.html,https://www.sec.gov/Archives/edgar/data/81033/,2.700609756097561,0.225,-0.2382113821138211,-0.5703252032520325,0.1579268292682926,12.307317073170733,12.307317073170733,12.307317073170733,13.038211382113822,6828960000.0,13166060000.0,15.422222222222222,5.139580040641229,-58.26757679180888,-24.336992159657875,1.127784383670234,1.127784383670234,9.908978700985926,27.665602017230512,-112.33839590443688,-46.92109764789736,0.0162103746397694,-0.0410897120498582,1.059386973180077,0.3777366890037804,13.316032779995798,0.8009347779902273,0.0,-1.0587172538392051,0.0193587310512874,1.194218608852755,0.0,0.0,0.0,-1.39419795221843,0.1229773462783171,0.0,0.0,7.893401844764197,0.011569424185199,0.0065185900531144,-20.633028455284556,-374800000.0,6055200000.0,-9419000000.0,10758000000.0,734750000.0,387700000.0,362250000.0,44.65116279069768,96.22009569377992,97.3444976076555,2.015625,0.9353555445052212,0.9245514868518064,0.0182818073721759,0.3321138211382113,1995-07-18,0.26,bmo,,2025-04-25,1995-06-30,-0.1153846153846153,14.025079365079366,722492.0634920635
1995-03-31,PEG,USD,788784,1995-05-12,1995-05-12 00:00:00,1995,Q1,1673900000.0,552300000.0,1121600000.0,0.6700519744,0,0.0,0.0,0.0,682800000.0,682800000.0,1235100000.0,0.0,0.0,0.0,628600000.0,0.3755301989,441200000.0,0.2635760798,-121800000.0,319400000.0,0.1908118765,106800000.0,212600000.0,0.1270087819,0.44,0.44,488735632,488735632,https://www.sec.gov/Archives/edgar/data/788784/000078878495000006/0000788784-95-000006-index.html,https://www.sec.gov/Archives/edgar/data/81033/,3.4249600201034656,0.4350000001636877,1.4304256825702448,1.1249435563969683,0.2682431797810887,12.433306683888356,12.433306683888356,12.433306683888356,12.11534337238583,6690790802.08,12480890802.08,7.867816088993415,3.997126950283768,9.570577602746388,12.169499458130227,1.101074746088273,1.101074746088273,7.456174683123245,19.85506013693923,17.852797599885566,22.700783561440524,0.0317750182734614,0.0821726483854615,0.9744264884968568,0.3531839763319256,9.211104040725422,0.787920673076923,0.0,3.288334901222954,0.0197435555687876,0.621354656632173,0.0,0.0,0.0,0.2135602918037476,0.08919290280184,0.0,0.0,11.031363887314605,0.0187002767834396,0.0126810297521055,-20.03327434902475,-352900000.0,6076600000.0,-9377500000.0,10727300000.0,809750000.0,403350000.0,367400000.0,43.56711870482108,60.814774579033134,51.75448126018468,2.065778106873997,1.479903536977492,1.7389798488664987,0.0349866701774018,0.3054821261732764,1995-04-18,0.44,bmo,,2025-04-25,1995-03-31,0.0,13.924761904761905,742168.253968254
1994-12-31,PEG,USD,788784,1995-02-23,1995-02-23 00:00:00,1994,Q4,1468000000.0,455600000.0,1012400000.0,0.6896457766,0,0.0,0.0,0.0,734900000.0,734900000.0,1190500000.0,0.0,0.0,0.0,456300000.0,0.3108310627,277500000.0,0.1890326975,-118500000.0,159000000.0,0.1083106267,27200000.0,131800000.0,0.0897820163,0.27,0.27,488242549,488735632,https://www.sec.gov/Archives/edgar/data/788784/000078878495000002/0000788784-95-000002-index.html,https://www.sec.gov/Archives/edgar/data/81033/,3.0067023101667445,0.2699477959672867,1.0326834501267526,0.3559706141055723,0.139070222656895,12.281191002875907,12.281191002875907,12.281191002875907,12.751449075365205,6469213774.25,12627113774.25,12.270891074070562,4.406821372104905,12.830650087762791,37.22217361478711,1.0788855899152796,1.0788855899152796,8.601576140497276,27.67283316732413,25.04385913179294,72.65312873561565,0.0203734185635688,0.0268657067249488,1.0382909175811348,0.3724143706557239,13.49528818759588,0.7307340190640315,0.0,3.825493171471927,0.0204352498793914,1.0030349013657056,0.0,0.0,0.0,0.6552955176517256,0.2250681198910081,0.0,0.0,8.63677080680572,0.0145111786602652,0.0078840011006496,-20.149411435257765,-500000000.0,5996200000.0,-9364300000.0,10598200000.0,719800000.0,382950000.0,441850000.0,49.61035422343324,85.63432835820896,82.414398595259,1.814137419673752,1.0509803921568628,1.0920421860019176,0.0219805877055468,0.6767128360211802,1995-01-17,0.26,bmo,,2025-04-25,1994-12-31,0.0384615384615384,13.053333333333333,707063.4920634921
1994-09-30,PEG,USD,788784,1994-11-08,1994-11-08 00:00:00,1994,Q3,1375000000.0,314100000.0,1060900000.0,0.7715636364,0,0.0,0.0,0.0,653400000.0,653400000.0,967500000.0,0.0,0.0,0.0,594000000.0,0.432,408700000.0,0.2972363636,-124500000.0,284200000.0,0.2066909091,97000000.0,187200000.0,0.1361454545,0.38,0.38,492631579,492631579,https://www.sec.gov/Archives/edgar/data/788784/000078878494000012/0000788784-94-000012-index.html,https://www.sec.gov/Archives/edgar/data/81033/,2.791132478334281,0.3799999999594017,0.9437072648564416,0.5060576922536263,0.1303205128065896,12.021559827775476,12.021559827775476,12.021559827775476,12.932382477250814,6468252632.27,12774952632.27,8.638157895659722,4.704183732560001,13.913212803334051,25.945658372523067,1.0922043551838845,1.0922043551838845,9.290874641650907,21.506654263080808,27.47892585990536,51.24329174596871,0.0289413556709369,0.0385420938502381,1.0757657627233124,0.3831866763702852,10.617340067340068,0.7819212923182678,0.0,2.4834401709401708,0.0204228263041173,0.7056623931623932,0.0,0.0,0.0,0.4637556463755646,0.1568,0.0,0.0,10.138261020337712,0.0169083966521796,0.0112594053927258,-20.164460467931143,-380700000.0,5922200000.0,-9338900000.0,10547600000.0,667750000.0,357150000.0,428550000.0,41.26254545454545,95.243553008596,133.6676217765043,2.181154822335025,0.9449458483754511,0.6733118971061093,0.0316098747087231,0.4376495726028152,1994-10-18,0.4,bmo,,2025-04-25,1994-09-30,-0.05,13.2821875,702309.375
1994-06-30,PEG,USD,788784,1994-08-12,1994-08-12 00:00:00,1994,Q2,1278300000.0,322200000.0,956100000.0,0.7479464914,0,0.0,0.0,0.0,636700000.0,636700000.0,958900000.0,0.0,0.0,0.0,495600000.0,0.3877024173,320600000.0,0.2508018462,-122700000.0,197900000.0,0.1548149887,68000000.0,129900000.0,0.1016193382,0.27,0.27,490188679,490188679,https://www.sec.gov/Archives/edgar/data/788784/000008103394000021/0000081033-94-000021-index.html,https://www.sec.gov/Archives/edgar/data/81033/,2.6077713638914943,0.265000000132602,-0.9188298695898688,-1.4245535034072054,0.3194688223307581,11.969268674195554,11.969268674195554,11.969268674195554,13.49255966802938,6372452827.0,12829752827.0,12.26415093725943,4.985099606508644,-14.14842990008881,-9.125666371187169,1.086114812346605,1.086114812346605,10.036574221231325,25.887314017352704,-28.485241623001777,-18.372838073893742,0.0203846153948155,-0.1095810387236311,1.1272668393782384,0.3949422267339444,13.029257465698144,0.8419410372283194,0.0,-3.4672825250192454,0.0207298513753281,1.01693610469592,0.0,0.0,0.0,-0.5503996447602132,0.1939294375342251,0.0,0.0,8.447885209068708,0.0130921513269648,0.0077568447138207,-20.397400895502933,-293800000.0,5867200000.0,-9314300000.0,10597200000.0,799400000.0,383450000.0,336650000.0,49.64327622623797,106.67597765363128,109.10614525139664,1.8129343355552403,0.8436763550667714,0.8248847926267281,0.0221400327242977,0.5057236338173366,1994-07-19,0.25,bmo,,2025-04-25,1994-06-30,0.08,13.571129032258064,727661.2903225806
1994-03-31,PEG,USD,788784,1994-05-13,1994-05-13 00:00:00,1994,Q1,1794400000.0,627800000.0,1166600000.0,0.6501337494,0,0.0,0.0,0.0,697200000.0,697200000.0,1325000000.0,0.0,0.0,0.0,646800000.0,0.3604547481,469500000.0,0.2616473473,-118900000.0,350600000.0,0.1953856442,120500000.0,230100000.0,0.1282322782,0.47,0.47,489574468,489574468,https://www.sec.gov/Archives/edgar/data/788784/000078878494000009/0000788784-94-000009-index.html,https://www.sec.gov/Archives/edgar/data/81033/,3.665223816369444,0.4700000000817036,1.5217296830111655,1.1034072144464857,0.6628205129357359,11.988983052931593,11.988983052931593,11.988983052931593,12.04842242712706,6824668083.92,12398768083.92,7.41489361573229,3.803314803789568,9.160628300563758,12.633595120177713,1.1627341483806115,1.1627341483806115,6.9097013396790015,19.169400253432283,16.64264172338255,22.95218082917438,0.0337159254004091,0.0791540326001783,1.0049578328648097,0.3559012169883611,8.617965367965368,1.0557689760233144,0.0,3.237722729248153,0.0192976417871963,0.5723598435462842,0.0,0.0,0.0,0.2748993288590604,0.1141328577797592,0.0,0.0,11.259817751935032,0.0201250397584845,0.0138834418385755,-19.543656022519546,84200000.0,5869500000.0,-9110200000.0,10917600000.0,,,,44.82445385644227,55.19273654029946,40.52723797387703,2.007832606019917,1.630649350649351,2.220728687654758,0.0392026578073089,0.4183224685646801,1994-04-19,0.47,bmo,,2025-04-25,1994-03-31,0.0,15.063333333333334,712193.6507936508
1993-12-31,PEG,USD,788784,1994-02-25,1994-02-25 00:00:00,1993,Q4,1462500000.0,0.0,1462500000.0,1.0,0,0.0,0.0,0.0,1462500000.0,1462500000.0,1462500000.0,0.0,0.0,0.0,1462500000.0,1.0,1462500000.0,1.0,0.0,0.0,0.0,1389000000.0,73500000.0,0.0502564103,0.16,0.16,439778182,461772152,https://www.sec.gov/Archives/edgar/data/788784/000095012394000422/0000950123-94-000422-index.html,https://www.sec.gov/Archives/edgar/data/81033/,3.325540146964362,0.1671297099500038,,,,,,,,7036450912.0,,23.93350650340136,4.811248486837607,0.0,0.0,0.0,0.0,,,0.0,0.0,0.0104456068718752,,0.0,0.0,,0.0,0.0,0.0,0.016875,1.6155116889795915,0.0,0.0,0.0,0.0,,0.0,,,0.0,0.0,,,,,,,,,,0.0,0.0,0.0,0.0,0.0,0.0,,1994-01-18,0.25,bmo,,2025-04-25,1993-12-31,-0.4,16.3065625,1328959.5
1993-09-30,PEG,USD,788784,1993-09-30,1993-09-29 20:00:00,1993,Q3,1402000000.0,0.0,1402000000.0,1.0,0,0.0,0.0,0.0,1402000000.0,1402000000.0,1402000000.0,0.0,0.0,0.0,1402000000.0,1.0,1402000000.0,1.0,0.0,0.0,0.0,1209800000.0,192200000.0,0.1370898716,0.4,0.4,461772152,461772152,,,3.0361293852990943,0.4162225876280214,,,,,,,,8108718989.12,,10.5472411408949,5.783679735463624,0.0,0.0,0.0,0.0,,,0.0,0.0,0.0237028808444203,,0.0,0.0,,0.0,0.0,0.0,0.015375854214123,0.6486913685744017,0.0,0.0,0.0,0.0,,0.0,,,0.0,0.0,,,,,,,,,,0.0,0.0,0.0,0.0,0.0,0.0,,1993-10-19,0.39,bmo,,2025-04-25,1993-09-30,0.0256410256410256,17.53125,636443.75
1993-06-30,PEG,USD,788784,1993-06-30,1993-06-29 20:00:00,1993,Q2,1246300000.0,0.0,1246300000.0,1.0,0,0.0,0.0,0.0,1246300000.0,1246300000.0,1246300000.0,0.0,0.0,0.0,1246300000.0,1.0,1246300000.0,1.0,0.0,0.0,0.0,1126500000.0,119800000.0,0.0961245286,0.25,0.25,448979592,448979592,,,2.7758499989906,0.2668272726302446,,,,,,,,7691020410.959999,,16.049708704006676,6.171082733659632,0.0,0.0,0.0,0.0,,,0.0,0.0,0.0155766066917831,,0.0,0.0,,0.0,0.0,0.0,0.0157618213660245,1.0118905662771285,0.0,0.0,0.0,0.0,,0.0,,,0.0,0.0,,,,,,,,,,0.0,0.0,0.0,0.0,0.0,0.0,,1993-07-20,0.24,bmo,,2025-04-25,1993-06-30,0.0416666666666667,16.788888888888888,599914.2857142857
1993-03-31,PEG,USD,788784,1993-03-31,1993-03-30 19:00:00,1993,Q1,1594700000.0,0.0,1594700000.0,1.0,0,0.0,0.0,0.0,1594700000.0,1594700000.0,1594700000.0,0.0,0.0,0.0,1594700000.0,1.0,1594700000.0,1.0,-1594700000.0,0.0,0.0,1379300000.0,215400000.0,0.1350724274,0.46,0.46,454065934,454065934,,,3.5120450150307905,0.4743804453738209,,,,,,,,7605604394.5,,8.82730315053389,4.769301056311532,0.0,0.0,0.0,0.0,,,0.0,0.0,0.0283212206193325,,0.0,0.0,,0.0,0.0,0.0,0.0161194029850746,0.5691634270194986,0.0,0.0,0.0,0.0,,0.0,,,0.0,0.0,,,,,,,,,,0.0,0.0,0.0,0.0,0.0,0.0,,1993-04-20,0.38,bmo,,2025-04-25,1993-03-31,0.2105263157894737,16.13774193548387,656987.0967741936
1992-12-31,PEG,USD,788784,1992-12-31,1992-12-30 19:00:00,1992,Q4,1401800000.0,0.0,1401800000.0,1.0,0,0.0,0.0,0.0,1401800000.0,1401800000.0,1401800000.0,0.0,0.0,0.0,1401800000.0,1.0,1401800000.0,1.0,0.0,0.0,0.0,1309500000.0,92300000.0,0.065843915,0.21,0.21,431278931,438983051,,,3.250332671595312,0.2140146280412664,,,,,,,,6658946694.639999,,18.036150310509207,4.75028298947068,0.0,0.0,0.0,0.0,,,0.0,0.0,0.0138610510389421,,0.0,0.0,,0.0,0.0,0.0,0.0174870466321243,1.2615960061755147,0.0,0.0,0.0,0.0,,0.0,,,0.0,0.0,,,,,,,,,,0.0,0.0,0.0,0.0,0.0,0.0,,1992-12-30,,bmo,,2025-04-25,1992-12-31,,14.5025,779831.25
1992-09-30,PEG,USD,788784,1992-09-30,1992-09-29 20:00:00,1992,Q3,1249300000.0,0.0,1249300000.0,1.0,0,0.0,0.0,0.0,1249300000.0,1249300000.0,1249300000.0,0.0,0.0,0.0,1249300000.0,1.0,1249300000.0,1.0,0.0,0.0,0.0,1111200000.0,138100000.0,0.1105419035,0.3,0.3,438983051,438983051,,,2.8458957519068315,0.3145907334814163,,,,,,,,6145762714.0,,11.1255661006517,4.919365015608741,0.0,0.0,0.0,0.0,,,0.0,0.0,0.022470766677244,,0.0,0.0,,0.0,0.0,0.0,0.0192857142857142,0.8582579563359884,0.0,0.0,0.0,0.0,,0.0,,,0.0,0.0,,,,,,,,,,0.0,0.0,0.0,0.0,0.0,0.0,,1993-01-19,0.23,bmo,,2025-04-25,1992-09-30,-0.1304347826086956,13.7796875,1009393.75
1992-06-30,PEG,USD,788784,1992-06-30,1992-06-29 20:00:00,1992,Q2,1191600000.0,0.0,1191600000.0,1.0,0,0.0,0.0,0.0,1191600000.0,1191600000.0,1191600000.0,0.0,0.0,0.0,1191600000.0,1.0,1191600000.0,1.0,0.0,0.0,0.0,1104200000.0,87400000.0,0.0733467607,0.19,0.19,421052632,421052632,,,2.83004999716995,0.207574999792425,,,,,,,,5814736847.92,,16.63254247116705,4.879772447062773,0.0,0.0,0.0,0.0,,,0.0,0.0,0.0150307747858381,,0.0,0.0,,0.0,0.0,0.0,0.0195510499637943,1.300734675514874,0.0,0.0,0.0,0.0,,0.0,,,0.0,0.0,,,,,,,,,,0.0,0.0,0.0,0.0,0.0,0.0,,1992-06-29,,bmo,,2025-04-25,1992-06-30,,13.441428571428572,639939.6825396825
1992-03-31,PEG,USD,788784,1992-03-31,1992-03-30 19:00:00,1992,Q1,1514100000.0,0.0,1514100000.0,1.0,0,0.0,0.0,0.0,1514100000.0,1514100000.0,1514100000.0,0.0,0.0,0.0,1514100000.0,1.0,1514100000.0,1.0,0.0,0.0,0.0,1327800000.0,186300000.0,0.1230433921,0.41,0.41,441975309,441975309,,,3.425756980465169,0.4215167594350842,,,,,,,,5966666671.5,,8.006799076086956,3.940734873191995,0.0,0.0,0.0,0.0,,,0.0,0.0,0.031223463661858,,0.0,0.0,,0.0,0.0,0.0,0.02,0.6405439260869565,0.0,0.0,0.0,0.0,,0.0,,,0.0,0.0,,,,,,,,,,0.0,0.0,0.0,0.0,0.0,0.0,,1992-03-30,,bmo,,2025-04-25,1992-03-31,,13.757936507936508,707660.3174603175
1991-12-31,PEG,USD,788784,1991-12-31,1991-12-30 19:00:00,1991,Q4,1267400000.0,0.0,1267400000.0,1.0,0,0.0,0.0,0.0,1267400000.0,1267400000.0,1267400000.0,0.0,0.0,0.0,1267400000.0,1.0,1267400000.0,1.0,0.0,0.0,0.0,1177900000.0,89500000.0,0.0706170112,0.21,0.21,422931494,432894737,,,2.996702818258316,0.211618196492125,,,,,,,,6212863646.86,,17.354367728659216,4.902054321335016,0.0,0.0,0.0,0.0,,,0.0,0.0,0.0144055954045013,,0.0,0.0,,0.0,0.0,0.0,0.0183798502382573,1.275882719329609,0.0,0.0,0.0,0.0,,0.0,,,0.0,0.0,,,,,,,,,,0.0,0.0,0.0,0.0,0.0,0.0,,1991-12-30,,bmo,,2025-04-25,1991-12-31,,14.055,817325.0
1991-09-30,PEG,USD,788784,1991-09-30,1991-09-29 20:00:00,1991,Q3,1258600000.0,0.0,1258600000.0,1.0,0,0.0,0.0,0.0,1258600000.0,1258600000.0,1258600000.0,0.0,0.0,0.0,1258600000.0,1.0,1258600000.0,1.0,0.0,0.0,0.0,1086800000.0,171800000.0,0.136500874,0.38,0.38,432894737,432894737,,,2.9074042542586978,0.3968632217397459,,,,,,,,6142776318.03,,8.938847959880675,4.880642235841411,0.0,0.0,0.0,0.0,,,0.0,0.0,0.0279678098477622,,0.0,0.0,,0.0,0.0,0.0,0.0186751233262861,0.6677363521827707,0.0,0.0,0.0,0.0,,0.0,,,0.0,0.0,,,,,,,,,,0.0,0.0,0.0,0.0,0.0,0.0,,1991-09-29,,bmo,,2025-04-25,1991-09-30,,13.66890625,601553.125
1991-06-30,PEG,USD,788784,1991-06-30,1991-06-29 20:00:00,1991,Q2,1151000000.0,0.0,1151000000.0,1.0,0,0.0,0.0,0.0,1151000000.0,1151000000.0,1151000000.0,0.0,0.0,0.0,1151000000.0,1.0,1151000000.0,1.0,0.0,0.0,0.0,1028800000.0,122200000.0,0.1061685491,0.28,0.28,417818182,417818182,,,2.754786769906534,0.2924717144071054,,,,,,,,5431636366.0,,11.11218569148936,4.719058528236316,0.0,0.0,0.0,0.0,,,0.0,0.0,0.0224978241851619,,0.0,0.0,,0.0,0.0,0.0,0.0203846153846153,0.906070525613748,0.0,0.0,0.0,0.0,,0.0,,,0.0,0.0,,,,,,,,,,0.0,0.0,0.0,0.0,0.0,0.0,,1991-06-29,,bmo,,2025-04-25,1991-06-30,,13.39828125,593634.375
1991-03-31,PEG,USD,788784,1991-03-31,1991-03-30 19:00:00,1991,Q1,1416300000.0,0.0,1416300000.0,1.0,0,0.0,0.0,0.0,1416300000.0,1416300000.0,1416300000.0,0.0,0.0,0.0,1416300000.0,1.0,1416300000.0,1.0,0.0,0.0,0.0,1255500000.0,160800000.0,0.113535268,0.37,0.37,420547945,420547945,,,3.3677491873132324,0.3823583063757451,,,,,,,,5702630134.2,,8.8660294375,4.026428111417072,0.0,0.0,0.0,0.0,,,0.0,0.0,0.0281975152194502,,0.0,0.0,,0.0,0.0,0.0,0.0195427728613569,0.6930671979166667,0.0,0.0,0.0,0.0,,0.0,,,0.0,0.0,,,,,,,,,,0.0,0.0,0.0,0.0,0.0,0.0,,1991-03-30,,bmo,,2025-04-25,1991-03-31,,13.352295081967211,692108.1967213114
1990-12-31,PEG,USD,788784,1990-12-31,1990-12-30 19:00:00,1990,Q4,1210900000.0,0.0,1210900000.0,1.0,0,0.0,0.0,0.0,1210900000.0,1210900000.0,1210900000.0,0.0,0.0,0.0,1210900000.0,1.0,1210900000.0,1.0,0.0,0.0,0.0,1086300000.0,124600000.0,0.1028986704,0.29,0.29,423023256,423023256,,,2.8624903780703725,0.2945464539661148,,,,,,,,5579676746.639999,,11.195178063081862,4.607875750796928,0.0,0.0,0.0,0.0,,,0.0,0.0,0.0223310427570974,,0.0,0.0,,0.0,0.0,0.0,0.0200909780136467,0.8996883052969503,0.0,0.0,0.0,0.0,,0.0,,,0.0,0.0,,,,,,,,,,0.0,0.0,0.0,0.0,0.0,0.0,,1990-12-30,,bmo,,2025-04-25,1990-12-31,,12.85234375,664896.875
1990-09-30,PEG,USD,788784,1990-09-30,1990-09-29 20:00:00,1990,Q3,1190000000.0,0.0,1190000000.0,1.0,0,0.0,0.0,0.0,1190000000.0,1190000000.0,1190000000.0,0.0,0.0,0.0,1190000000.0,1.0,1190000000.0,1.0,0.0,0.0,0.0,1000800000.0,189200000.0,0.1589915966,0.43,0.43,423023256,423023256,,,2.813084110912333,0.4472567342727843,,,,,,,,5076279072.0,,6.707556913319239,4.265780732773109,0.0,0.0,0.0,0.0,,,0.0,0.0,0.037271394522732,,0.0,0.0,,0.0,0.0,0.0,0.0216666666666666,0.581321599154334,0.0,0.0,0.0,0.0,,0.0,,,0.0,0.0,,,,,,,,,,0.0,0.0,0.0,0.0,0.0,0.0,,1990-09-29,,bmo,,2025-04-25,1990-09-30,,12.161111111111111,549339.6825396825
1990-06-30,PEG,USD,788784,1990-06-30,1990-06-29 20:00:00,1990,Q2,1074000000.0,0.0,1074000000.0,1.0,0,0.0,0.0,0.0,1074000000.0,1074000000.0,1074000000.0,0.0,0.0,0.0,1074000000.0,1.0,1074000000.0,1.0,0.0,0.0,0.0,968400000.0,105600000.0,0.0983240223,0.24,0.24,418297872,418297872,,,2.5675483235544645,0.2524516787405507,,,,,,,,5412774463.679999,,12.814333484090907,5.039827247374301,0.0,0.0,0.0,0.0,,,0.0,0.0,0.0195094033029791,,0.0,0.0,,0.0,0.0,0.0,0.0200927357032457,1.0299000636363635,0.0,0.0,0.0,0.0,,0.0,,,0.0,0.0,,,,,,,,,,0.0,0.0,0.0,0.0,0.0,0.0,,1990-06-29,,bmo,,2025-04-25,1990-06-30,,12.992539682539682,444520.6349206349
1990-03-31,PEG,USD,788784,1990-03-31,1990-03-30 19:00:00,1990,Q1,1325200000.0,0.0,1325200000.0,1.0,0,0.0,0.0,0.0,1325200000.0,1325200000.0,1325200000.0,0.0,0.0,0.0,1325200000.0,1.0,1325200000.0,1.0,0.0,0.0,0.0,1173200000.0,152000000.0,0.114699668,0.35,0.35,419420290,419420290,,,3.15959916960622,0.3624049756867986,,,,,,,,5557318842.5,,9.140327043585526,4.193569908315726,0.0,0.0,0.0,0.0,,,0.0,0.0,0.0273513189197583,,0.0,0.0,,0.0,0.0,0.0,0.0098113207547169,0.3587147217105263,0.0,0.0,0.0,0.0,,0.0,,,0.0,0.0,,,,,,,,,,0.0,0.0,0.0,0.0,0.0,0.0,,1990-03-30,,bmo,,2025-04-25,1990-03-31,,13.58825396825397,470165.07936507935
1989-12-31,PEG,USD,788784,1989-12-31,1989-12-30 19:00:00,1989,Q4,1306100000.0,0.0,1306100000.0,1.0,0,0.0,0.0,0.0,1306100000.0,1306100000.0,1306100000.0,0.0,0.0,0.0,1306100000.0,1.0,1306100000.0,1.0,-1306100000.0,0.0,0.0,0.0,0.0,0.0,0.23,0.23,422200000,422200000,,,3.093557555660824,0.0,,,,,,,,6282336000.0,,0.0,4.809996171809203,0.0,0.0,0.0,0.0,,,0.0,0.0,0.0,,0.0,0.0,,0.0,0.0,0.0,0.0174731182795698,0.0,0.0,0.0,0.0,0.0,,0.0,,,0.0,0.0,,,,,,,,,,0.0,0.0,0.0,0.0,0.0,0.0,,1989-12-30,,bmo,,2025-04-25,1989-12-31,,,
1989-09-30,PEG,USD,788784,1989-09-30,1989-09-29 20:00:00,1989,Q3,1155000000.0,0.0,1155000000.0,1.0,0,0.0,0.0,0.0,1155000000.0,1155000000.0,1155000000.0,0.0,0.0,0.0,1155000000.0,1.0,1155000000.0,1.0,-1155000000.0,0.0,0.0,0.0,0.0,0.0,0.43,0.43,422200000,422200000,,,2.73567029843676,0.0,,,,,,,,5619482000.0,,0.0,4.865352380952381,0.0,0.0,0.0,0.0,,,0.0,0.0,0.0,,0.0,0.0,,0.0,0.0,0.0,0.0191585274229902,0.0,0.0,0.0,0.0,0.0,,0.0,,,0.0,0.0,,,,,,,,,,0.0,0.0,0.0,0.0,0.0,0.0,,1989-09-29,,bmo,,2025-04-25,1989-09-30,,,
1989-06-30,PEG,USD,788784,1989-06-30,1989-06-29 20:00:00,1989,Q2,1047700000.0,0.0,1047700000.0,1.0,0,0.0,0.0,0.0,1047700000.0,1047700000.0,1047700000.0,0.0,0.0,0.0,1047700000.0,1.0,1047700000.0,1.0,-1047700000.0,0.0,0.0,0.0,0.0,0.0,0.28,0.28,410700000,410700000,,,2.551010469929389,0.0,,,,,,,,5519808000.0,,0.0,5.2685005249594345,0.0,0.0,0.0,0.0,,,0.0,0.0,0.0,,0.0,0.0,,0.0,0.0,0.0,0.0189732142857142,0.0,0.0,0.0,0.0,0.0,,0.0,,,0.0,0.0,,,,,,,,,,0.0,0.0,0.0,0.0,0.0,0.0,,1989-06-29,,bmo,,2025-04-25,1989-06-30,,,
1989-03-31,PEG,USD,788784,1989-03-31,1989-03-30 19:00:00,1989,Q1,1296100000.0,0.0,1296100000.0,1.0,0,0.0,0.0,0.0,1296100000.0,1296100000.0,1296100000.0,0.0,0.0,0.0,1296100000.0,1.0,1296100000.0,1.0,-1296100000.0,0.0,0.0,0.0,0.0,0.0,0.38,0.38,410700000,410700000,,,3.1558315071828584,0.0,,,,,,,,5031075000.0,,0.0,3.8817028007098218,0.0,0.0,0.0,0.0,,,0.0,0.0,0.0,,0.0,0.0,,0.0,0.0,0.0,0.0208163265306122,0.0,0.0,0.0,0.0,0.0,,0.0,,,0.0,0.0,,,,,,,,,,0.0,0.0,0.0,0.0,0.0,0.0,,1989-03-30,,bmo,,2025-04-25,1989-03-31,,,
1988-12-31,PEG,USD,788784,1988-12-31,1988-12-30 19:00:00,1988,Q4,1154500000.0,0.0,1154500000.0,1.0,0,0.0,0.0,0.0,1154500000.0,1154500000.0,1154500000.0,0.0,0.0,0.0,1154500000.0,1.0,1154500000.0,1.0,-1154500000.0,0.0,0.0,0.0,0.0,0.0,0.21,0.21,410700000,410700000,,,2.811054297540784,0.0,,,,,,,,5031075000.0,,0.0,4.357795582503248,0.0,0.0,0.0,0.0,,,0.0,0.0,0.0,,0.0,0.0,,0.0,0.0,0.0,0.0208163265306122,0.0,0.0,0.0,0.0,0.0,,0.0,,,0.0,0.0,,,,,,,,,,0.0,0.0,0.0,0.0,0.0,0.0,,1988-12-30,,bmo,,2025-04-25,1988-12-31,,,
1988-09-30,PEG,USD,788784,1988-09-30,1988-09-29 20:00:00,1988,Q3,1127300000.0,0.0,1127300000.0,1.0,0,0.0,0.0,0.0,1127300000.0,1127300000.0,1127300000.0,0.0,0.0,0.0,1127300000.0,1.0,1127300000.0,1.0,-1127300000.0,0.0,0.0,0.0,0.0,0.0,0.45,0.45,410700000,410700000,,,2.744825906988069,0.0,,,,,,,,5006433000.0,,0.0,4.4410831189568,0.0,0.0,0.0,0.0,,,0.0,0.0,0.0,,0.0,0.0,,0.0,0.0,0.0,0.0205086136177194,0.0,0.0,0.0,0.0,0.0,,0.0,,,0.0,0.0,,,,,,,,,,0.0,0.0,0.0,0.0,0.0,0.0,,1988-09-29,,bmo,,2025-04-25,1988-09-30,,,
1988-06-30,PEG,USD,788784,1988-06-30,1988-06-29 20:00:00,1988,Q2,915100000.0,0.0,915100000.0,1.0,0,0.0,0.0,0.0,915100000.0,915100000.0,915100000.0,0.0,0.0,0.0,915100000.0,1.0,915100000.0,1.0,-915100000.0,0.0,0.0,0.0,0.0,0.0,0.26,0.26,410700000,410700000,,,2.228147065984904,0.0,,,,,,,,5031075000.0,,0.0,5.497841765927221,0.0,0.0,0.0,0.0,,,0.0,0.0,0.0,,0.0,0.0,,0.0,0.0,0.0,0.0204081632653061,0.0,0.0,0.0,0.0,0.0,,0.0,,,0.0,0.0,,,,,,,,,,0.0,0.0,0.0,0.0,0.0,0.0,,1988-06-29,,bmo,,2025-04-25,1988-06-30,,,
1988-03-31,PEG,USD,788784,1988-03-31,1988-03-30 19:00:00,1988,Q1,1197800000.0,0.0,1197800000.0,1.0,0,0.0,0.0,0.0,1197800000.0,1197800000.0,1197800000.0,0.0,0.0,0.0,1197800000.0,1.0,1197800000.0,1.0,-1197800000.0,0.0,0.0,0.0,0.0,0.0,0.37,0.37,410700000,410700000,,,2.916484051619187,0.0,,,,,,,,4776441000.0,,0.0,3.987678243446318,0.0,0.0,0.0,0.0,,,0.0,0.0,0.0,,0.0,0.0,,0.0,0.0,0.0,0.0214961306964746,0.0,0.0,0.0,0.0,0.0,,0.0,,,0.0,0.0,,,,,,,,,,0.0,0.0,0.0,0.0,0.0,0.0,,1988-03-30,,bmo,,2025-04-25,1988-03-31,,,
1987-12-31,PEG,USD,788784,1987-12-31,1987-12-30 19:00:00,1987,Q4,1041700000.0,0.0,1041700000.0,1.0,0,0.0,0.0,0.0,1041700000.0,1041700000.0,1041700000.0,0.0,0.0,0.0,1041700000.0,1.0,1041700000.0,1.0,-1041700000.0,0.0,0.0,0.0,0.0,0.0,0.19,0.19,408482000,408482000,,,2.550173569459609,0.0,,,,,,,,4877275080.0,,0.0,4.6820342517039455,0.0,0.0,0.0,0.0,,,0.0,0.0,0.0,,0.0,0.0,,0.0,0.0,0.0,0.0209380234505862,0.0,0.0,0.0,0.0,0.0,,0.0,,,0.0,0.0,,,,,,,,,,0.0,0.0,0.0,0.0,0.0,0.0,,1987-12-30,,bmo,,2025-04-25,1987-12-31,,,
1987-09-30,PEG,USD,788784,1987-09-30,1987-09-29 20:00:00,1987,Q3,1004900000.0,0.0,1004900000.0,1.0,0,0.0,0.0,0.0,1004900000.0,1004900000.0,1004900000.0,0.0,0.0,0.0,1004900000.0,1.0,1004900000.0,1.0,-1004900000.0,0.0,0.0,0.0,0.0,0.0,0.39,0.39,408482000,408482000,,,2.460083920466508,0.0,,,,,,,,5057007160.0,,0.0,5.032348651607125,0.0,0.0,0.0,0.0,,,0.0,0.0,0.0,,0.0,0.0,,0.0,0.0,0.0,0.0201938610662358,0.0,0.0,0.0,0.0,0.0,,0.0,,,0.0,0.0,,,,,,,,,,0.0,0.0,0.0,0.0,0.0,0.0,,1987-09-29,,bmo,,2025-04-25,1987-09-30,,,
1987-06-30,PEG,USD,788784,1987-06-30,1987-06-29 20:00:00,1987,Q2,915600000.0,0.0,915600000.0,1.0,0,0.0,0.0,0.0,915600000.0,915600000.0,915600000.0,0.0,0.0,0.0,915600000.0,1.0,915600000.0,1.0,-915600000.0,0.0,0.0,0.0,0.0,0.0,0.31,0.31,404646000,404646000,,,2.262718524339794,0.0,,,,,,,,5126864820.0,,0.0,5.599459174311926,0.0,0.0,0.0,0.0,,,0.0,0.0,0.0,,0.0,0.0,,0.0,0.0,0.0,0.0197316495659037,0.0,0.0,0.0,0.0,0.0,,0.0,,,0.0,0.0,,,,,,,,,,0.0,0.0,0.0,0.0,0.0,0.0,,1987-06-29,,bmo,,2025-04-25,1987-06-30,,,
1987-03-31,PEG,USD,788784,1987-03-31,1987-03-30 19:00:00,1987,Q1,1233500000.0,0.0,1233500000.0,1.0,0,0.0,0.0,0.0,1233500000.0,1233500000.0,1233500000.0,0.0,0.0,0.0,1233500000.0,1.0,1233500000.0,1.0,-1233500000.0,0.0,0.0,0.0,0.0,0.0,0.39,0.39,404444000,404444000,,,3.049865988863724,0.0,,,,,,,,5290127520.0,,0.0,4.288713027969194,0.0,0.0,0.0,0.0,,,0.0,0.0,0.0,,0.0,0.0,,0.0,0.0,0.0,0.0188585626911314,0.0,0.0,0.0,0.0,0.0,,0.0,,,0.0,0.0,,,,,,,,,,0.0,0.0,0.0,0.0,0.0,0.0,,1987-03-30,,bmo,,2025-04-25,1987-03-31,,,
1986-12-31,PEG,USD,788784,1986-12-31,1986-12-30 19:00:00,1986,Q4,2128900000.0,0.0,2128900000.0,1.0,0,0.0,0.0,0.0,2128900000.0,2128900000.0,2128900000.0,0.0,0.0,0.0,2128900000.0,1.0,2128900000.0,1.0,-2128900000.0,0.0,0.0,0.0,0.0,0.0,-0.17,-0.17,400744000,400744000,,,5.312368993671771,0.0,,,,,,,,5377984480.0,,0.0,2.52617994269341,0.0,0.0,0.0,0.0,,,0.0,0.0,0.0,,0.0,0.0,,0.0,0.0,0.0,0.0183807749627421,0.0,0.0,0.0,0.0,0.0,,0.0,,,0.0,0.0,,,,,,,,,,0.0,0.0,0.0,0.0,0.0,0.0,,1986-12-30,,bmo,,2025-04-25,1986-12-31,,,
1986-09-30,PEG,USD,788784,1986-09-30,1986-09-29 20:00:00,1986,Q3,1055500000.0,0.0,1055500000.0,1.0,0,0.0,0.0,0.0,1055500000.0,1055500000.0,1055500000.0,0.0,0.0,0.0,1055500000.0,1.0,1055500000.0,1.0,-1055500000.0,0.0,0.0,0.0,0.0,0.0,0.42,0.42,400744000,400744000,,,2.633851037071048,0.0,,,,,,,,5394014240.0,,0.0,5.110387721459024,0.0,0.0,0.0,0.0,,,0.0,0.0,0.0,,0.0,0.0,,0.0,0.0,0.0,0.0183261515601783,0.0,0.0,0.0,0.0,0.0,,0.0,,,0.0,0.0,,,,,,,,,,0.0,0.0,0.0,0.0,0.0,0.0,,1986-09-29,,bmo,,2025-04-25,1986-09-30,,,
1986-06-30,PEG,USD,788784,1986-06-30,1986-06-29 20:00:00,1986,Q2,1003500000.0,0.0,1003500000.0,1.0,0,0.0,0.0,0.0,1003500000.0,1003500000.0,1003500000.0,0.0,0.0,0.0,1003500000.0,1.0,1003500000.0,1.0,-1003500000.0,0.0,0.0,0.0,0.0,0.0,0.31,0.31,400554000,400554000,,,2.5052801869410866,0.0,,,,,,,,4990902840.0,,0.0,4.973495605381166,0.0,0.0,0.0,0.0,,,0.0,0.0,0.0,,0.0,0.0,,0.0,0.0,0.0,0.0197969502407704,0.0,0.0,0.0,0.0,0.0,,0.0,,,0.0,0.0,,,,,,,,,,0.0,0.0,0.0,0.0,0.0,0.0,,1986-06-29,,bmo,,2025-04-25,1986-06-30,,,
1986-03-31,PEG,USD,788784,1986-03-31,1986-03-30 19:00:00,1986,Q1,1310500000.0,0.0,1310500000.0,1.0,0,0.0,0.0,0.0,1310500000.0,1310500000.0,1310500000.0,0.0,0.0,0.0,1310500000.0,1.0,1310500000.0,1.0,-1310500000.0,0.0,0.0,0.0,0.0,0.0,0.39,0.39,395034000,395034000,,,3.317435967536972,0.0,,,,,,,,4969527720.0,,0.0,3.7920852499046167,0.0,0.0,0.0,0.0,,,0.0,0.0,0.0,,0.0,0.0,,0.0,0.0,0.0,0.0188131955484896,0.0,0.0,0.0,0.0,0.0,,0.0,,,0.0,0.0,,,,,,,,,,0.0,0.0,0.0,0.0,0.0,0.0,,1986-03-30,,bmo,,2025-04-25,1986-03-31,,,
1985-12-31,PEG,USD,788784,1985-12-31,1985-12-30 19:00:00,1985,Q4,1131200000.0,0.0,1131200000.0,1.0,0,0.0,0.0,0.0,1131200000.0,1131200000.0,1131200000.0,0.0,0.0,0.0,1131200000.0,1.0,1131200000.0,1.0,-1131200000.0,0.0,0.0,0.0,0.0,0.0,0.27,0.27,366438000,366438000,,,3.087016084576381,0.0,,,,,,,,3862256519.999999,,0.0,3.41430031824611,0.0,0.0,0.0,0.0,,,0.0,0.0,0.0,,0.0,0.0,,0.0,0.0,0.0,0.022454459203036,0.0,0.0,0.0,0.0,0.0,,0.0,,,0.0,0.0,,,,,,,,,,0.0,0.0,0.0,0.0,0.0,0.0,,1985-12-30,,bmo,,2025-04-25,1985-12-31,,,
1985-09-30,PEG,USD,788784,1985-09-30,1985-09-29 20:00:00,1985,Q3,1057800000.0,0.0,1057800000.0,1.0,0,0.0,0.0,0.0,1057800000.0,1057800000.0,1057800000.0,0.0,0.0,0.0,1057800000.0,1.0,1057800000.0,1.0,-1057800000.0,0.0,0.0,0.0,0.0,0.0,0.36,0.36,366438000,366438000,,,2.8867093478296466,0.0,,,,,,,,3268626960.0,,0.0,3.090023596142938,0.0,0.0,0.0,0.0,,,0.0,0.0,0.0,,0.0,0.0,,0.0,0.0,0.0,0.0265325112107623,0.0,0.0,0.0,0.0,0.0,,0.0,,,0.0,0.0,,,,,,,,,,0.0,0.0,0.0,0.0,0.0,0.0,,1985-09-29,,bmo,,2025-04-25,1985-09-30,,,
