date,symbol,reportedCurrency,cik,fillingDate,acceptedDate,calendarYear,period,revenue,costOfRevenue,grossProfit,grossProfitRatio,researchAndDevelopmentExpenses,generalAndAdministrativeExpenses,sellingAndMarketingExpenses,sellingGeneralAndAdministrativeExpenses,otherExpenses,operatingExpenses,costAndExpenses,interestIncome,interestExpense,depreciationAndAmortization,ebitda,ebitdaratio,operatingIncome,operatingIncomeRatio,totalOtherIncomeExpensesNet,incomeBeforeTax,incomeBeforeTaxRatio,incomeTaxExpense,netIncome,netIncomeRatio,eps,epsdiluted,weightedAverageShsOut,weightedAverageShsOutDil,link,finalLink,revenuePerShare,netIncomePerShare,operatingCashFlowPerShare,freeCashFlowPerShare,cashPerShare,bookValuePerShare,tangibleBookValuePerShare,shareholdersEquityPerShare,interestDebtPerShare,marketCap,enterpriseValue,peRatio,priceToSalesRatio,pocfratio,pfcfRatio,pbRatio,ptbRatio,evToSales,enterpriseValueOverEBITDA,evToOperatingCashFlow,evToFreeCashFlow,earningsYield,freeCashFlowYield,debtToEquity,debtToAssets,netDebtToEBITDA,currentRatio,interestCoverage,incomeQuality,dividendYield,payoutRatio,salesGeneralAndAdministrativeToRevenue,researchAndDdevelopementToRevenue,intangiblesToTotalAssets,capexToOperatingCashFlow,capexToRevenue,capexToDepreciation,stockBasedCompensationToRevenue,grahamNumber,roic,returnOnTangibleAssets,grahamNetNet,workingCapital,tangibleAssetValue,netCurrentAssetValue,investedCapital,averageReceivables,averagePayables,averageInventory,daysSalesOutstanding,daysPayablesOutstanding,daysOfInventoryOnHand,receivablesTurnover,payablesTurnover,inventoryTurnover,roe,capexPerShare,report_date,epsEstimated,time,revenueEstimated,updatedFromDate,fiscalDateEnding,surprise(%),QuarterAvgPrice,QuarterAvgVolume
2025-03-31,PFG,USD,1126328,2025-04-30,2025-04-30 15:13:56,2025,Q1,3695900000.0,2239100000.0,1456800000.0,0.3941665088,0,0.0,0.0,0.0,1427900000.0,1427900000.0,3667000000.0,100000.0,42700000.0,41700000.0,113300000.0,0.0306555913,28900000.0,0.0078194756,0.0,28900000.0,0.0078194756,-34000000.0,48100000.0,0.0130144214,0.21,0.21,224971715,224971715,https://www.sec.gov/Archives/edgar/data/1126328/000141057825001036/0001410578-25-001036-index.htm,https://www.sec.gov/Archives/edgar/data/1126328/000141057825001036/pfg-20250331x10q.htm,16.42828744049002,0.2138046553985686,4.344101657401687,4.271203604417559,17.227499021376975,51.539812460424194,38.83643772729385,49.858712238558525,19.526454692315436,18980863594.55,19455363594.55,98.65313718581082,5.135653993492789,19.421737025017908,19.75321427260901,1.6921816912622138,1.6921816912622138,5.264039501758705,171.71547744527803,19.90725835930625,20.24702216104693,0.0025341312717621,0.050624672329235,0.3878289708294701,0.0138982560247767,4.187996469549868,0.2123741054500422,0.6768149882903981,0.0,0.0089037044683533,3.5135135135135136,0.0,0.0,0.0091305746616728,0.0167809270438964,0.0044373494953867,0.0,0.0,15.487109405811712,-0.0058543214013141,0.0001550885487903,-1322.533368250315,-14373700000.0,8737100000.0,-297532600000.0,-10773100000.0,0.0,0.0,0.0,0.0,0.0,0.0,0.0,0.0,0.0,0.0042882105413308,0.0728980529841273,2025-04-24,1.85,amc,3989075000.0,2025-05-11,2025-03-31,-0.0216216216216216,83.17450000000001,1478174.4166666667
2024-12-31,PFG,USD,1126328,2025-02-19,2025-02-19 16:23:25,2024,Q4,4752000000.0,0.0,4752000000.0,1.0,0,0.0,0.0,0.0,3639600000.0,3639600000.0,4281500000.0,0.0,0.0,0.0,1112400000.0,0.2340909091,1112400000.0,0.2340909091,0.0,1112400000.0,0.2340909091,209900000.0,905400000.0,0.190530303,3.9,3.85,226225161,231200000,https://www.sec.gov/Archives/edgar/data/1126328/000141057825000160/0001410578-25-000160-index.htm,https://www.sec.gov/Archives/edgar/data/1126328/000141057825000160/pfg-20241231x10k.htm,21.005621032578247,4.00220734067684,6.4493268279738345,6.37462249391437,132.33320231784475,50.69727854011783,37.70314478856753,49.00604314300831,18.158899663685062,17512089713.01,17408189713.01,4.835456624975149,3.685204064185606,12.002803093221385,12.14346419319742,1.5796011070329412,1.5796011070329412,3.663339586071128,15.649217649235885,11.93158993352296,12.071416484994105,0.051701425405979,0.0823488243626711,0.3705440900562852,0.0130968336778638,-0.0934016540812657,1.6390418833835203,0.0,0.0,0.009462034669506,0.1830130329136293,0.0,0.0,0.0093718238265453,0.0115832762165867,0.0035563973063973,0.0,0.0,66.43024744873874,0.0103612845007812,0.0029138399351192,-1203.4801911357686,11672100000.0,8529400000.0,-272257500000.0,15381100000.0,0.0,0.0,0.0,0.0,0.0,0.0,0.0,0.0,0.0,0.0816676288064655,0.0747043340594638,2025-02-06,1.93,amc,4119488980.0,2025-05-06,2024-12-31,0.005181347150259,84.2696875,1183679.390625
2024-09-30,PFG,USD,1126328,2024-10-30,2024-10-30 12:18:48,2024,Q3,3011600000.0,0.0,3011600000.0,1.0,0,0.0,0.0,0.0,3011600000.0,3011600000.0,3011600000.0,0.0,0.0,0.0,0.0,0.0,0.0,0.0,-293800000.0,-293800000.0,-0.0975561164,-100400000.0,-220000000.0,-0.07305087,-0.95,-0.95,230700000,230700000,https://www.sec.gov/Archives/edgar/data/1126328/000141057824001713/0001410578-24-001713-index.htm,https://www.sec.gov/Archives/edgar/data/1126328/000141057824001713/pfg-20240930x10q.htm,13.054182921543129,-0.9536194191590812,4.889466840052016,4.814911140008669,133.1031642826181,50.25227568270481,37.155179887299525,48.71001300390117,17.209362808842652,19817130000.0,17612830000.0,-22.519465909090908,6.580266303625979,17.568377659574466,17.840412315448326,1.763497784184954,1.763497784184954,5.848329791472971,0.0,15.614210992907802,15.855986676269357,-0.0111015066258333,0.0560525161817074,0.3533023653158204,0.0122970584254301,0.0,0.3228834387909847,0.0,-5.127272727272727,0.0083311761087503,-0.7504545454545455,0.0,0.0,0.0093586121687666,0.0152482269503546,0.0057112498339752,0.0,0.0,,0.0,-0.0006878520942907,-1216.114434330299,-12948500000.0,8571700000.0,-305090000000.0,-9128800000.0,0.0,9277300000.0,-26205750000.0,0.0,0.0,0.0,0.0,0.0,0.0,-0.0195774823357716,0.0745557000433463,2024-10-24,1.99,amc,3917339544.0,2025-04-25,2024-09-30,-0.1155778894472361,80.76125,1223796.234375
2024-06-30,PFG,USD,1126328,2024-07-31,2024-07-31 14:47:58,2024,Q2,4310800000.0,0.0,4310800000.0,1.0,0,0.0,0.0,1320700000.0,-1765100000.0,1765100000.0,-3866900000.0,0.0,0.0,10400000.0,0.0,0.0,443500000.0,0.1028811358,-2546200000.0,443900000.0,0.102973926,87100000.0,353100000.0,0.0819105502,1.51,1.49,233800000,236600000,https://www.sec.gov/Archives/edgar/data/1126328/000141057824001133/0001410578-24-001133-index.htm,https://www.sec.gov/Archives/edgar/data/1126328/000141057824001133/pfg-20240630x10q.htm,18.437981180496152,1.5102651839178785,6.123609923011121,6.0470487596236095,26.770316509837468,48.48759623609923,35.704020530367835,47.10607356715141,17.03207869974337,18238738000.0,17404238000.0,12.913295100538091,4.23094042869073,12.739217713208074,12.900507851181214,1.656049721248661,1.656049721248661,4.03735687111441,0.0,12.156344206188448,12.310254632904227,0.0193598921153426,0.0775163281582311,0.3615686345724299,0.0137869931883854,0.0,0.5030944980642347,0.0,4.054658736901728,0.0090576442295514,0.4678561314075333,0.0,0.0,0.0103479483793592,0.0125026192638122,0.0041523615106244,1.7211538461538465,0.0061009557390739,40.00887294513204,0.0013357592765762,0.0012353004148454,-1272.2012403763902,-10935300000.0,8347600000.0,-266422300000.0,-7140600000.0,0.0,18807500000.0,-51977450000.0,0.0,0.0,0.0,0.0,0.0,0.0,0.0320609439410173,0.0765611633875106,2024-07-25,1.84,amc,3795356352.0,2025-04-25,2024-06-30,-0.1141304347826087,81.2052380952381,996319.8412698412
2024-03-31,PFG,USD,1126328,2024-05-01,2024-05-01 14:57:22,2024,Q1,4053300000.0,0.0,4053300000.0,1.0,0,0.0,0.0,1343400000.0,-1327200000.0,1327200000.0,-3426200000.0,0.0,0.0,9500000.0,636600000.0,0.1570572126,612600000.0,0.1511361113,-2082800000.0,627100000.0,0.1547134434,95100000.0,532500000.0,0.1313744356,2.26,2.22,236000000,239400000,https://www.sec.gov/Archives/edgar/data/1126328/000141057824000583/0001410578-24-000583-index.htm,https://www.sec.gov/Archives/edgar/data/1126328/000141057824000583/pfg-20240331x10q.htm,17.175,2.2563559322033897,2.475423728813559,2.4042372881355933,23.08771186016949,49.15762711864407,36.42627118644068,47.396186440677965,16.87372881355932,20298360000.0,20112160001.0,9.52974647887324,5.007860262008734,34.74556658678535,35.77433909058865,1.814702963658308,1.814702963658308,4.961922384476846,31.59308828306629,34.42684012495721,35.44617553930208,0.0262336464620787,0.0279529971879501,0.3560144830360734,0.0138087052891065,-0.2924913587810241,0.4647180677912085,0.0,1.0970892018779344,0.0080006463576367,0.3049765258215962,0.0,0.0,0.0104187725156068,0.0287572749058541,0.0041447709273924,1.768421052631579,0.0075494041891791,49.0531344042655,0.0019503130061408,0.0018659416417553,-1258.9199152584745,-11757200000.0,8596600000.0,-266574800000.0,-7839100000.0,0.0,19344950000.0,-54623400000.0,0.0,0.0,0.0,0.0,0.0,0.0,0.0476062759822985,0.0711864406779661,2024-04-25,1.73,amc,3675322626.0,2025-04-25,2024-03-31,-0.046242774566474,80.25245901639343,1184449.8688524591
2023-12-31,PFG,USD,1126328,2024-02-20,2024-02-20 16:11:56,2023,Q4,2690800000.0,0.0,2690800000.0,1.0,0,0.0,0.0,1290400000.0,-1306500000.0,3798000000.0,3798000000.0,0.0,0.0,11000000.0,-1096200000.0,-0.4073881374,-1086700000.0,-0.4038575888,0.0,-1107200000.0,-0.4114761409,-268000000.0,-871700000.0,-0.3239557009,-3.69,-3.69,236438294,236438294,https://www.sec.gov/Archives/edgar/data/1126328/000110465924025516/0001104659-24-025516-index.htm,https://www.sec.gov/Archives/edgar/data/1126328/000110465924025516/pfg-20231231x10k.htm,11.3805591914819,-3.686797029587771,3.9925850590006378,3.874583869227207,115.0173245624924,47.216970699340266,34.19750609433851,46.16849417802008,16.883897834248458,18600600588.98,17884900588.98,-5.334576284553172,6.912665597212725,19.704026047648306,20.304115914179675,1.7039758692726272,1.7039758692726272,6.64668521962985,-16.31536269748221,18.945869267987288,19.522869325379325,-0.0468640781694136,0.0492510978673853,0.3657017222425797,0.0130885245901639,0.6528918080642219,77.04909983633388,0.0,-1.0829413789147642,0.0085481110805744,-0.1824022025926351,0.0,0.0,0.0100927868852459,0.0295550847457627,0.01036866359447,0.1023102310231023,0.0081760071354244,,-0.0649837132027856,-0.0028871724026461,-1249.7692103970264,4646600000.0,8085600000.0,-289128400000.0,8663300000.0,0.0,19093600000.0,-46182800000.0,0.0,0.0,0.0,0.0,0.0,0.0,-0.0798552583363869,0.1180011897734298,2024-02-12,1.7,amc,3597350000.0,2025-04-25,2023-12-31,0.0764705882352941,72.42761904761905,1281210.8095238097
2023-09-30,PFG,USD,1126328,2023-11-01,2023-11-01 13:57:37,2023,Q3,4598700000.0,0.0,4598700000.0,1.0,0,0.0,0.0,1286100000.0,1286100000.0,1286100000.0,1286100000.0,0.0,0.0,10000000.0,1604900000.0,0.3489899319,1604900000.0,0.3489899319,-1707700000.0,1604900000.0,0.3489899319,358700000.0,1246200000.0,0.2709896275,5.17,5.1,241100000,244300000,https://www.sec.gov/Archives/edgar/data/1126328/000110465923113318/0001104659-23-113318-index.htm,https://www.sec.gov/Archives/edgar/data/1126328/000110465923113318/pfg-20230930x10q.htm,19.07382828701784,5.168809622563252,4.3575279925342185,4.267109079220241,24.18083782662795,44.26213189547905,31.512235586893404,44.47490667772709,16.399834093737038,17376077000.0,16765777000.0,3.4858122692986675,3.7784758736164568,16.539193809765077,16.889654954208453,1.620464333342659,1.620464333342659,3.645764455172114,10.446617857810455,15.95828766034484,16.296439557053304,0.0717192954428091,0.0592078406996009,0.3687435302017178,0.0137339353942341,-0.3802729142002617,0.2455046661108571,0.0,0.8430428494623656,0.0089836158069511,0.1252607928101428,0.0,0.0,0.0106773185133726,0.0207500476116029,0.0047404701328636,2.18,0.0052406114771565,71.91906788859866,-0.1467861812271051,0.0043753028164563,-1197.550808793032,-14027200000.0,7597600000.0,-272664100000.0,-9995100000.0,0.0,19239750000.0,-34470600000.0,0.0,0.0,0.0,0.0,0.0,0.0,0.1162185602775368,0.0904189133139776,2023-10-26,1.65,amc,3603990000.0,2025-04-25,2023-09-30,0.0424242424242424,77.6184126984127,987318.7301587302
2023-06-30,PFG,USD,1126328,2023-08-02,2023-08-02 14:04:34,2023,Q2,3557300000.0,0.0,3557300000.0,1.0,0,0.0,0.0,1252700000.0,1252700000.0,1252700000.0,1252700000.0,0.0,0.0,9000000.0,453600000.0,0.1275124392,453600000.0,0.1275124392,-1851000000.0,453600000.0,0.1275124392,64800000.0,388800000.0,0.1092963765,1.6,1.58,242700000,245500000,https://www.sec.gov/Archives/edgar/data/1126328/000110465923086723/0001104659-23-086723-index.htm,https://www.sec.gov/Archives/edgar/data/1126328/000110465923086723/pfg-20230630x10q.htm,14.65718994643593,1.6019777503090236,4.542645241038319,4.456530696332921,281.4820766378245,42.622579316028016,29.61598681499794,42.80799340749897,16.560362587556654,18406368000.0,18351668000.0,11.83537037037037,5.174252382424873,16.69511836734694,17.017721893491125,1.7716317435872757,1.7716317435872757,5.158875551682455,40.45782186948853,16.645503854875283,16.96714866863905,0.0211231243447919,0.0587622718398328,0.386852110303672,0.3776130480941778,-0.1205908289241622,0.2041471860170277,0.0,2.8356481481481484,0.008415565743334,0.3984053497942387,0.0,0.0,0.2965791970837209,0.0189569160997732,0.0058752424591684,2.3222222222222224,0.0070559131925898,39.28094565968653,-0.0376193747520585,0.0519300120208361,209.6291718170581,-15881800000.0,7187800000.0,3774700000.0,-11767400000.0,0.0,20223100000.0,-67632250000.0,0.0,0.0,0.0,0.0,0.0,0.0,0.0374223976129746,0.0861145447053976,2023-07-27,1.65,amc,3479840000.0,2025-04-25,2023-06-30,-0.0727272727272726,72.08064516129032,1435224.5161290322
2023-03-31,PFG,USD,1126328,2023-05-03,2023-05-03 14:54:32,2023,Q1,2819000000.0,0.0,2819000000.0,1.0,0,0.0,0.0,1242900000.0,1242900000.0,1242900000.0,3031500000.0,0.0,5600000.0,8300000.0,-212500000.0,-0.0753813409,-206900000.0,-0.0733948209,-1788600000.0,-212500000.0,-0.0753813409,-78000000.0,-134500000.0,-0.0477119546,-0.55,-0.55,243400000,243400000,https://www.sec.gov/Archives/edgar/data/1126328/000110465923055435/0001104659-23-055435-index.htm,https://www.sec.gov/Archives/edgar/data/1126328/000110465923055435/pfg-20230331x10q.htm,11.581758422350042,-0.5525883319638455,2.8566146261298275,2.7276088742810187,287.7477403451109,-1186.8640098603123,-1199.894412489729,42.15612161051767,19.38537387017255,18089488000.0,18161388000.0,-33.62358364312268,6.416987584249734,26.01681001006759,27.247308329567705,1.7629705286137531,1.7629705286137531,6.442493082653424,-85.46535529411764,26.120218610671653,27.355607772254857,-0.0074352574268547,0.0367008729047499,0.4593014189926711,0.4480997974765386,-0.3383529411764706,0.2255798806213909,-36.94642857142857,-5.169516728624536,0.0085961526384826,-1.1561338289962826,0.0,0.0,0.301560286385289,0.0451603624334819,0.0111387016672578,3.783132530120482,0.0100035473572188,,0.0126732792757098,-0.0183100317192371,-1149.773829087921,-15932300000.0,-292054300000.0,-294759100000.0,-11774500000.0,0.0,10262200000.0,-97812900000.0,0.0,0.0,0.0,0.0,0.0,0.0,-0.0131081397162014,0.1290057518488085,2023-04-27,1.54,amc,3367830000.0,2025-04-25,2023-03-31,-0.0389610389610389,84.8466129032258,1929773.3548387096
2022-12-31,PFG,USD,1126328,2023-02-16,2023-02-16 16:59:23,2022,Q4,3122000000.0,0.0,3122000000.0,1.0,0,0.0,0.0,1234700000.0,3854400000.0,3854400000.0,3117100000.0,0.0,0.0,9000000.0,275800000.0,0.0883408072,-20100000.0,-0.0064381807,737300000.0,4900000.0,0.0015695067,-10600000.0,15500000.0,0.0049647662,0.0637,0.0637,243500000,243500000,https://www.sec.gov/Archives/edgar/data/1126328/000110465923022860/0001104659-23-022860-index.htm,https://www.sec.gov/Archives/edgar/data/1126328/000110465923022860/pfg-20221231x10k.htm,12.821355236139633,0.0636550308008213,4.77700205338809,4.653798767967146,278.1843942505133,42.31950718685832,29.459137577002053,41.07474332648871,16.746201232032853,20434520000.0,19664220000.0,329.5890322580645,6.545329916720052,17.567503438789547,18.03258030356513,2.043104672205725,2.043104672205725,6.2985970531710445,71.29883973894127,16.905278541953233,17.35282386163078,0.0007585203860917,0.0554551807431738,0.4077006908825499,0.0134575425867841,-2.792965917331399,0.5319390338917024,0.0,0.2397263097151807,0.0076439280198409,10.07741935483871,0.0,0.0,0.0103348197784325,0.0257909215955983,0.0096092248558616,0.1013856032443393,0.0067264573991031,7.669994534589192,0.0124574605013932,5.168849644166386e-05,-1118.2022587268991,-9612100000.0,7173300000.0,-281776100000.0,-5484500000.0,0.0,10334850000.0,-47320150000.0,0.0,0.0,0.0,0.0,0.0,0.0,0.0015497365447873,0.1232032854209445,2023-01-30,1.52,amc,3344335138.0,2025-04-25,2022-12-31,0.1184210526315789,85.78507936507937,1751485.7777777778
2022-09-30,PFG,USD,1126328,2022-11-02,2022-11-02 13:01:50,2022,Q3,4600900000.0,0.0,4600900000.0,1.0,0,0.0,0.0,1210800000.0,1111500000.0,1111500000.0,2870800000.0,0.0,0.0,8400000.0,1734200000.0,0.3769262536,1738300000.0,0.3778173836,-1759300000.0,1730100000.0,0.3760351236,348700000.0,1385500000.0,0.3011367341,5.59,5.5,248000000,251900000,https://www.sec.gov/Archives/edgar/data/1126328/000110465922113860/0001104659-22-113860-index.htm,https://www.sec.gov/Archives/edgar/data/1126328/000110465922113860/pfg-20220930x10q.htm,18.552016129032257,5.586693548387097,4.721774193548387,4.582258064516129,268.74475806451613,39.28790322580645,26.89717741935484,38.089516129032255,16.320564516129032,17893200000.0,17701100000.0,3.228653915553952,3.889065182898998,15.280273270708795,15.745512143611403,1.8942220152018805,1.8942220152018805,3.847312482340412,10.207069542152,15.116225448334756,15.576469552974304,0.0774316500122951,0.0635101602843538,0.4284791768118396,0.0138450192479118,-0.1107715373082689,0.4745623882783177,0.0,0.8451822446770119,0.0087966378288958,0.1136051966798989,0.0,0.0,0.0105112685971361,0.0295473953885567,0.0075202677736964,4.119047619047619,0.0043687104696907,69.19447387930009,-0.2053237222764068,0.0047896346153513,-870.771370967742,-10905300000.0,6670500000.0,-272750600000.0,-6826300000.0,0.0,21600250000.0,-5442200000.0,0.0,0.0,0.0,0.0,0.0,0.0,0.1466727361266964,0.139516129032258,2022-10-27,1.45,amc,3160031155.0,2025-04-25,2022-09-30,0.1655172413793103,71.82890625,1591094.796875
2022-06-30,PFG,USD,1126328,2022-08-09,2022-08-09 13:04:12,2022,Q2,6658700000.0,0.0,6658700000.0,1.0,0,0.0,0.0,1335700000.0,1458500000.0,1458500000.0,2761600000.0,0.0,0.0,8600000.0,3881900000.0,0.5829816631,3866700000.0,0.5806989352,-1303100000.0,3897100000.0,0.5852643909,822500000.0,3059400000.0,0.4594590536,12.11,11.94,252600000,256300000,https://www.sec.gov/Archives/edgar/data/1126328/000110465922087770/0001104659-22-087770-index.htm,https://www.sec.gov/Archives/edgar/data/1126328/000110465922087770/pfg-20220630x10q.htm,26.360649247822643,12.111638954869358,3.1955661124307206,3.091448931116389,278.61718131433094,44.92121931908155,32.51227236737925,43.69279493269992,17.211401425178146,16871154000.000002,18045654000.0,1.378632575014709,2.533700872542689,20.9008349851338,21.60475605071072,1.5286273195129023,1.5286273195129023,2.7100866535509933,4.648665344290167,22.35586471754212,23.10878985785632,0.1813391069751363,0.0462861046731006,0.393918527109307,0.0142756243615519,0.30255802570906,1474.793721973094,0.0,0.2638425835131071,0.0095844066149831,0.0528535006864091,0.0,0.0,0.0102923324503828,0.0325817641228939,0.0039497199152987,3.058139534883721,0.0032739123252286,109.11830981079736,0.0177270495766848,0.0101502060630511,-903.6559778305622,98596800000.0,8212600000.0,-194536300000.0,102724600000.0,1187200000.0,11265400000.0,-9391300000.0,0.0,0.0,0.0,0.0,0.0,0.0,0.2771999130182662,0.1041171813143309,2022-08-08,1.39,amc,3342088567.0,2025-04-25,2022-06-30,0.1870503597122302,70.33903225806452,1739652.661290323
2022-03-31,PFG,USD,1126328,2022-05-04,2022-05-04 14:53:51,2022,Q1,3110000000.0,0.0,3110000000.0,1.0,0,0.0,0.0,1181000000.0,-2686500000.0,-2686500000.0,2682000000.0,0.0,0.0,9600000.0,423500000.0,0.1361736334,423500000.0,0.1361736334,373900000.0,428000000.0,0.1376205788,47300000.0,376200000.0,0.1209646302,1.45,1.43,259400000,263800000,https://www.sec.gov/Archives/edgar/data/1126328/000110465922055741/0001104659-22-055741-index.htm,https://www.sec.gov/Archives/edgar/data/1126328/000110465922055741/pfg-20220331x10q.htm,11.989205859676176,1.4502698535080956,0.1214340786430223,0.0235158057054741,285.8704703161141,-1076.7561222050886,-1089.3324521973786,45.865844255975325,17.578257517347726,19042554000.0,20861154000.0,12.654541467304623,6.1230077170418005,604.5255238095237,3121.7301639344264,1.600537419311458,1.600537419311458,6.70776655948553,49.25892325855962,662.2588571428571,3419.86131147541,0.0197557533511523,0.0003203351819299,0.3832537654653039,0.3740772182896769,4.294214876033058,273.90551181102364,0.0,0.0837320574162679,0.0087698320298842,0.443912812333865,0.0,0.0,0.2676328148660934,0.8063492063492064,0.0081672025723472,2.645833333333333,0.0091318327974276,38.68658233390636,0.0024318663470041,0.0421410526899932,-846.2355435620663,76249800000.0,-282572838100.0,-214970800000.0,80532300000.0,1187200000.0,0.0,-7223950000.0,68.71254019292606,0.0,0.0,1.3098045822102429,0.0,0.0,0.0316198224852071,0.0979182729375481,2022-04-28,1.56,amc,3550038905.0,2025-04-25,2022-03-31,0.0448717948717947,72.39306451612903,1750273.4838709678
2021-12-31,PFG,USD,1126328,2022-02-11,2022-02-11 15:43:04,2021,Q4,4091100000.0,0.0,4091100000.0,1.0,0,3663300000.0,0.0,-3663300000.0,-1324000000.0,-3663300000.0,3482100000.0,0.0,0.0,8300000.0,575600000.0,0.1406956564,575600000.0,0.1406956564,-2158100000.0,609000000.0,0.1488597199,103800000.0,471800000.0,0.1153235071,1.79,1.76,267414384,268399999,https://www.sec.gov/Archives/edgar/data/1126328/000110465922020401/0001104659-22-020401-index.htm,https://www.sec.gov/Archives/edgar/data/1126328/000110465922020401/pfg-20211231x10k.htm,15.298728283815878,1.7643030002454916,4.157592360476765,4.079062553344176,300.98044389414747,122.21967835507309,110.14777724148152,60.30266494565229,16.304283766575548,19342082394.72,21370082394.72,10.24908986579059,4.727843952658209,17.39708796071236,17.732015396699673,1.199449478148061,1.199449478148061,5.223554152848867,37.126619865740096,19.221157037884517,19.59120131529153,0.0243924097918635,0.0563951687176023,0.2703741829862705,0.0135734759336979,3.523280055594163,1031.690476190476,0.0,2.200712589073634,0.0087115749256655,0.3571428571428571,0.8954315465278287,0.0,0.0100499759195329,0.0188882892606583,0.0051330937889565,2.5301204819277108,0.0053775268265258,48.92671954509409,0.0028503800039504,0.0014837107864642,-790.2332957527071,82249100000.0,29455100000.0,-206202500000.0,86515300000.0,0.0,0.0,-46325950000.0,0.0,0.0,0.0,0.0,0.0,0.0,0.0292574631956244,0.0785298071325886,2022-02-07,1.65,amc,3800349598.0,2025-04-25,2021-12-31,0.1212121212121213,69.785625,1474210.703125
2021-09-30,PFG,USD,1126328,2021-10-28,2021-10-28 13:50:52,2021,Q3,3423700000.0,0.0,3423700000.0,1.0,0,1196500000.0,0.0,1196500000.0,1196500000.0,1196500000.0,2995600000.0,0.0,0.0,8000000.0,423700000.0,0.1237550019,423700000.0,0.1237550019,-1799100000.0,428100000.0,0.1250401612,63800000.0,359900000.0,0.1051201916,1.34,1.32,271900000,272651515,https://www.sec.gov/Archives/edgar/data/1126328/000110465921130910/0001104659-21-130910-index.htm,https://www.sec.gov/Archives/edgar/data/1126328/000110465921130910/pfg-20211231x10q.htm,12.591761677087163,1.323648400147113,3.579992644354542,3.3479220301581463,293.1316660536962,120.08753218094888,108.03236484001472,59.32033835969106,16.0132401618242,17510360000.0,18718960000.0,12.163350930814117,5.114455121652014,17.98886377645367,19.2358123695485,1.085631029437294,1.085631029437294,5.467465023220493,44.179749822987965,19.23049106225601,20.56350653630671,0.0205535465861352,0.0519863669279215,0.2699451925699972,0.0138033357533026,2.8524899693179138,38.126060606060605,0.0,2.7046401778271743,0.009605741972181,0.4673520422339539,0.3494757134094693,0.0,0.0103914960799667,0.0648243271008835,0.0184303531267342,7.8875,0.0059876741536933,42.03193543883967,0.0366940499329777,0.0011529595083439,-905.2144170650976,3062900000.0,29374000000.0,-279633800000.0,7406100000.0,0.0,0.0,-85680900000.0,0.0,0.0,0.0,0.0,0.0,0.0,0.0223135679388934,0.2320706141963957,2021-10-26,1.6,amc,4023550000.0,2025-04-25,2021-09-30,0.0562499999999999,64.20140625,1083806.671875
2021-06-30,PFG,USD,1126328,2021-07-29,2021-07-29 16:49:37,2021,Q2,3539400000.0,0.0,3539400000.0,1.0,0,1265100000.0,0.0,1265100000.0,1265100000.0,1265100000.0,3106800000.0,0.0,0.0,9000000.0,422800000.0,0.1194552749,422800000.0,0.1194552749,-1841700000.0,432600000.0,0.1222241058,61000000.0,361800000.0,0.1022207154,1.34,1.32,275100000,275530303,https://www.sec.gov/Archives/edgar/data/1126328/000110465921097627/0001104659-21-097627-index.htm,https://www.sec.gov/Archives/edgar/data/1126328/000110465921097627/pfg-20210630x10q.htm,12.865866957470011,1.3151581243184296,3.608869501999273,3.525627044711014,286.687749909124,119.76772082878954,107.4918211559433,59.00799709196656,15.856779352962558,17383569000.0,19328369000.0,12.0118635986733,4.911445160196643,17.50963839645447,17.923052892050727,1.07087179897863,1.07087179897863,5.460916822060236,45.71515846736045,19.468542506043512,19.92820806268687,0.0208127571501571,0.0557940662242603,0.2687225483733852,0.0136822384646484,4.599810785241249,26.979910714285715,0.0,2.744057490326147,0.0095032268690048,0.4566058595909342,0.3574334632988642,0.0,0.0105924275638357,0.0230660757453666,0.0064700231677685,2.5444444444444443,0.0,41.78646972936703,0.0397228315985796,0.001146951132527,-907.4372955288986,2327800000.0,29571000000.0,-283456600000.0,6735600000.0,0.0,0.0,-42629800000.0,0.0,0.0,0.0,0.0,0.0,0.0,0.0222877946910941,0.0832424572882588,2021-07-27,1.51,amc,4023550000.0,2025-04-25,2021-06-30,0.1258278145695364,63.93555555555556,1344157.396825397
2021-03-31,PFG,USD,1126328,2021-04-29,2021-04-29 12:57:27,2021,Q1,3208500000.0,0.0,3208500000.0,1.0,0,1201700000.0,0.0,1201700000.0,1201700000.0,1201700000.0,2594600000.0,0.0,0.0,7100000.0,614700000.0,0.1915848527,614700000.0,0.1915848527,-1392900000.0,613900000.0,0.191335515,97600000.0,517100000.0,0.1611656537,1.89,1.87,275684193,276300000,https://www.sec.gov/Archives/edgar/data/1126328/000110465921057312/0001104659-21-057312-index.htm,https://www.sec.gov/Archives/edgar/data/1126328/000110465921057312/pfg-20210331x10q.htm,11.638316891095748,1.8756969500968088,0.510729318456064,0.4276632574287637,282.0052871148837,113.00430271676838,100.67388956174212,55.88096957013418,15.827530597664698,16530024212.28,18889924212.28,7.991696099535873,5.151947705245442,117.40074014403407,140.2037677038168,1.07299498310863,1.07299498310863,5.887462743425276,30.730314319635596,134.16139355312498,160.21988305581,0.0312824708154904,0.0071324759411068,0.2832365064425043,0.0140155425602375,3.8391085082153897,18.197093551316986,0.0,0.2722877586540321,0.0092074880257544,0.2943337845677818,0.3745363877201184,0.0,0.0109187866858448,0.1626420454545454,0.0071372915692691,0.0,0.0167056256817827,48.562894212566746,0.0609185172762868,0.0016792968451887,-734.2745980361667,1893400000.0,27754200000.0,-278168800000.0,6336400000.0,861900000.0,0.0,0.0,0.0,0.0,0.0,0.0,0.0,0.0,0.0335659342442634,0.0830660610273001,2021-04-27,1.34,amc,2753563432.0,2025-04-25,2021-03-31,0.1417910447761193,55.73622950819672,1711928.1147540985
2020-12-31,PFG,USD,1126328,2021-02-12,2021-02-12 17:00:44,2020,Q4,3765100000.0,0.0,3765100000.0,1.0,0,1161800000.0,0.0,1161800000.0,0.0,-3484700000.0,3173500000.0,0.0,0.0,-591600000.0,572700000.0,0.1521075137,572700000.0,0.1521075137,-2011700000.0,591600000.0,0.1571273007,100100000.0,472600000.0,0.1255212345,1.72,1.71,276583243,277200000,https://www.sec.gov/Archives/edgar/data/1126328/000110465921022074/0001104659-21-022074-index.htm,https://www.sec.gov/Archives/edgar/data/1126328/000110465921022074/pfg-20201231x10k.htm,13.612899896469866,1.708708000072152,2.271287273900393,2.17764457986343,294.88445907042893,120.98527603134656,108.56948408837624,59.86949831230376,15.777890058220194,13721294685.23,15235394685.23,7.258408106871562,3.6443373841943103,21.842239231502703,22.78149540964635,0.8286356391565866,0.8286356391565866,4.046478097588377,26.60274958133403,24.25245890676536,25.29535893280757,0.034442813950255,0.0438952747402425,0.2635380369468986,0.0139211395945231,2.64379256155055,983.2809917355372,0.0,1.3292424883622511,0.0112015668729458,0.3252221752010156,0.308570821492125,0.0,0.0109546949672523,0.0412289079910856,0.0068789673581046,0.1028185788011115,0.0054713022230485,47.97643735571808,0.0028154939289832,0.0015243248508493,-712.8322304037775,83199200000.0,30028500000.0,-196726500000.0,87652200000.0,861900000.0,0.0,0.0,41.20528007224243,0.0,0.0,2.184186100475693,0.0,0.0,0.0285405431520209,0.093642694036963,2021-01-28,1.42,amc,3606011267.0,2025-04-25,2020-12-31,0.0422535211267606,45.80609375,1490974.53125
2020-09-30,PFG,USD,1126328,2020-10-29,2020-10-29 12:30:42,2020,Q3,3310700000.0,0.0,3310700000.0,1.0,0,1165900000.0,0.0,1165900000.0,1165900000.0,1165900000.0,3035600000.0,0.0,0.0,-275100000.0,275200000.0,0.0831244148,275200000.0,0.0831244148,-1869700000.0,275100000.0,0.0830942097,39200000.0,236000000.0,0.0712840185,0.86,0.85,276800000,277647058,https://www.sec.gov/Archives/edgar/data/1126328/000110465920119392/0001104659-20-119392-index.htm,https://www.sec.gov/Archives/edgar/data/1126328/000110465920119392/pfg-20200930x10q.htm,11.960621387283236,0.8526011560693642,3.845014450867052,3.713150289017341,289.2008670520231,114.65281791907516,102.51842485549132,56.54226878612717,15.735549132947977,11146736000.0,11945636000.0,11.807983050847458,3.36688192829311,10.473302640233015,10.845238373224364,0.7122105438025929,0.7122105438025929,3.608190412903616,43.407107558139536,11.22393685990792,11.622529675034054,0.0211721171112332,0.0922063642666337,0.2782970947357659,0.0147898333308432,2.9029796511627906,38.534127843987,0.0,4.509745762711864,0.0137887898304938,0.6512711864406779,0.3521611743739994,0.0,0.0114051088694178,0.0342948416799774,0.0110248587911921,0.0,0.0059504032379859,32.93448168730346,0.0235856029819731,0.0008106043536323,-660.0899566473988,3464400000.0,28377100000.0,-259207000000.0,7822000000.0,0.0,0.0,0.0,0.0,0.0,0.0,0.0,0.0,0.0,0.0150790050412436,0.1318641618497109,2020-10-26,1.39,amc,5414458823.0,2025-04-25,2020-09-30,-0.3884892086330935,42.62421875,1380365.1875
2020-06-30,PFG,USD,1126328,2020-07-29,2020-07-29 15:09:28,2020,Q2,3114600000.0,0.0,3114600000.0,1.0,0,983300000.0,0.0,983300000.0,983300000.0,983300000.0,2616000000.0,0.0,0.0,-498600000.0,480800000.0,0.1543697425,480800000.0,0.1543697425,-1632700000.0,498600000.0,0.1600847621,82500000.0,398300000.0,0.1278815899,1.45,1.45,274689655,275600000,https://www.sec.gov/Archives/edgar/data/1126328/000110465920087765/0001104659-20-087765-index.htm,https://www.sec.gov/Archives/edgar/data/1126328/000110465920087765/pfg-20200630x10q.htm,11.338614117084242,1.450000000910118,1.663695707797951,1.5603063027619295,281.8438866946045,112.43707011827584,100.27716551611672,55.492078869879535,15.434509173634517,11410608268.7,12499908268.7,7.162068961021843,3.6635870637321,24.96850824660832,26.622977761782547,0.7485753074309032,0.7485753074309032,4.013326998234123,25.99814531759567,27.352096868052516,29.16450832641157,0.034906114610258,0.0375615383428485,0.2781389612349194,0.0147784624919436,2.2655990016638934,34.02159827213823,0.0,1.1473763494853126,0.0134523941568531,0.3853878985689179,0.3157066718037629,0.0,0.0116430455965257,0.062144420131291,0.0091183458550054,0.0,0.0076414306813073,42.54913717416803,0.0421082440460844,0.0014047227321381,-650.1111226776997,3057800000.0,27545100000.0,-252848000000.0,7391100000.0,0.0,0.0,0.0,0.0,0.0,0.0,0.0,0.0,0.0,0.0261298554755922,0.1033894050360214,2020-07-27,1.3,amc,1956589041.0,2025-04-25,2020-06-30,0.123076923076923,36.48174603174603,1975270.2222222225
2020-03-31,PFG,USD,1126328,2020-04-29,2020-04-29 14:55:37,2020,Q1,4551300000.0,0.0,4551300000.0,1.0,0,1335500000.0,0.0,1335500000.0,1335500000.0,1335500000.0,4223100000.0,0.0,0.0,-328200000.0,332100000.0,0.0729681629,332100000.0,0.0729681629,-2887600000.0,328200000.0,0.0721112649,43200000.0,288900000.0,0.0634763694,1.05,1.04,277200000,277788461,https://www.sec.gov/Archives/edgar/data/1126328/000110465920053218/0001104659-20-053218-index.htm,https://www.sec.gov/Archives/edgar/data/1126328/000110465920053218/pfg-20200331x10q.htm,16.41883116883117,1.042207792207792,5.732683982683983,5.667748917748917,260.4274891774892,47.884199134199136,35.86038961038961,46.798701298701296,13.620851370851373,8687448000.0,8980448000.0,7.517694704049845,1.9087838639509591,5.46689824428922,5.529532174909299,0.6696767032052172,0.6696767032052172,1.973161074857733,27.04139716952725,5.651279340507205,5.716025714467571,0.0332548753097572,0.1808471256461045,0.2910519094090621,0.0152735707397267,0.8822643781993376,28.950124688279303,0.0,5.500519210799585,0.0176806813692582,0.5316718587746625,0.2934326456177356,0.0,0.0134827479078076,0.0113271663205588,0.0039549139806209,0.0,0.0051633599191439,33.12724484576112,0.0312610870862078,0.0011846388143278,-583.4805194805194,3362400000.0,9940500000.0,-230448600000.0,7669200000.0,870150000.0,0.0,0.0,0.0,0.0,0.0,0.0,0.0,0.0,0.0222700152629388,0.0649350649350649,2020-04-27,1.14,amc,3406419130.0,2025-04-25,2020-03-31,0.0087719298245614,47.309677419354834,1816989.483870968
2019-12-31,PFG,USD,1126328,2020-02-14,2020-02-14 12:01:06,2019,Q4,4047200000.0,0.0,4047200000.0,1.0,0,1222600000.0,0.0,1222600000.0,0.0,-3281300000.0,3675900000.0,0.0,0.0,63000000.0,434500000.0,0.1073581736,356900000.0,0.0881844238,-2453300000.0,371300000.0,0.0917424392,56000000.0,300900000.0,0.0743476972,1.08,1.07,280400000,281708074,https://www.sec.gov/Archives/edgar/data/1126328/000110465920021174/0001104659-20-021174-index.htm,https://www.sec.gov/Archives/edgar/data/1126328/000110465920021174/pfg-20191231x10k0da4e5.htm,14.433666191155492,1.0731098430813124,3.667617689015692,3.545292439372325,258.9946504992867,52.132667617689016,39.72004279600571,52.132667617689016,13.650142653352354,15422000000.0,16733600000.0,12.813226985709536,3.810535678987942,14.99611046285492,15.513529825973242,1.0550006840881103,1.0550006840881103,4.134611583316861,38.51231300345224,16.271489692726565,16.832914193743083,0.0195110880560238,0.0644598625340422,0.2618347243124914,0.0138667487863198,3.0186421173762947,796.1713062098501,0.0,3.261655566127497,0.0098819867721436,0.5064805583250249,0.3020853923700336,0.0,0.0126095935077168,0.0333527810190587,0.0084749950583119,0.5444444444444444,0.0039286420241154,35.47875099618278,0.0020008425888988,0.0011040601454101,-668.5972717546363,74269000000.0,11137500000.0,-187039600000.0,78717200000.0,870150000.0,0.0,0.0,38.70008895038545,0.0,0.0,2.3255760501063034,0.0,0.0,0.0205842112464085,0.1223252496433666,2020-01-28,1.41,amc,3089940425.0,2025-04-25,2019-12-31,0.0,54.73671875,934180.5625
2019-09-30,PFG,USD,1126328,2019-10-30,2019-10-30 13:10:00,2019,Q3,4458400000.0,0.0,4458400000.0,1.0,0,1242300000.0,0.0,1242300000.0,1242300000.0,1242300000.0,4112700000.0,0.0,0.0,59600000.0,0.0,0.0,338200000.0,0.0758568096,-2870400000.0,345700000.0,0.0775390275,61100000.0,277100000.0,0.0621523416,0.99,0.98,281400000,282755102,https://www.sec.gov/Archives/edgar/data/1126328/000110465919057616/0001104659-19-057616-index.htm,https://www.sec.gov/Archives/edgar/data/1126328/000110465919057616/pfg-20190930x10qcc2bea.htm,15.84363894811656,0.9847192608386638,6.348258706467662,6.2320540156361055,253.26652452025587,52.6090973702914,40.198294243070364,52.6090973702914,13.717128642501777,16079196000.0,16741196000.0,14.506672681342476,3.606494706621209,9.0008934169279,9.168726692136625,1.086123937801435,1.086123937801435,3.754978467611699,0.0,9.371471115091804,9.546214289787306,0.0172334487371134,0.1090663985935615,0.2607368179300469,0.0142873111650524,0.0,27.17077315208156,0.0,6.276879831342235,0.0095154011431914,0.5521472392638037,0.2786425623542078,0.0,0.0129266853660179,0.0183049708911777,0.007334469764938,0.5486577181208053,0.0046877803696393,34.14113074001664,0.029128279382399,0.0010390831769021,-654.2160625444208,3080300000.0,11311800000.0,-252167600000.0,7534400000.0,0.0,0.0,0.0,0.0,0.0,0.0,0.0,0.0,0.0,0.0187176612042528,0.1162046908315565,2019-10-24,1.46,amc,4159456910.0,2025-04-25,2019-09-30,-0.1575342465753424,56.2965625,1157826.84375
2019-06-30,PFG,USD,1126328,2019-07-31,2019-07-31 13:38:11,2019,Q2,3972600000.0,0.0,3972600000.0,1.0,0,1046300000.0,0.0,1046300000.0,1046300000.0,1046300000.0,3522300000.0,0.0,0.0,53200000.0,0.0,0.0,444500000.0,0.1118914565,-2476000000.0,450300000.0,0.1133514575,58200000.0,386300000.0,0.0972411015,1.38,1.37,281200000,281970802,https://www.sec.gov/Archives/edgar/data/1126328/000141057819000603/0001410578-19-000603-index.htm,https://www.sec.gov/Archives/edgar/data/1126328/000141057819000603/pfg-20190630x10q.htm,14.127311522048364,1.37375533428165,5.341394025604552,5.213371266002845,243.89758179231865,49.910028449502136,41.33179231863443,49.910028449502136,13.652916073968706,16512064000.0,17035364000.0,10.6860367589956,4.1564879424054775,10.99338482023968,11.263345156889494,1.1765170612838178,1.1765170612838178,4.288215274631224,0.0,11.341786950732358,11.620302864938608,0.023395015910791,0.0887835706063154,0.2735505568341325,0.0143333580983734,0.0,34.32608695652174,0.0,3.83065544503953,0.009108491827551,0.3893347139528864,0.2633791471580325,0.0,0.0090057632852928,0.0239680426098535,0.0090620752152242,0.6766917293233082,0.0052610381110607,39.277140627528894,0.0463238463702817,0.0014553276936088,-658.7197724039829,3219300000.0,11622500000.0,-250500100000.0,6591000000.0,0.0,0.0,0.0,0.0,0.0,0.0,0.0,0.0,0.0,0.027524635368052,0.1280227596017069,2019-07-25,1.4,amc,2707434210.0,2025-04-25,2019-06-30,0.0857142857142858,55.10746031746032,1283502.7777777778
2019-03-31,PFG,USD,1126328,2019-05-02,2019-05-02 11:47:47,2019,Q1,3743900000.0,0.0,3743900000.0,1.0,0,992700000.0,0.0,992700000.0,992700000.0,992700000.0,3217900000.0,0.0,0.0,51000000.0,0.0,0.0,503800000.0,0.13456556,-2225200000.0,526000000.0,0.1404952055,73900000.0,429900000.0,0.1148267849,1.54,1.53,280900000,280980392,https://www.sec.gov/Archives/edgar/data/1126328/000110465919026296/0001104659-19-026296-index.htm,https://www.sec.gov/Archives/edgar/data/1126328/000110465919026296/a19-6590_110q.htm,13.328230687077252,1.530437878248487,4.187967248131008,4.083303666785333,232.76148095407612,45.19188323246707,36.57351370594517,45.19188323246707,11.784620861516554,14601182000.0,15651782000.0,8.491033961386368,3.8999925211677664,12.411749404964295,12.729888404533568,1.150206547769095,1.150206547769095,4.18060899062475,0.0,13.304812988779329,13.645843068875326,0.0294428218208635,0.0785552840859048,0.2607685278548021,0.0127637293085346,0.0,34.13444108761329,0.0,2.602079186020792,0.0102868384217113,0.3493835775761805,0.2651513128021582,0.0,0.0093344144890286,0.0249914994899694,0.0078527738454552,0.5764705882352941,0.0066508186650284,39.44839442217999,0.0626637396000159,0.001673210571546,-645.3364186543254,2193500000.0,10273500000.0,-244398000000.0,5547600000.0,0.0,0.0,0.0,0.0,0.0,0.0,0.0,0.0,0.0,0.033865326443156,0.1046635813456746,2019-04-25,1.31,amc,2471960839.0,2025-04-25,2019-03-31,0.0916030534351144,49.562295081967214,1865514.9672131147
2018-12-31,PFG,USD,1126328,2019-02-13,2019-02-13 13:11:31,2018,Q4,3770600000.0,0.0,3770600000.0,1.0,0,1056600000.0,0.0,1056600000.0,1056600000.0,4136700000.0,3527700000.0,0.0,0.0,53200000.0,0.0,0.0,-14603300000.0,-3.872937994,14846200000.0,242900000.0,0.0644194558,11200000.0,236500000.0,0.0627221132,0.84,0.83,284397006,285200000,https://www.sec.gov/Archives/edgar/data/1126328/000104746919000469/0001047469-19-000469-index.htm,https://www.sec.gov/Archives/edgar/data/1126328/000104746919000469/a2237639z10-k.htm,13.25822677612858,0.8315840005713703,5.072486592914413,5.006030197097082,221.82371357313093,41.65725992206824,33.16525772426732,40.04964806134422,11.61228821093848,12561815755.02,12886815755.02,13.278875005306556,3.331516404556304,8.70776081728823,8.823358681618318,1.10288110228446,1.10288110228446,3.4177095833607383,0.0,8.933048492319424,9.051637111062725,0.0188268960962501,0.1133355263096464,0.289947322212467,0.0135885162739198,0.0,43.658357771261,0.0,6.226154510142425,0.0121081221828315,0.6431289640591966,0.2802206545377393,0.0,0.0099372068593924,0.0131013447941217,0.005012464859704,0.3552631578947368,0.0045350872540179,27.374341042614727,-1.9639008869807508,0.0009828734815331,-591.0853365312854,2909300000.0,9432100000.0,-228211400000.0,6091700000.0,0.0,0.0,0.0,0.0,0.0,0.0,0.0,0.0,0.0,0.0207638279192273,0.0664563958173315,2019-01-29,1.33,amc,3444997297.0,2025-04-25,2018-12-31,-0.1654135338345864,49.22142857142857,2043616.4603174604
2018-09-30,PFG,USD,1126328,2018-10-31,2018-10-31 12:11:42,2018,Q3,4348100000.0,0.0,4348100000.0,1.0,0,1105000000.0,0.0,1105000000.0,1105000000.0,1105000000.0,3779000000.0,0.0,0.0,50700000.0,0.0,0.0,565400000.0,0.1300338079,-2674000000.0,569100000.0,0.1308847543,109100000.0,456300000.0,0.1049423886,1.6,1.59,286981132,287800000,https://www.sec.gov/Archives/edgar/data/1126328/000110465918064974/0001104659-18-064974-index.htm,https://www.sec.gov/Archives/edgar/data/1126328/000110465918064974/a18-18634_110q.htm,15.151170286693272,1.590000000418146,7.232879686320284,7.129040107068781,220.8295003868059,41.526074961611066,32.875332027054654,40.77201841966391,11.434898096366837,16817094335.2,17171994335.2,9.21383647556432,3.8676880327499368,8.10189060808402,8.219900452221516,1.437260215985232,1.437260215985232,3.949309890572894,0.0,8.272869073180132,8.393369341219024,0.0271331058091833,0.121655974523358,0.2804594557637084,0.0126821052696667,0.0,44.75076452599389,0.0,4.512391304347826,0.0089611199768659,0.3302651764190226,0.2541339895586578,0.0,0.009594281613382,0.0143566025918967,0.0068535682252018,0.5877712031558185,0.0044847174627998,38.19187033056998,0.0647138647621456,0.0017805043552705,-639.3005655856149,2861300000.0,9434600000.0,-243914400000.0,6114500000.0,0.0,0.0,0.0,0.0,0.0,0.0,0.0,0.0,0.0,0.038997333515657,0.1038395792515028,2018-10-25,1.67,amc,3434200000.0,2025-04-25,2018-09-30,0.0,55.7379365079365,1305819.6984126985
2018-06-30,PFG,USD,1126328,2018-08-01,2018-08-01 09:46:04,2018,Q2,3234900000.0,0.0,3234900000.0,1.0,0,990100000.0,0.0,990100000.0,990100000.0,990100000.0,2719500000.0,0.0,0.0,50600000.0,0.0,0.0,512500000.0,0.1584283904,-1729400000.0,515400000.0,0.1593248632,55900000.0,456600000.0,0.1411481035,1.59,1.58,288987341,289200000,https://www.sec.gov/Archives/edgar/data/1126328/000110465918048612/0001104659-18-048612-index.htm,https://www.sec.gov/Archives/edgar/data/1126328/000110465918048612/a18-13673_110q.htm,11.193915930040689,1.5800000042216382,3.0856022859492658,3.0246999642797503,213.3439471315804,40.98933869909548,32.48169960496644,40.2761586709087,11.3652037097362,15301879705.95,16244279705.95,8.378164534576216,4.730248139339702,17.16034507788494,17.5058685573161,1.3146735375795795,1.3146735375795795,5.021570900476058,0.0,18.21720276544802,18.58400607018648,0.0298394712789733,0.0571237009306846,0.2821819181565901,0.0130279567162758,0.0,27.78173190984579,0.0,1.9405875952121872,0.0097046900677344,0.3252299605781866,0.3060681937617855,0.0,0.0097523244375337,0.019737579903555,0.0054406627716467,0.3478260869565217,0.00593526847816,37.83936369148549,0.0710421251946666,0.0018289942454377,-618.0371063381631,2257700000.0,9386800000.0,-237916600000.0,5479200000.0,0.0,0.0,0.0,0.0,0.0,0.0,0.0,0.0,0.0,0.0392291632658321,0.0609023216695156,2018-07-26,1.37,amc,2312154074.0,2025-04-25,2018-06-30,-0.0145985401459854,58.104375,1632089.265625
2018-03-31,PFG,USD,1126328,2018-05-02,2018-05-02 10:48:15,2018,Q1,2883600000.0,0.0,2883600000.0,1.0,0,985000000.0,0.0,985000000.0,985000000.0,985000000.0,2426600000.0,0.0,0.0,50600000.0,0.0,0.0,451600000.0,0.1566097933,-1441600000.0,457000000.0,0.1584824525,54500000.0,397100000.0,0.1377098072,1.37,1.36,291985294,292900000,https://www.sec.gov/Archives/edgar/data/1126328/000110465918029622/0001104659-18-029622-index.htm,https://www.sec.gov/Archives/edgar/data/1126328/000110465918029622/a18-8536_110q.htm,9.875839842810713,1.3600000005479729,2.5566356091892763,2.467590028695075,215.5790078934592,42.41172502338423,33.88698062307206,41.738060958645406,11.21529086324464,17784824257.539997,18723824257.54,11.196691171959204,6.167576729622692,23.824278978620228,24.68400313329632,1.4593394757928595,1.4593394757928595,6.493211353010126,0.0,25.082149038901537,25.987264757168628,0.0223280249638478,0.040512067455181,0.2687065619640761,0.0129109966428333,0.0,24.40647857889237,0.0,1.8546583850931675,0.0082823421736962,0.3709393099974817,0.3415869052573172,0.0,0.0098136506378222,0.0348292029470864,0.0090165071438479,0.5138339920948617,0.0074906367041198,35.73772049038878,0.0612724500869657,0.001581143185237,-610.6711661992127,2240000000.0,9894500000.0,-238917200000.0,5504300000.0,0.0,0.0,0.0,0.0,0.0,0.0,0.0,0.0,0.0,0.0325841682462316,0.0890455804942011,2018-04-26,1.35,amc,1934839285.0,2025-04-25,2018-03-31,0.0370370370370369,65.79901639344261,1600699.573770492
2017-12-31,PFG,USD,1126328,2018-02-09,2018-02-09 10:48:53,2017,Q4,3237700000.0,0.0,3237700000.0,1.0,0,1089100000.0,0.0,1089100000.0,1089100000.0,3893800000.0,2922900000.0,0.0,0.0,50900000.0,0.0,0.0,-14749300000.0,-4.5554869197,15064100000.0,314800000.0,0.0972295148,-528100000.0,841800000.0,0.2599993823,2.91,2.86,293500000,294033098,https://www.sec.gov/Archives/edgar/data/1126328/000104746918000695/0001047469-18-000695-index.htm,https://www.sec.gov/Archives/edgar/data/1126328/000104746918000695/a2234426z10-k.htm,11.031345826235096,2.868143100511073,1.9056218057921632,1.798296422487223,211.09097103918228,44.37206132879046,36.2511073253833,43.77955706984668,10.963884156729131,20709360000.0,21456460000.0,6.15032074126871,6.396318374154492,37.027284105131415,39.237135278514586,1.6117111437977167,1.6117111437977167,6.627068598078883,0.0,38.36306096906848,40.65263357332323,0.0406482865718689,0.0254860604093994,0.250433875775334,0.0126718311168097,0.0,45.67259786476868,0.0,0.6635425317356745,0.0068326592420045,0.1680921834164885,0.3363807641226797,0.0,0.0093860310969626,0.0563204005006257,0.0097291287024739,0.618860510805501,0.0063316551873243,53.15294702506634,-5.820020096559963,0.0033463495651295,-609.754003407155,2510600000.0,10639700000.0,-238351200000.0,5653600000.0,0.0,0.0,0.0,0.0,0.0,0.0,0.0,0.0,0.0,0.0655132964441642,0.1073253833049403,2018-01-29,1.37,amc,2763140336.0,2025-04-25,2017-12-31,-0.1313868613138687,68.89238095238096,1064795.380952381
2017-09-30,PFG,USD,1126328,2017-11-01,2017-11-01 11:53:28,2017,Q3,4627800000.0,0.0,4627800000.0,1.0,0,932800000.0,0.0,932800000.0,932800000.0,932800000.0,3470000000.0,0.0,0.0,49300000.0,0.0,0.0,1154800000.0,0.2495354164,-2537200000.0,1157800000.0,0.2501836726,344600000.0,810200000.0,0.1750723886,2.8,2.76,293100000,293550724,https://www.sec.gov/Archives/edgar/data/1126328/000110465917065124/0001104659-17-065124-index.htm,https://www.sec.gov/Archives/edgar/data/1126328/000110465917065124/a17-19948_110q.htm,15.789150460593651,2.764244285226885,6.139883998635278,6.040259297168202,211.70624360286592,41.61173660866599,33.526100307062435,40.929375639713406,11.034459228932104,18858054000.0,19297254000.0,5.818950259195261,4.074950084273305,10.479025338964217,10.651860596475371,1.5719760928278486,1.5719760928278486,4.16985479061325,0.0,10.723079573238495,10.89994012652508,0.0429630756174523,0.0938803123588467,0.2695975459304458,0.0130446216244994,0.0,25.896,0.0,2.2129857353664537,0.0072011672042088,0.1676129350777585,0.2015644582739098,0.0,0.0095586076272034,0.0162258279617692,0.0063096935909071,0.592292089249493,0.0039327542244695,50.45416569496121,0.1081558145864558,0.0032993475827249,-592.58307744797,2800800000.0,9826500000.0,-232823900000.0,5925300000.0,0.0,0.0,0.0,0.0,0.0,0.0,0.0,0.0,0.0,0.0675369277449901,0.099624701467076,2017-10-26,1.29,amc,3161843750.0,2025-04-25,2017-09-30,-0.0077519379844961,64.3215873015873,940455.1904761904
2017-06-30,PFG,USD,1126328,2017-08-02,2017-08-02 10:21:36,2017,Q2,3178300000.0,0.0,3178300000.0,1.0,0,928700000.0,0.0,928700000.0,928700000.0,928700000.0,2812700000.0,0.0,0.0,47400000.0,0.0,0.0,360300000.0,0.1133624894,-1884000000.0,365600000.0,0.1150300475,50800000.0,309500000.0,0.097379102,1.07,1.06,291981132,292700000,https://www.sec.gov/Archives/edgar/data/1126328/000110465917048680/0001104659-17-048680-index.htm,https://www.sec.gov/Archives/edgar/data/1126328/000110465917048680/a17-13274_110q.htm,10.885292409921885,1.0600000002739902,4.473576737828388,4.267056543913941,205.1841486798537,38.81449435575173,30.784523432836064,38.24938934752812,10.852756060963555,18707231127.24,19869631127.24,15.1108490526979,5.885923646993676,14.32187347055581,15.015034214013964,1.6750594216778143,1.6750594216778143,6.251653754283736,0.0,15.21178313216965,15.94801438898788,0.0165444045617916,0.0665999148417971,0.283736714391884,0.0131948721215853,0.0,36.07008547008547,0.0,4.149301143583227,0.0070935136844903,0.4287560581583198,0.2922002328288707,0.0,0.0097629062030639,0.0461644464859898,0.0189724066324764,1.2721518987341771,0.0068904760406506,30.203442455692773,0.047947766449839,0.0013014629789499,-578.4993668700483,2051600000.0,8988500000.0,-226710700000.0,5146500000.0,0.0,0.0,0.0,0.0,0.0,0.0,0.0,0.0,0.0,0.0277128607372784,0.2065201939144478,2017-07-27,1.22,amc,2260758778.0,2025-04-25,2017-06-30,0.0737704918032787,63.43571428571428,1143439.9365079366
2017-03-31,PFG,USD,1126328,2017-05-03,2017-05-03 11:39:12,2017,Q1,3049400000.0,0.0,3049400000.0,1.0,0,943200000.0,0.0,943200000.0,943200000.0,943200000.0,2635400000.0,0.0,0.0,48100000.0,0.0,0.0,409300000.0,0.1342231259,-1730500000.0,414000000.0,0.1357644127,60400000.0,348900000.0,0.1144159507,1.21,1.19,292400000,293193277,https://www.sec.gov/Archives/edgar/data/1126328/000110465917029273/0001104659-17-029273-index.htm,https://www.sec.gov/Archives/edgar/data/1126328/000110465917029273/a17-7605_110q.htm,10.428864569083448,1.1932284541723666,1.7883036935704515,1.6385088919288646,200.53967168262653,36.86730506155951,28.81155950752394,36.30677154582764,10.89500683994528,18453364000.0,20104364000.0,13.222530811120665,6.0514737325375485,35.290426467775866,38.51672719682738,1.7382432343327583,1.7382432343327583,6.592891716403227,0.0,38.44781793842035,41.9627718639115,0.0189071217583959,0.0259627458711593,0.3000819509989544,0.0135276183034956,0.0,22.13020134228188,0.0,1.478789592760181,0.0070447859804857,0.3725995987388936,0.3093067488686299,0.0,0.010002293032578,0.0837636259323006,0.0143634813405915,0.9106029106029108,0.0072473273430838,31.221004787985063,0.0607330832478747,0.0014965224832236,-567.9829001367989,1574200000.0,8424500000.0,-223067300000.0,4648500000.0,0.0,0.0,0.0,0.0,0.0,0.0,0.0,0.0,0.0,0.0328651764772374,0.1497948016415868,2017-04-27,1.22,bmo,2102434645.0,2025-04-25,2017-03-31,0.040983606557377,60.99532258064516,1266769.677419355
2016-12-31,PFG,USD,1126328,2017-02-08,2017-02-08 11:57:30,2016,Q4,3513800000.0,0.0,3513800000.0,1.0,0,985600000.0,0.0,985600000.0,985600000.0,3732600000.0,3132500000.0,0.0,0.0,47000000.0,0.0,0.0,-12612900000.0,-3.5895326996,12994200000.0,381300000.0,0.108514998,43100000.0,318000000.0,0.0905003131,1.1,1.09,291356870,292000000,https://www.sec.gov/Archives/edgar/data/1126328/000104746917000589/0001047469-17-000589-index.htm,https://www.sec.gov/Archives/edgar/data/1126328/000104746917000589/a2230820z10-k.htm,12.06012406709339,1.091445003510643,3.1936779112158917,3.036482372974421,197.91741996679195,35.665196430755174,27.61287214542084,35.102312844039,10.904496605829133,16857908498.2,17315408498.2,13.253072718710692,4.797628919745006,18.11704298570661,19.054943481632197,1.648324435403283,1.648324435403283,4.927829841823667,0.0,18.60871413025255,19.572067930597942,0.0188635500088254,0.0524798197887041,0.3106489493805794,0.0139337752062041,0.0,43.83359253499222,0.0,2.751330573625074,0.0073437342487188,0.3893081761006289,0.2804940520234504,0.0,0.0102892669450994,0.0492208490059108,0.0130343218168364,0.9744680851063828,0.0073140190107575,29.360270591721584,-1.639607944968636,0.0014091484755051,-549.0119385206191,2754200000.0,8045200000.0,-214804500000.0,5799300000.0,0.0,0.0,0.0,0.0,0.0,0.0,0.0,0.0,0.0,0.0310932504179988,0.1571955382414699,2017-01-30,1.15,amc,2424688976.0,2025-04-25,2016-12-31,0.1043478260869566,56.03380952380952,1685752.9365079366
2016-09-30,PFG,USD,1126328,2016-11-02,2016-11-02 09:46:40,2016,Q3,2818000000.0,0.0,2818000000.0,1.0,0,919600000.0,0.0,919600000.0,919600000.0,919600000.0,2447300000.0,0.0,0.0,46400000.0,0.0,0.0,351500000.0,0.1247338538,-1527700000.0,370700000.0,0.1315471966,43300000.0,308200000.0,0.1093683463,1.07,1.06,290754716,291400000,https://www.sec.gov/Archives/edgar/data/1126328/000110465916153975/0001104659-16-153975-index.htm,https://www.sec.gov/Archives/edgar/data/1126328/000110465916153975/a16-16733_110q.htm,9.692018202724526,1.0600000035768982,2.757306952847499,2.6389941685417067,201.1417073627105,38.017268136073845,29.827891080535387,37.12613899614272,11.412024697821238,14976775421.16,16076675421.16,12.1485848646658,5.314682548317956,18.681271574354497,19.518800236100613,1.3874321810127286,1.3874321810127286,5.704994826529454,0.0,20.053231160234503,20.95226824079239,0.0205785285105202,0.0512326571256398,0.3073851740685157,0.0144035011867988,0.0,45.06019417475728,0.0,2.448686621869273,0.0078721885509095,0.3825438027255029,0.3263307310149042,0.0,0.0103360889291723,0.0429088187601347,0.012207239176721,0.7413793103448276,0.0066004258339247,29.756653340823178,0.0470759990929325,0.0013518344287929,-553.1500992059575,2269100000.0,8672600000.0,-216993300000.0,5324700000.0,0.0,0.0,0.0,0.0,0.0,0.0,0.0,0.0,0.0,0.0285513126933837,0.1183127843057926,2016-10-27,1.12,amc,1867673043.0,2025-04-25,2016-09-30,0.0267857142857141,46.7609375,1319379.703125
2016-06-30,PFG,USD,1126328,2016-08-03,2016-08-03 11:01:18,2016,Q2,3025700000.0,0.0,3025700000.0,1.0,0,927900000.0,0.0,927900000.0,927900000.0,927900000.0,2625800000.0,0.0,0.0,47400000.0,0.0,0.0,395200000.0,0.1306144033,-1697900000.0,399900000.0,0.1321677628,72900000.0,322300000.0,0.1065208051,1.11,1.1,292600000,293000000,https://www.sec.gov/Archives/edgar/data/1126328/000110465916136436/0001104659-16-136436-index.htm,https://www.sec.gov/Archives/edgar/data/1126328/000110465916136436/a16-11516_110q.htm,10.340738209159262,1.1015037593984962,4.204032809295967,4.099794941900205,196.99897470950103,37.268626110731375,29.080997949419,35.88414217361586,11.264866712235133,12028786000.0,13069486000.0,9.33042662116041,3.975538222560069,9.778705796276729,10.02733077692564,1.145631398992352,1.145631398992352,4.319491687873881,0.0,10.624734574424844,10.894869956652215,0.0267940588518242,0.0997274371661446,0.3139232549501414,0.0147758010563301,0.0,65.39058171745152,0.0,3.7617737003058105,0.0093775049285937,0.3499844865032578,0.3066728360379416,0.0,0.0107394759232578,0.0247947321355987,0.0100803119939187,0.6434599156118144,0.0058829361800575,29.821915496965143,0.0486045075273811,0.0014604956984935,-528.1185919343814,2324500000.0,8509100000.0,-209808800000.0,5388100000.0,0.0,0.0,0.0,0.0,0.0,0.0,0.0,0.0,0.0,0.0306961151270988,0.1042378673957621,2016-07-28,1.06,amc,2021189565.0,2025-04-25,2016-06-30,0.0849056603773583,42.21234375,1640287.296875
2016-03-31,PFG,USD,1126328,2016-05-04,2016-05-04 09:39:40,2016,Q1,3036600000.0,0.0,3036600000.0,1.0,0,899500000.0,0.0,899500000.0,899500000.0,899500000.0,2596800000.0,0.0,0.0,45800000.0,0.0,0.0,438600000.0,0.1444378581,-1740600000.0,439800000.0,0.1448330369,70600000.0,368000000.0,0.121188171,1.26,1.25,294300000,294400000,https://www.sec.gov/Archives/edgar/data/1126328/000110465916117468/0001104659-16-117468-index.htm,https://www.sec.gov/Archives/edgar/data/1126328/000110465916117468/a16-6244_110q.htm,10.318042813455657,1.2504247366632688,3.0428134556574924,2.8926265715256543,187.87631668365617,35.23785253143051,27.054026503567787,34.120285423037714,11.52463472646959,11610135000.0,12858935000.0,7.887319972826087,3.823399525785418,12.96497487437186,13.638124045577351,1.1562036926386234,1.1562036926386234,4.234648949482974,0.0,14.359503070910106,15.105056971690356,0.0316964445288534,0.073323867465796,0.3377648980242193,0.0155890058372018,0.0,16.162589928057553,0.0,2.425514626218852,0.009508933358656,0.3,0.2962194559704933,0.0,0.0110700004596221,0.049357900614182,0.0145557531449647,0.965065502183406,0.0073437397088849,30.98320675119013,0.0580699681436806,0.001710343160835,-516.1654774040095,2107600000.0,7962000000.0,-204952900000.0,5173400000.0,0.0,0.0,0.0,0.0,0.0,0.0,0.0,0.0,0.0,0.0366475462077756,0.1501868841318382,2016-04-28,0.99,amc,2182388659.0,2025-04-25,2016-03-31,-0.0202020202020202,38.474754098360656,2175500.7868852457
2015-12-31,PFG,USD,1126328,2016-02-10,2016-02-10 12:20:48,2015,Q4,2807000000.0,0.0,2807000000.0,1.0,0,920800000.0,0.0,920800000.0,920800000.0,3672400000.0,2498000000.0,0.0,0.0,43700000.0,0.0,0.0,-12829800000.0,-4.5706448165,-1619700000.0,309000000.0,0.110081938,50700000.0,253600000.0,0.0903455647,0.87,0.86,294944081,296200000,https://www.sec.gov/Archives/edgar/data/1126328/000104746916010094/0001047469-16-010094-index.htm,https://www.sec.gov/Archives/edgar/data/1126328/000104746916010094/a2227257z10-k.htm,9.517058252136954,0.8598240016893236,3.57389779251071,3.437939817480182,178.46026888059504,32.08438687060819,24.05506825546365,31.57073018190184,11.771383878017202,13266584763.38,14173684763.38,13.078257850335172,4.726250361018881,12.585698475837203,13.083416926410257,1.4247373988766698,1.4247373988766698,5.0494067557463485,0.0,13.446243016203397,13.977992863293885,0.019115695902386,0.076432632669635,0.3728575110614717,0.0158761950358939,0.0,13.379949874686718,0.0,4.08091366627952,0.0083518103548279,0.4369085173501577,0.3280370502315639,0.0,0.0108292304167758,0.0380419315055497,0.0142857142857142,0.9176201372997712,0.0063412896330602,24.71373322928523,-1.6889051055384343,0.0011723497429937,-530.9040258380368,2469800000.0,7094900000.0,-206553500000.0,5471800000.0,0.0,0.0,0.0,0.0,0.0,0.0,0.0,0.0,0.0,0.0272348468576828,0.1359579750305279,2016-02-01,1.05,amc,2123985294.0,2025-04-25,2015-12-31,-0.0285714285714285,48.80796875,1280200.953125
2015-09-30,PFG,USD,1126328,2015-10-28,2015-10-28 10:18:30,2015,Q3,3235700000.0,-5200000.0,3240900000.0,1.0016070711,0,961400000.0,0.0,961400000.0,961400000.0,961400000.0,2854400000.0,0.0,41300000.0,53800000.0,0.0,0.0,422200000.0,0.1304818123,-1933300000.0,381300000.0,0.1178415799,67500000.0,317000000.0,0.0979695275,1.02,1.01,297425742,298500000,https://www.sec.gov/Archives/edgar/data/1126328/000110465915073334/0001104659-15-073334-index.htm,https://www.sec.gov/Archives/edgar/data/1126328/000110465915073334/a15-17793_110q.htm,10.87901799703672,1.065812252390716,4.053448742846206,3.955945413763144,177.38915147431993,32.82768981038635,24.744663829400483,32.34521644061327,11.932390169509942,14080134626.28,15073634626.28,11.104207118517351,4.3514956968445775,11.678943784240213,11.9667980845487,1.463585816063948,1.463585816063948,4.658538995048985,0.0,12.503014786230922,12.811180202515724,0.0225139892773704,0.0835645419045869,0.3646144091140609,0.0162872030511864,0.0,12.503147293327736,10.2227602905569,4.006646726487205,0.0079473671928635,0.3529968454258675,0.2971227246036406,0.0,0.0111628887462888,0.0240544127405441,0.0089625119757703,0.4393939393939394,0.0050684550483666,27.850733917516305,0.0506700360317109,0.0014885333626344,-513.8812093809956,2741200000.0,7359700000.0,-202622100000.0,5756900000.0,0.0,0.0,0.0,0.0,0.0,0.0,0.0,0.0,0.0,0.0329511553693751,0.0975033290830623,2015-10-22,1.06,amc,2449000000.0,2025-04-25,2015-09-30,0.0,51.819375,1505107.046875
2015-06-30,PFG,USD,1126328,2015-07-29,2015-07-29 12:22:05,2015,Q2,3406800000.0,147600000.0,3259200000.0,0.9566748855,0,869000000.0,0.0,869000000.0,869000000.0,869000000.0,2982500000.0,0.0,37500000.0,29900000.0,0.0,0.0,336500000.0,0.0987730422,-2095700000.0,424300000.0,0.1245450276,75800000.0,340400000.0,0.0999178114,0.82,0.81,297654320,298400000,https://www.sec.gov/Archives/edgar/data/1126328/000110465915054162/0001104659-15-054162-index.htm,https://www.sec.gov/Archives/edgar/data/1126328/000110465915054162/a15-11849_110q.htm,11.445491535281596,1.1436084650140472,4.994048129387136,4.878141866041117,172.65061027839275,33.03899637673661,25.515168064753773,32.56596443821141,11.355454206073675,15266690072.8,16344790072.8,11.212316445945945,4.481240481624985,10.27022541056172,10.514249361432508,1.5749571948748635,1.5749571948748635,4.797695806269813,0.0,10.99548609001009,11.256742474380165,0.0222969090468716,0.095109024489006,0.3448222501908515,0.0150379694669607,0.0,57.2887323943662,8.973333333333333,5.611551528878822,0.0078799005826635,0.3534077555816686,0.2550780791358459,0.0,0.0100755520183272,0.0232088799192734,0.0101268052131032,0.8273381294964028,0.0054303158389104,28.94755660785401,0.0454162650716073,0.0015470533269827,-541.0514451797642,2397900000.0,7594700000.0,-209996000000.0,5239300000.0,0.0,0.0,0.0,0.0,0.0,0.0,0.0,0.0,0.0,0.0351166773268409,0.1159062633460182,2015-07-23,1.04,amc,2465372477.0,2025-04-25,2015-06-30,0.0480769230769231,51.88603174603175,1266840.650793651
2015-03-31,PFG,USD,1126328,2015-04-29,2015-04-29 09:35:51,2015,Q1,2544600000.0,-112700000.0,2657300000.0,1.0442898687,0,921200000.0,0.0,921200000.0,921200000.0,921200000.0,2136600000.0,0.0,32600000.0,29300000.0,0.0,0.0,496300000.0,0.1950404779,-1312600000.0,408000000.0,0.1603395426,71700000.0,334600000.0,0.1314941445,1.41,1.39,297985611,298500000,https://www.sec.gov/Archives/edgar/data/1126328/000110465915031333/0001104659-15-031333-index.htm,https://www.sec.gov/Archives/edgar/data/1126328/000110465915031333/a15-5965_110q.htm,8.539338498461927,1.122873010133365,2.117216324247281,2.0071438952802323,172.33248218820876,35.42822072707396,27.80302032771643,34.976856650974334,8.639343327218574,15307520837.07,16397320837.07,11.43717934628661,6.015688452829521,24.262990707037563,25.59358106850025,1.4686854371337286,1.4686854371337286,6.443967946659593,0.0,25.990364300317008,27.41568439570306,0.0218585363078326,0.0390722969686632,0.2438738894325792,0.0114240820800836,0.0,40.73724489795919,15.223926380368098,1.4702866464693545,0.0074799832852565,0.3421996413628212,0.3620215358013047,0.0,0.0102123689127256,0.051989221746711,0.0128900416568419,0.7884615384615384,0.0124970525819382,29.726718403405417,0.0752958905815225,0.0015193710730092,-538.9025311024162,1557700000.0,8284900000.0,-210340900000.0,4437300000.0,0.0,0.0,0.0,0.0,0.0,0.0,0.0,0.0,0.0,0.0321033139523727,0.1100724289670483,2015-04-23,1.05,amc,1798678899.0,2025-04-25,2015-03-31,0.0380952380952381,50.25147540983607,1373345.262295082
2014-12-31,PFG,USD,1126328,2015-02-11,2015-02-11 12:58:06,2014,Q4,2960200000.0,52200000.0,2908000000.0,0.9823660563,0,926600000.0,0.0,926600000.0,926600000.0,3574300000.0,2563200000.0,0.0,33000000.0,32200000.0,0.0,0.0,-11143900000.0,-3.7645767178,-1558200000.0,397000000.0,0.13411256,63900000.0,332300000.0,0.1122559287,0.91,0.9,298300000,300042387,https://www.sec.gov/Archives/edgar/data/1126328/000104746915000727/0001047469-15-000727-index.htm,https://www.sec.gov/Archives/edgar/data/1126328/000104746915000727/a2222934z10-k.htm,9.92356687898089,1.1139792155548105,3.034864230640295,2.972846128059001,173.17365068722762,34.4954743546765,26.681528662420384,34.140127388535035,8.68990948709353,15493702000.0,16189002000.0,11.656411375263318,5.23400513478819,17.114439412349498,17.471472710870547,1.5213768656716415,1.5213768656716415,5.468887912978853,0.0,17.88247210869325,18.255527740189446,0.0214474242501888,0.0572361595698691,0.2512961508248232,0.0116812042704496,0.0,50.30126582278481,-337.6939393939394,3.2297538351765964,0.0069834827080061,0.3256093891062293,0.3130193905817174,0.0,0.0106391524828036,0.0204352148459074,0.0062495777312343,0.3961456102783726,0.0057090737112357,29.252458484074207,-1.5762853256533138,0.0015330595078985,-526.782769024472,1947400000.0,7959100000.0,-206810100000.0,4868500000.0,0.0,0.0,0.0,0.0,0.0,0.0,0.0,0.0,0.0,0.0326296150824823,0.062018102581294,2015-01-29,1.04,amc,1579559633.0,2025-04-25,2014-12-31,0.0480769230769231,51.83546875,1312773.90625
2014-09-30,PFG,USD,1126328,2014-10-29,2014-10-29 11:12:11,2014,Q3,2552700000.0,68400000.0,2484300000.0,0.9732048419,0,932500000.0,0.0,932500000.0,932500000.0,932500000.0,2084700000.0,0.0,33000000.0,31100000.0,0.0,0.0,433100000.0,0.1696634936,-1158000000.0,468000000.0,0.183335292,101200000.0,361900000.0,0.1417714577,0.78,0.77,298200000,299220779,https://www.sec.gov/Archives/edgar/data/1126328/000110465914074658/0001104659-14-074658-index.htm,https://www.sec.gov/Archives/edgar/data/1126328/000110465914074658/a14-19565_110q.htm,8.560362173038229,1.2136150234741785,2.75083836351442,2.669684775318578,171.1036217303823,34.960093896713616,26.925888665325285,34.59557344064386,9.015761234071093,15646554000.0,17031254000.0,10.808617021276596,6.129413562110706,19.07418505424845,19.65400577816857,1.5166680237292078,1.5166680237292078,6.671858816155443,0.0,20.762226014872606,21.393360130636857,0.0231296936053779,0.0508802129849166,0.2574056841533868,0.0122699641627407,0.0,9.66481994459834,13.124242424242423,3.244857594936709,0.0069088695184895,0.2987012987012987,0.3652994868178791,0.0,0.0110699981702482,0.0295014019261245,0.0094801582637991,0.585956416464891,0.007482273671015,30.735621396818505,0.0615608908481596,0.0016909081564475,-519.7002012072435,1251200000.0,8029300000.0,-204602100000.0,4237100000.0,0.0,0.0,0.0,0.0,0.0,0.0,0.0,0.0,0.0,0.0350800666899306,0.0811535881958417,2014-10-23,1.06,amc,1567998319.0,2025-04-25,2014-09-30,0.1226415094339621,52.31546875,1025639.890625
2014-06-30,PFG,USD,1126328,2014-07-30,2014-07-30 12:21:40,2014,Q2,2542600000.0,-64100000.0,2606700000.0,1.0252104145,0,886200000.0,0.0,886200000.0,886200000.0,886200000.0,2117200000.0,0.0,33100000.0,30500000.0,0.0,0.0,446500000.0,0.1756076457,-1313000000.0,425400000.0,0.1673090537,89500000.0,331400000.0,0.130339023,1.04,1.03,297669902,298300000,https://www.sec.gov/Archives/edgar/data/1126328/000110465914054822/0001104659-14-054822-index.htm,https://www.sec.gov/Archives/edgar/data/1126328/000110465914054822/a14-14032_110q.htm,8.541676477590267,1.1133137672749998,2.6405088143577244,2.494373784555484,175.13796205032511,36.085945968430494,27.67461521857188,34.94407708038954,9.10773975395067,15026376652.96,15962076652.96,11.335528555340977,5.909846870510501,19.117527548295165,20.23754431375084,1.4445938830740832,1.4445938830740832,6.277855995028711,0.0,20.30798556356234,21.49774633395286,0.0220545516496632,0.0494131098366775,0.2574554404045454,0.0122662687228927,0.0,11.777707409753008,13.489425981873111,2.462406015037594,0.0073603905022714,0.3337356668678334,0.3485408636828443,0.0,0.0114683658059666,0.0553435114503816,0.0171084716431998,1.0609756097560976,0.0069613781168882,29.58603973518795,0.0586760254198256,0.0015355495474206,-522.2136969696049,1701800000.0,8237900000.0,-205720900000.0,4779600000.0,0.0,0.0,0.0,0.0,0.0,0.0,0.0,0.0,0.0,0.0318598704070449,0.1461350298022404,2014-07-24,1.01,amc,1581304629.0,2025-04-25,2014-06-30,0.0693069306930693,47.08365079365079,1247285.396825397
2014-03-31,PFG,USD,1126328,2014-04-30,2014-04-30 10:24:51,2014,Q1,2478600000.0,0.0,2478600000.0,1.0,0,829000000.0,0.0,829000000.0,829000000.0,829000000.0,2102200000.0,0.0,0.0,40500000.0,0.0,0.0,354200000.0,0.1429032518,-1309800000.0,376400000.0,0.1518599209,52300000.0,301900000.0,0.1218026305,0.96,0.95,298947368,299500000,https://www.sec.gov/Archives/edgar/data/1126328/000110465914032420/0001104659-14-032420-index.htm,https://www.sec.gov/Archives/edgar/data/1126328/000110465914032420/a14-9577_110q.htm,8.291091560973369,1.0098767619857418,1.9779401436309016,1.811355636354022,172.52970094722494,34.58167258391785,26.229031727083143,33.4102289202961,8.913943674526681,13748589454.32,15020289454.32,11.385052545809872,5.546917394625998,23.25146195555556,25.38982355368421,1.376524540125552,1.376524540125552,6.059989290050835,0.0,25.402146887062404,27.73830000797784,0.0219586162640952,0.0393858585856495,0.2668028314260255,0.0126177886766615,0.0,9.853092783505154,0.0,1.824436902190682,0.0060151625208369,0.27393176548526,0.3344630033083192,0.0,0.0118232581528159,0.0842212075088787,0.0200919874122488,1.2296296296296296,0.008714596949891,27.552764116921157,0.0559040681872879,0.0014465955172309,-499.3470957737283,1374000000.0,7841100000.0,-199326600000.0,4417000000.0,0.0,0.0,0.0,0.0,0.0,0.0,0.0,0.0,0.0,0.0302265741547272,0.1665845072768796,2014-04-24,0.92,amc,1417581132.0,2025-04-25,2014-03-31,0.1521739130434782,45.763278688524586,1381991.9672131147
2013-12-31,PFG,USD,1126328,2014-02-12,2014-02-12 12:08:26,2013,Q4,2741420000.0,0.0,2741420000.0,1.0,0,920800000.0,0.0,920800000.0,0.0,2372100000.0,2352300000.0,0.0,35400000.0,28200000.0,0.0,0.0,-8989000000.0,-3.2789576205,9111000000.0,389300000.0,0.1420066973,86300000.0,294300000.0,0.1073531236,0.78,0.78,299300000,299300222,https://www.sec.gov/Archives/edgar/data/1126328/000104746914000817/0001047469-14-000817-index.htm,https://www.sec.gov/Archives/edgar/data/1126328/000104746914000817/a2218175z10-k.htm,9.159438690277314,0.98329435349148,2.7507517540928834,2.6281323087203474,171.1974607417307,33.49214834614099,24.94119612429001,32.35616438356164,9.313063815569665,14758483000.0,15138683000.0,12.536937648657831,5.383517666027095,17.926008745293334,18.76237350622934,1.523975444538527,1.523975444538527,5.522204915700622,0.0,18.38780881817077,19.24571955250445,0.0199410738895047,0.0532981607933552,0.2841742219285021,0.0132186055716038,0.0,15.93260590500642,-253.9265536723164,3.2879392971246006,0.0057593995263605,0.2888209310227659,0.3358843227232602,0.0,0.0122930149852491,0.0445767035102635,0.0133872226802168,0.931472081218274,0.0061282109271837,26.75540616637059,-1.0998599352570917,0.0014311967829925,-490.9047778149014,2326500000.0,7464900000.0,-195684900000.0,5386500000.0,0.0,0.0,0.0,0.0,0.0,0.0,0.0,0.0,0.0,0.0303897069453336,0.1226194453725359,2014-02-03,0.93,amc,1841593750.0,2025-04-25,2013-12-31,0.0322580645161289,47.49515625,1244170.125
2013-09-30,PFG,USD,1126328,2013-10-30,2013-10-30 10:45:57,2013,Q3,2315720000.0,76120000.0,2239600000.0,0.9671290139,0,774600000.0,0.0,774600000.0,774600000.0,774600000.0,1962900000.0,0.0,34900000.0,28200000.0,0.0,0.0,361100000.0,0.1559342235,-1144700000.0,352900000.0,0.1523932082,70500000.0,277400000.0,0.1197899573,0.83,0.82,298600000,299634146,https://www.sec.gov/Archives/edgar/data/1126328/000110465913079067/0001104659-13-079067-index.htm,https://www.sec.gov/Archives/edgar/data/1126328/000110465913079067/a13-19451_110q.htm,7.755257870060281,0.9290020093770932,2.0572672471533826,2.021098459477562,169.9129269926323,32.17649028801072,23.38580040187541,31.07300736771601,9.389484259879437,12786052000.0,13847752000.0,11.5231182408075,5.521415369733819,20.814019208855605,21.18649875724937,1.3780449215381962,1.3780449215381962,5.979890487623719,0.0,22.542327852840632,22.945736536868267,0.021695516332954,0.0471998706090042,0.2984135195723401,0.0137281753842828,0.0,9.929661941112323,10.346704871060172,2.3708992666923967,0.0072735508974936,0.3352559480894015,0.3344963985283194,0.0,0.013014695018132,0.0175809864886863,0.0046637762769246,0.2748091603053435,0.0066933826196604,25.485386819605885,0.0520483192628582,0.0013935321821036,-473.353985264568,1637700000.0,6983000000.0,-190258400000.0,4741700000.0,0.0,0.0,0.0,0.0,0.0,0.0,0.0,0.0,0.0,0.0298973961027763,0.0361687876758205,2013-10-24,0.87,amc,1455800000.0,2025-04-25,2013-09-30,0.0344827586206896,41.69984375,1366099.984375
2013-06-30,PFG,USD,1126328,2013-07-31,2013-07-31 10:17:12,2013,Q2,2311700000.0,101100000.0,2210600000.0,0.9562659515,0,801800000.0,0.0,801800000.0,801800000.0,801800000.0,1952300000.0,0.0,36100000.0,29400000.0,0.0,0.0,306600000.0,0.1326296665,94900000.0,359400000.0,0.1554700004,73700000.0,279700000.0,0.1209932085,0.76,0.75,296400000,297200000,https://www.sec.gov/Archives/edgar/data/1126328/000110465913058204/0001104659-13-058204-index.htm,https://www.sec.gov/Archives/edgar/data/1126328/000110465913058204/a13-13601_110q.htm,7.7992577597840755,0.9436572199730094,0.6332658569500674,0.5931174089068826,170.16666666666666,31.92476383265857,22.964574898785425,31.38798920377868,9.412955465587045,11209848000.0,12853248000.0,10.019528065784767,4.849179391789592,59.72215237080448,63.76477815699658,1.2049194917986974,1.2049194917986974,5.560084786088161,0.0,68.47761321257326,73.11290102389079,0.0249512749860658,0.0156826390509487,0.2960100608379732,0.0140138525398104,0.0,6.826301369863014,8.493074792243767,0.7933220625528318,0.0067619114906821,0.2710046478369682,0.3468443137085262,0.0,0.0135146481626887,0.0633990410229089,0.0051477267811567,0.2952853598014888,0.0072673789851624,25.81547615739566,0.0492428283594184,0.0014428168406695,-460.9068825910931,1063300000.0,6806700000.0,-185804400000.0,4195500000.0,0.0,0.0,0.0,0.0,0.0,0.0,0.0,0.0,0.0,0.0300642775759399,0.0401484480431848,2013-07-25,0.82,amc,1370391208.0,2025-04-25,2013-06-30,0.1097560975609757,36.58453125,1444332.40625
2013-03-31,PFG,USD,1126328,2013-05-01,2013-05-01 09:28:41,2013,Q1,2238300000.0,71600000.0,2166700000.0,0.9680114373,0,795700000.0,0.0,795700000.0,795700000.0,795700000.0,1933900000.0,0.0,36000000.0,22300000.0,0.0,0.0,273300000.0,0.122101595,-37500000.0,304400000.0,0.1359960684,59400000.0,241500000.0,0.1078943841,0.61,0.61,294100182,297100000,https://www.sec.gov/Archives/edgar/data/1126328/000110465913035720/0001104659-13-035720-index.htm,https://www.sec.gov/Archives/edgar/data/1126328/000110465913035720/a13-7339_110q.htm,7.610671930832059,0.8211487607987947,2.0261803170186408,2.048961669802707,179.8444993821867,33.61269596222147,24.133953103096005,33.062203273305016,9.7687800818838,9893530122.48,11069330122.48,10.241749609192548,4.420109066023321,16.602668438462832,16.41807189259874,1.0174760502776747,1.0174760502776747,4.9454184526113565,0.0,18.57581829582145,18.369283309790905,0.0244098918192269,0.0609084919679758,0.2917643671068328,0.0141310969307576,0.0,32.11722912966252,7.591666666666667,3.1363157894736844,0.0068327481862515,0.2799171842650103,0.3554930080864942,0.0,0.0138855336319608,0.011243497231079,0.0029933431622213,0.1919770773638968,0.0086672921413572,24.7154245980304,0.0376008599963058,0.0012198497589597,-469.1772003051667,1751900000.0,7097800000.0,-189069200000.0,5012200000.0,0.0,0.0,0.0,0.0,0.0,0.0,0.0,0.0,0.0,0.0248364803159323,0.0227813527840659,2013-04-25,0.74,amc,1356822784.0,2025-04-25,2013-03-31,0.0675675675675676,31.41133333333333,1769448.6666666667
2012-12-31,PFG,USD,1126328,2013-02-13,2013-02-13 09:53:04,2012,Q4,2293100000.0,-2800000.0,2295900000.0,1.0012210545,0,1632300000.0,-478700000.0,2111000000.0,823100000.0,2934100000.0,1987600000.0,0.0,39900000.0,19900000.0,0.0,0.0,-9853300000.0,-4.2969342811,-28500000.0,305500000.0,0.1332257642,49900000.0,252200000.0,0.1099821203,0.72,0.72,297300000,297300363,https://www.sec.gov/Archives/edgar/data/1126328/000104746913000940/0001047469-13-000940-index.htm,https://www.sec.gov/Archives/edgar/data/1126328/000104746913000940/a2212740z10-k.htm,7.713084426505214,0.848301379078372,2.37874201143626,2.3676421123444333,185.849310460814,33.076353851328626,28.12983518331652,32.80591994618231,9.256643121426167,8478996000.0,7013896000.0,8.405031720856464,3.697612838515546,11.989530542986424,12.045739451626652,0.8693552885206907,0.8693552885206907,3.0586960882647944,0.0,9.917839366515835,9.96433584315954,0.0297440876254688,0.0830169043599029,0.2780728376327769,0.0167489570885556,0.0,76.89304812834224,-246.9498746867168,3.0694444444444446,0.0092227900567472,0.310071371927042,0.7118311456107452,0.0,0.0090818982686589,0.0046662895927601,0.0014390999084209,0.102803738317757,0.0059308359862195,25.023177465628248,-1.2017834470341695,0.0015717714337708,-325.7312478977464,4257600000.0,8363000000.0,-147779200000.0,6192400000.0,0.0,0.0,0.0,0.0,0.0,0.0,0.0,0.0,0.0,0.0258581798794241,0.0110998990918264,2013-01-31,0.74,amc,1279387804.0,2025-04-25,2012-12-31,0.108108108108108,27.55306451612903,1699054.661290323
2012-09-30,PFG,USD,1126328,2012-10-31,2012-10-31 11:36:34,2012,Q3,2638600000.0,0.0,2638600000.0,1.0,0,546800000.0,160200000.0,707000000.0,826600000.0,826600000.0,2478300000.0,0.0,31200000.0,28500000.0,0.0,0.0,221700000.0,0.0840218298,191600000.0,160300000.0,0.0607519139,13900000.0,143000000.0,0.0541954067,0.64,0.63,297142857,297500000,https://www.sec.gov/Archives/edgar/data/1126328/000110465912072563/0001104659-12-072563-index.htm,https://www.sec.gov/Archives/edgar/data/1126328/000110465912072563/a12-19844_110q.htm,8.87990385042303,0.4812500002313702,2.9336057706411567,2.896923078315828,8.152980773150471,33.34052886218295,28.372211552102023,33.07331732359294,7.537451926700698,7993142853.299999,7922642853.299999,13.974025967307693,3.0293120796255586,9.169602906160376,9.28571428125,0.8133444775680488,0.8133444775680488,3.002593365155764,0.0,9.088726457841,9.203813723629182,0.0178903345810918,0.1076923077440828,0.2247265326888832,0.0138730712913169,0.0,69.01994301994301,7.105769230769231,4.556717198118139,0.0087449957148134,0.4888111888111888,0.2072311074054423,0.0,0.0092736314907725,0.0125043019387403,0.0041309785492306,0.2658536585365854,0.0048131584931403,18.92411198224909,0.0381152550293075,0.0009066872943309,-494.2531733145448,2387500000.0,8430600000.0,-146863800000.0,4332200000.0,0.0,0.0,0.0,0.0,0.0,0.0,0.0,0.0,0.0,0.0145510048333757,0.0366826923253282,2012-10-25,0.49,amc,2006168888.0,2025-04-25,2012-09-30,-0.0816326530612244,26.687619047619048,1929621.888888889
2012-06-30,PFG,USD,1126328,2012-08-01,2012-08-01 11:24:52,2012,Q2,2136300000.0,17700000.0,2118600000.0,0.9917146468,0,538800000.0,158700000.0,697500000.0,724100000.0,724100000.0,1850800000.0,0.0,30500000.0,18300000.0,254600000.0,0.1191780181,246700000.0,0.1154800356,38800000.0,285500000.0,0.1336422787,58300000.0,224600000.0,0.1051350466,0.58,0.57,301900000,301900000,https://www.sec.gov/Archives/edgar/data/1126328/000110465912053079/0001104659-12-053079-index.htm,https://www.sec.gov/Archives/edgar/data/1126328/000110465912053079/a12-12420_110q.htm,7.076184166942697,0.7439549519708513,1.988406757204372,1.9638953295793309,5.914541238820801,31.45213646902948,26.56011924478304,31.21132825438887,6.195097714474992,7918837000.0,8112037000.0,8.814377782724845,3.706800074895848,13.191465933699815,13.356108955979083,0.8403999915098644,0.8403999915098644,3.797236811309273,31.861889238020424,13.513305014159586,13.681964918198684,0.0283627507423122,0.0748721055882322,0.1952518917083213,0.012099911411128,0.7588373919874313,6.730493805995077,8.088524590163935,3.260727865290603,0.0067812988195109,0.2390917186108637,0.2522117680101109,0.0,0.0097132075024975,0.0123271697484591,0.003463932968216,0.2356687898089172,0.0058044282170107,22.85707767366397,0.0456724630247141,0.0014916273614666,-466.2792315336204,1520300001.0,8018500000.0,-140769700000.0,3466900001.0,0.0,0.0,0.0,0.0,0.0,0.0,0.0,0.0,0.0,0.0238360554830356,0.0245114276250414,2012-07-26,0.74,amc,1371569444.0,2025-04-25,2012-06-30,-0.027027027027027,26.012857142857143,2432530.380952381
2012-03-31,PFG,USD,1126328,2012-05-02,2012-05-02 13:23:33,2012,Q1,2107400000.0,11500000.0,2095900000.0,0.9945430388,0,546700000.0,159800000.0,706500000.0,556000000.0,556000000.0,1821200000.0,0.0,31100000.0,23500000.0,0.0,0.0,312300000.0,0.148192085,-26100000.0,286200000.0,0.1358071557,63900000.0,221200000.0,0.1049634621,0.67,0.66,300900000,304700000,https://www.sec.gov/Archives/edgar/data/1126328/000110465912031892/0001104659-12-031892-index.htm,https://www.sec.gov/Archives/edgar/data/1126328/000110465912031892/a12-8589_110q.htm,7.003655699567963,0.7351279494848787,2.9966766367563973,2.939182452642074,5.949817215021602,32.40910601528747,27.807577268195413,31.12296444001329,5.6600199401794615,8879559000.0,8899659000.0,10.035667947558771,4.213513808484389,9.84757569036265,10.040206919945726,0.9481744599515212,0.9481744599515212,4.223051627597988,0.0,9.869866918043694,10.062934192672998,0.0249111470513344,0.0995995409231472,0.1785390126963448,0.0108756314305748,0.0,17.19788664745437,10.041800643086816,4.119232526267703,0.0070386378422622,0.2825497287522604,0.2594191895226345,0.0,0.0090062196643384,0.0191859820339359,0.0082091676947897,0.4701086956521739,0.0119104109329031,22.688887658725136,0.0585712040346333,0.0014518856134676,-472.5689597873048,1686200000.0,8367300000.0,-142196000000.0,3547500000.0,0.0,0.0,0.0,0.0,0.0,0.0,0.0,0.0,0.0,0.0236201134021719,0.0574941841143236,2012-04-26,0.74,amc,1355997142.0,2025-04-25,2012-03-31,-0.0540540540540541,27.34903225806452,2343580.3225806453
2011-12-31,PFG,USD,1126328,2012-02-15,2012-02-15 11:19:22,2011,Q4,2059000000.0,0.0,2059000000.0,1.0,0,0.0,0.0,0.0,3057700000.0,3057700000.0,1865400000.0,0.0,0.0,28400000.0,0.0,0.0,-9708300000.0,-4.7150558524,9901900000.0,193600000.0,0.0940262263,21700000.0,172300000.0,0.0836813987,0.57,0.57,300900000,300900000,https://www.sec.gov/Archives/edgar/data/1126328/000104746912001065/0001047469-12-001065-index.htm,https://www.sec.gov/Archives/edgar/data/1126328/000104746912001065/a2207170z10-k.htm,6.842804918577601,0.5726154868727152,2.751412429378531,2.670654702558989,9.674310402126952,33.27683615819209,28.714190761050183,32.02725157859754,5.550016616816218,7402140000.0,6238240000.0,10.740191526407427,3.595016998542982,8.940862422997947,9.21122448979592,0.7680958804607243,0.7680958804607243,3.0297425934919864,0.0,7.535016306317188,7.762867098058735,0.0232770523118989,0.1085631992910158,0.1732904430839472,0.0112611093878541,0.0,26.87903970452447,0.0,4.816172193135544,0.0299913268325105,1.2884503772489844,0.0,0.0,0.0092577108255,0.0293513709385191,0.0118018455560951,0.8556338028169014,0.0052938319572608,20.313400890967404,-1.6352634867805282,0.0011727063653521,-449.8969757394483,2802700000.0,8640100000.0,-135374000000.0,4632800000.0,0.0,0.0,0.0,0.0,0.0,0.0,0.0,0.0,0.0,0.0178790079900383,0.0807577268195413,2012-02-02,0.75,amc,1412007042.0,2025-04-25,2011-12-31,-0.0533333333333333,24.23761904761905,3470506.3492063493
2011-09-30,PFG,USD,1126328,2011-11-02,2011-11-02 09:57:03,2011,Q3,2088800000.0,0.0,2088800000.0,1.0,0,0.0,0.0,0.0,766600000.0,766600000.0,1950600000.0,0.0,1600000.0,28100000.0,167900000.0,0.08038108,145400000.0,0.0696093451,-7200000.0,138200000.0,0.0661623899,71900000.0,71900000.0,0.0344216775,0.23,0.23,311900000,314800000,https://www.sec.gov/Archives/edgar/data/1126328/000110465911059800/0001104659-11-059800-index.htm,https://www.sec.gov/Archives/edgar/data/1126328/000110465911059800/a11-24603_110q.htm,6.697018275088169,0.2305226033985251,0.3202949663353639,0.2750881692850273,4.984610452067971,32.98941968579673,28.864058993267072,31.99839692209041,5.276691247194614,7070773000.000001,7280773000.000001,24.585441585535467,3.385088567598621,70.77850850850851,82.40994172494173,0.7084729917938339,0.7084729917938339,3.485624760628112,43.36374627754616,72.88061061061062,84.85749417249419,0.010168619470601,0.0121344582834154,0.1647445467571115,0.0114736469686808,1.2507444907683145,20.296344647519582,90.875,1.506787330316742,0.0011597034723077,0.1140472878998609,0.0,0.0,0.008978920784942,0.1411411411411411,0.0067502872462657,0.501779359430605,0.0055055534278054,12.88285526072702,0.0174616678241941,0.0005062824084114,-421.4754729079833,1478100000.0,9002700000.0,-131458200000.0,3213000000.0,0.0,0.0,0.0,0.0,0.0,0.0,0.0,0.0,0.0,0.0072041922587497,0.0452067970503366,2011-10-27,0.71,amc,1483085245.0,2025-04-25,2011-09-30,-0.1408450704225352,25.57609375,3431904.96875
2011-06-30,PFG,USD,1126328,2011-08-03,2011-08-03 11:23:18,2011,Q2,2342000000.0,0.0,2342000000.0,1.0,0,0.0,0.0,0.0,903100000.0,903100000.0,1969700000.0,0.0,1700000.0,27900000.0,339800000.0,0.145089667,348700000.0,0.1488898377,23600000.0,372300000.0,0.1589666951,82400000.0,266300000.0,0.113706234,0.68,0.67,320000000,323200000,https://www.sec.gov/Archives/edgar/data/1126328/000110465911042988/0001104659-11-042988-index.htm,https://www.sec.gov/Archives/edgar/data/1126328/000110465911042988/a11-12780_110q.htm,7.31875,0.8321875,1.84375,1.79875,7.2678125,33.33625,29.670625,32.506875,5.2865625,9734400000.0,9254800000.0,9.138565527600452,4.156447480785653,16.498983050847457,16.91174426685198,0.9358020418757572,0.9358020418757572,3.951665243381725,27.236021188934668,15.686101694915257,16.078526754690756,0.0273565910585141,0.0591305062458908,0.1624656322700967,0.0113211288438246,-1.4114184814596822,21.0661231884058,205.1176470588235,2.0351845463953087,0.0008526462853385,0.0311678558017273,0.0,0.0,0.0078578012626073,0.0244067796610169,0.0061485909479077,0.5161290322580645,0.0050384286934244,24.67115397339383,0.0574713333752337,0.0017980438255458,-425.8909375,2215300000.0,9494600000.0,-136285100000.0,3836800000.0,0.0,0.0,0.0,0.0,0.0,0.0,0.0,0.0,0.0,0.0256003537713176,0.045,2011-08-01,0.72,amc,1356558904.0,2025-04-25,2011-06-30,0.0138888888888889,30.84206349206349,2204206.8095238097
2011-03-31,PFG,USD,1126328,2011-05-04,2011-05-04 12:01:15,2011,Q1,2219800000.0,0.0,2219800000.0,1.0,0,0.0,0.0,0.0,691200000.0,691200000.0,1936300000.0,0.0,0.0,31400000.0,0.0,0.0,264900000.0,0.1193350752,18600000.0,283500000.0,0.1277142085,60400000.0,204500000.0,0.0921254167,0.57,0.56,321300000,324700000,https://www.sec.gov/Archives/edgar/data/1126328/000110465911025598/0001104659-11-025598-index.htm,https://www.sec.gov/Archives/edgar/data/1126328/000110465911025598/a11-8578_110q.htm,6.908807967631497,0.6364768129474012,3.7208216619981327,3.708061002178649,6.722689075630252,32.283846872082165,28.63056333644569,31.70743853096794,5.249299719887955,10316943000.0,10019343000.0,12.612399755501222,4.647690332462384,8.629814303638645,8.659512338425381,1.0126961207742746,1.0126961207742746,4.513624200378413,0.0,8.380880803011292,8.40972217559174,0.0198217630939707,0.1154799440105465,0.1655542031489261,0.0114307246981864,0.0,19.565217391304348,0.0,5.358583594800538,0.0007948090824966,0.0400977995110024,0.0,0.0,0.0079552855749621,0.0034295273943956,0.0018470132444364,0.1305732484076433,0.0041445175241012,21.309003074184684,0.0482374008058939,0.0013970879085969,-420.22066604419547,2049600000.0,9199000000.0,-135016900000.0,3672100000.0,0.0,0.0,0.0,0.0,0.0,0.0,0.0,0.0,0.0,0.0200734225921708,0.0127606598194833,2011-05-02,0.71,amc,1381700000.0,2025-04-25,2011-03-31,0.0,32.75048387096774,2437735.596774193
2010-12-31,PFG,USD,1126328,2011-02-16,2011-02-16 12:48:23,2010,Q4,2372500000.0,0.0,2372500000.0,1.0,0,1542300000.0,-136800000.0,1679100000.0,1079900000.0,2759000000.0,2108800000.0,0.0,0.0,-178100000.0,0.0,0.0,-9545100000.0,-4.0232244468,9808800000.0,263700000.0,0.1111485774,45600000.0,207600000.0,0.0875026344,0.65,0.65,320600000,321300000,https://www.sec.gov/Archives/edgar/data/1126328/000104746911000974/0001047469-11-000974-index.htm,https://www.sec.gov/Archives/edgar/data/1126328/000104746911000974/a2201860z10-k.htm,7.400187149095446,0.6475358702432938,2.689332501559576,2.657829070492826,6.385839051777916,30.832813474734877,27.152214597629445,30.34248284466625,5.276356830941984,10438736000.0,10252936000.0,12.57073217726397,4.399888724973657,12.107093481790768,12.250599694871497,1.0730829170007607,1.0730829170007607,4.321574710221285,0.0,11.891598237067964,12.03255017016782,0.0198874653023124,0.0816286569561678,0.1738933777421411,0.0116156507778901,0.0,17.943032427695005,0.0,3.953232462173315,0.0176745537007545,0.888728323699422,0.6500737618545838,0.0,0.0081026648840803,0.0117142194386453,0.0042571127502634,-0.0567097136440202,0.0056902002107481,21.02561618047546,-1.930343364054257,0.0014371645491103,-417.0268247036806,1933200000.0,8705000000.0,-133698800000.0,3571900000.0,0.0,0.0,0.0,0.0,0.0,0.0,0.0,0.0,0.0,0.0213408992783568,0.0315034310667498,2011-02-07,0.68,amc,1593878787.0,2025-04-25,2010-12-31,-0.0294117647058823,28.99015625,2849198.234375
2010-09-30,PFG,USD,1126328,2010-11-03,2010-11-03 16:22:00,2010,Q3,1986700000.0,0.0,1986700000.0,1.0,0,1542300000.0,136800000.0,1679100000.0,751500000.0,751500000.0,1695300000.0,0.0,30100000.0,15300000.0,326300000.0,0.1642422107,311000000.0,0.1565409976,163500000.0,291400000.0,0.1466753914,62800000.0,134000000.0,0.0674485327,0.44,0.44,320300000,323181818,https://www.sec.gov/Archives/edgar/data/1126328/000110465910055606/0001104659-10-055606-index.htm,https://www.sec.gov/Archives/edgar/data/1126328/000110465910055606/a10-16402_110q.htm,6.202622541367468,0.418357789572276,1.3899469247580394,1.3812051201998128,7.625975647830159,31.3278176709335,27.625351233218858,30.89447393068998,5.44583203246956,8302176000.000001,7747576000.000001,15.48913432835821,4.178877535611819,18.648194070080866,18.76622061482821,0.8389849931787177,0.8389849931787177,3.899721145618362,23.74372050260497,17.40246181491465,17.512603978300184,0.016140346819918,0.05328723457561,0.1732302561770501,0.0119492585213925,-1.699662886913883,17.986745213549337,10.332225913621263,2.942498347653668,0.0009876928650994,0.0611940298507462,0.7763124779785574,0.0,0.0082666116442185,0.0062893081761006,0.0014093723259676,0.0209580838323353,0.005436150400161,17.053188441811688,0.0525300846241925,0.0009418664559884,-408.92819231970026,2306800000.0,8848400000.0,-130979700000.0,3953800000.0,0.0,0.0,0.0,0.0,0.0,0.0,0.0,0.0,0.0,0.013541508766611,0.0087418045582266,2010-11-01,0.63,amc,1329670588.0,2025-04-25,2010-09-30,0.0793650793650794,24.49625,3384804.828125
2010-06-30,PFG,USD,1126328,2010-08-04,2010-08-04 14:32:42,2010,Q2,2233600000.0,0.0,2233600000.0,1.0,0,0.0,0.0,0.0,683800000.0,683800000.0,2075800000.0,0.0,0.0,106500000.0,77100000.0,0.0345182665,155900000.0,0.0697976361,157800000.0,157800000.0,0.0706482808,13600000.0,142300000.0,0.0637088109,0.42,0.42,320100000,322900000,https://www.sec.gov/Archives/edgar/data/1126328/000110465910041816/0001104659-10-041816-index.htm,https://www.sec.gov/Archives/edgar/data/1126328/000110465910041816/a10-10512_110q.htm,6.977819431427679,0.4445485785691971,2.5963761324586065,2.5826304279912526,6.243673851921274,28.34020618556701,24.51421430802874,27.89597000937207,5.307403936269916,7503144000.0,7374744000.0,13.181911454673228,3.3592156160458453,9.027967753579594,9.076017902503931,0.8402647404669915,0.8402647404669915,3.30172994269341,95.65167315175096,8.873473709541571,8.920701584613523,0.0189653830447609,0.1101804790098657,0.1902570132706198,0.0124373611329719,-1.6653696498054475,15.493023255813954,0.0,5.763522884882108,0.0011062029463915,0.0583274771609276,0.0,0.0,0.0089658226967748,0.0052941884249789,0.0019699140401146,0.0413145539906103,0.00564111747851,16.70404324851305,0.0366249554178322,0.0010511790491077,-392.14682911590126,1869600000.0,7847000000.0,-125526200000.0,3566000000.0,0.0,0.0,0.0,0.0,0.0,0.0,0.0,0.0,0.0,0.0159359426619631,0.0137457044673539,2010-08-02,0.66,amc,1650671186.0,2025-04-25,2010-06-30,-0.1060606060606061,27.913015873015876,3754845.952380952
2010-03-31,PFG,USD,1126328,2010-05-05,2010-05-05 09:20:21,2010,Q1,2264000000.0,0.0,2264000000.0,1.0,0,0.0,0.0,0.0,675900000.0,675900000.0,2007700000.0,0.0,0.0,102700000.0,0.0,0.0,251700000.0,0.1111749117,256300000.0,256300000.0,0.1132067138,52700000.0,199000000.0,0.0878975265,0.6,0.59,319800000,322100000,https://www.sec.gov/Archives/edgar/data/1126328/000110465910025536/0001104659-10-025536-index.htm,https://www.sec.gov/Archives/edgar/data/1126328/000110465910025536/a10-5719_110q.htm,7.0794246404002505,0.6222639149468417,2.042526579111945,2.029393370856785,5.664790494058787,27.167604752970608,23.30300187617261,26.752970606629145,5.34677923702314,9341358000.0,9421558000.0,11.735374371859296,4.126041519434629,14.300915492957746,14.39346379044684,1.0918413670578335,1.0918413670578335,4.16146554770318,0.0,14.423695652173912,14.517038520801233,0.0213031124596659,0.0694759798307698,0.1998574033381644,0.0121410115403158,0.0,13.519402985074628,0.0,3.208251473477407,0.0008778166943178,0.0412060301507537,0.0,0.0,0.0087754115227067,0.0064298836497244,0.0018551236749116,0.0408958130477117,0.0047261484098939,19.35372535425993,0.0547466854808681,0.0014254932636489,-407.557535959975,1677600000.0,7452300000.0,-130336900000.0,3394000000.0,0.0,0.0,0.0,0.0,0.0,0.0,0.0,0.0,0.0,0.0232596194305484,0.0131332082551594,2010-05-03,0.68,amc,1430857971.0,2025-04-25,2010-03-31,0.014705882352941,24.81967213114754,3416277.1639344264
2009-12-31,PFG,USD,1126328,2010-02-17,2010-02-17 14:28:25,2009,Q4,2232400000.0,0.0,2232400000.0,1.0,0,0.0,0.0,0.0,2526600000.0,2526600000.0,2062900000.0,0.0,0.0,-36300000.0,0.0,0.0,-9143300000.0,-4.0957265723,9312800000.0,169500000.0,0.0759272532,14600000.0,150200000.0,0.0672818491,0.47,0.47,319500000,319800000,https://www.sec.gov/Archives/edgar/data/1126328/000104746910000948/0001047469-10-000948-index.htm,https://www.sec.gov/Archives/edgar/data/1126328/000104746910000948/a2196417z10-k.htm,6.98716744913928,0.4701095461658842,1.4040688575899845,1.6253521126760564,7.682003129890454,25.09045383411581,21.21533646322379,24.705790297339597,5.277621283255086,7680780000.0,7126580000.0,12.784254327563248,3.4405930836767604,17.121667409719123,14.790641247833625,0.973051244695002,0.973051244695002,3.192340082422505,0.0,15.886268390548372,13.723435393799344,0.0195553055809436,0.067610320826791,0.2136188002787103,0.0122401810693136,0.0,23.509578544061306,0.0,2.896061975468044,0.0218467395238504,1.1171770972037285,0.0,0.0,0.0089874084817442,0.1576014266607222,0.0316699516215732,-1.9476584022038568,0.0046138684823508,16.16553825110429,-1.9435558978936056,0.0011001946216451,-398.3993740219093,2350000000.0,6778300000.0,-127288600000.0,4077400000.0,0.0,0.0,0.0,0.0,0.0,0.0,0.0,0.0,0.0,0.0190283144359282,0.221283255086072,2010-02-08,0.65,amc,1661903225.0,2025-04-25,2009-12-31,-0.0461538461538461,25.884375,3248637.015625
2009-09-30,PFG,USD,1126328,2009-11-04,2009-11-04 12:01:41,2009,Q3,2270300000.0,0.0,2270300000.0,1.0,0,0.0,0.0,0.0,643000000.0,643000000.0,2022000000.0,0.0,0.0,69800000.0,0.0,0.0,237000000.0,0.1043914901,248300000.0,248300000.0,0.1093688059,44100000.0,192900000.0,0.0849667445,0.58,0.57,319100000,321500000,https://www.sec.gov/Archives/edgar/data/1126328/000110465909062402/0001104659-09-062402-index.htm,https://www.sec.gov/Archives/edgar/data/1126328/000110465909062402/a09-27109_110q.htm,7.114697586963334,0.6045126919460984,1.1892823566280164,1.151049827640238,10.84174240050141,23.837981823879662,19.928549044186777,23.53086806643685,5.3061736132873705,8740149000.0,7192149000.0,11.327305598755832,3.84977712196626,23.03069565217391,23.79566839096107,1.1640029565703784,1.1640029565703784,3.1679289080738227,0.0,18.951644268774704,19.581129866594065,0.0220705619549506,0.0420244551894939,0.2254984218306764,0.0123249829850887,0.0,31.710357470210816,0.0,1.8584720861900097,0.0009381991085049,0.0425090720580611,0.0,0.0,0.009080685255078,0.0321475625823451,0.0053737391534158,0.1747851002865329,0.0045808923930758,17.890107293420016,0.0366504263591898,0.0014170070225957,-395.8420557818866,3350500000.0,6359200000.0,-126313200000.0,5094800000.0,0.0,0.0,0.0,0.0,0.0,0.0,0.0,0.0,0.0,0.0256901993687322,0.0382325289877781,2009-11-02,0.65,amc,1342952702.0,2025-04-25,2009-09-30,0.1384615384615384,24.5421875,3906131.015625
2009-06-30,PFG,USD,1126328,2009-08-05,2009-08-05 17:04:12,2009,Q2,2157800000.0,0.0,2157800000.0,1.0,0,0.0,0.0,0.0,562700000.0,562700000.0,1959900000.0,0.0,0.0,-13400000.0,0.0,0.0,192500000.0,0.0892112337,197900000.0,197900000.0,0.0917137826,33900000.0,158600000.0,0.0735007878,0.52,0.52,289900000,291400000,https://www.sec.gov/Archives/edgar/data/1126328/000110465909047410/0001104659-09-047410-index.htm,https://www.sec.gov/Archives/edgar/data/1126328/000110465909047410/a09-15218_110q.htm,7.443256295274232,0.547085201793722,1.6040013797861332,1.4601586754053122,15.66402207657813,19.925836495343223,15.57088651259055,19.645394963780618,7.563987581924802,5461716000.0,3326016000.0,8.609262295081967,2.5311502456205397,11.745625806451612,12.902707299787386,0.9590033712600085,0.9590033712600085,1.5413921586801371,0.0,7.152722580645161,7.857349397590362,0.0290384926642102,0.0775031144058021,0.3850259867958983,0.0167765055475393,0.0,27.97905113986445,0.0,2.8353658536585367,0.0015196689099176,0.0523329129886506,0.0,0.0,0.0096590378756696,0.0896774193548387,0.0193252386690147,-3.111940298507463,0.0051904717768097,15.550670710028522,0.0248345937001078,0.0012252393117955,-415.2780269058296,4378700000.0,4514000000.0,-120389100000.0,6147300000.0,0.0,0.0,0.0,0.0,0.0,0.0,0.0,0.0,0.0,0.0278480123612866,0.1438427043808209,2009-08-03,0.63,amc,1387278260.0,2025-04-25,2009-06-30,0.0952380952380951,17.83809523809524,7689343.158730159
2009-03-31,PFG,USD,1126328,2009-05-06,2009-05-06 15:59:31,2009,Q1,2188600000.0,0.0,2188600000.0,1.0,0,0.0,0.0,0.0,688400000.0,688400000.0,2058500000.0,0.0,0.0,118400000.0,0.0,0.0,128500000.0,0.0587133327,130100000.0,130100000.0,0.0594443937,7500000.0,121000000.0,0.0552864845,0.43,0.43,260000000,260500000,https://www.sec.gov/Archives/edgar/data/1126328/000110465909029988/0001104659-09-029988-index.htm,https://www.sec.gov/Archives/edgar/data/1126328/000110465909029988/a09-9328_110q.htm,8.417692307692308,0.4653846153846154,3.6534615384615385,3.5884615384615386,11.124615384615383,10.418846153846154,5.571538461538461,10.11,7.013461538461539,2126800000.0,1250700000.0,4.3942148760330575,0.9717627707210088,2.2389725234235183,2.279528403001072,0.8090999010880316,0.8090999010880316,0.5714612080782235,0.0,1.31666491209601,1.3405144694533762,0.0568929847658454,0.4386872296407749,0.6937152857034162,0.0147969567037882,0.0,5.4368421154827855,0.0,7.747960848287112,0.0038555576452886,0.0677685950413223,0.0,0.0,0.0102268190478663,0.0177913464575218,0.0077218313076852,0.1427364864864864,0.0024216394041853,10.288992437776178,0.0253537900674124,0.0009920106251716,-452.4365384615385,2360400001.0,1448600000.0,-117633500000.0,4137900001.0,0.0,0.0,0.0,0.0,0.0,0.0,0.0,0.0,0.0,0.0460321083466484,0.065,2009-05-04,0.66,amc,1544190476.0,2025-04-25,2009-03-31,-0.0454545454545454,12.827377049180328,7089740.278688525
2008-12-31,PFG,USD,1126328,2009-02-18,2009-02-18 10:40:53,2008,Q4,2279200000.0,0.0,2279200000.0,1.0,0,0.0,0.0,0.0,2995100000.0,2995100000.0,2339700000.0,0.0,0.0,-173000000.0,-145000000.0,-0.0636188136,-10651800000.0,-4.6734819235,10591300000.0,-60500000.0,-0.0265444015,-61300000.0,800000.0,0.0003510004,0.0031,0.0031,259600000,260000000,https://www.sec.gov/Archives/edgar/data/1126328/000104746909001547/0001047469-09-001547-index.htm,https://www.sec.gov/Archives/edgar/data/1126328/000104746909001547/a2190573z10-k.htm,8.779661016949152,0.0030816640986132,1.3775038520801233,1.2939137134052388,17.03697996918336,9.52542372881356,4.514637904468413,9.52542372881356,6.900616332819722,5859172000.0,5042572000.0,1830.99125,2.5707142857142857,16.38470917225951,17.44320333432569,2.3694483985765125,2.3694483985765125,2.212430677430677,-34.776358620689656,14.101152125279642,15.012122655552249,0.00013653806374,0.0573289195128595,0.724441928178583,0.0139753975584791,5.631724137931035,5.669649960222753,0.0,447.0,0.021334072459385,156.25,0.0,0.0,0.0101480390443617,0.0606823266219239,0.0095208845208845,-0.1254335260115607,-0.0005703755703755,0.8126921418385803,0.0295246400733418,6.305090730255608e-06,-467.2064714946071,2347900000.0,1172000000.0,-122858900000.0,4166900000.0,0.0,0.0,0.0,0.0,0.0,0.0,0.0,0.0,0.0,0.0003235198964736,0.0835901386748844,2009-02-09,0.66,bmo,1474860869.0,2025-04-25,2008-12-31,0.0454545454545453,19.71765625,4238098.90625
2008-09-30,PFG,USD,1126328,2008-11-05,2008-11-05 14:59:06,2008,Q3,2497800000.0,0.0,2497800000.0,1.0,0,0.0,0.0,0.0,734100000.0,734100000.0,2401700000.0,0.0,0.0,121800000.0,0.0,0.0,96100000.0,0.038473857,0.0,96100000.0,0.038473857,-2200000.0,98300000.0,0.0393546321,0.35,0.35,259500000,261000000,https://www.sec.gov/Archives/edgar/data/1126328/000110465908068166/0001104659-08-068166-index.htm,https://www.sec.gov/Archives/edgar/data/1126328/000110465908068166/a08-25328_110q.htm,9.62543352601156,0.3788053949903661,3.0601156069364164,2.929865125240848,9.692485549132948,21.628516377649326,16.39383429672447,21.628516377649326,6.661657032755299,11285655000.0,10745355000.0,28.70207273652085,4.5182380494835455,14.211881375141669,14.843686702617388,2.0107713002886363,2.0107713002886363,4.301927696372808,0.0,13.531488477521725,14.13304616598711,0.008710172338247,0.0673687083292906,0.308003420874461,0.0120542752686882,0.0,6.388620777241554,0.0,8.078331637843336,0.0007265860953573,0.0834181078331637,0.0,0.0,0.0094721626221936,0.0425639088276035,0.0135319080791096,0.277504105090312,0.0025622547842101,13.577277728379451,0.0218965094780923,0.000692003522671,-521.3175337186898,2121500000.0,4254200000.0,-135281900000.0,3990700000.0,0.0,0.0,0.0,0.0,0.0,0.0,0.0,0.0,0.0,0.0175141645583152,0.1302504816955684,2008-11-03,0.92,bmo,1580004166.0,2025-04-25,2008-09-30,0.0434782608695651,43.20953125,2844477.140625
2008-06-30,PFG,USD,1126328,2008-08-06,2008-08-06 13:06:57,2008,Q2,2658200000.0,0.0,2658200000.0,1.0,0,0.0,0.0,0.0,749200000.0,749200000.0,2452200000.0,0.0,0.0,93100000.0,0.0,0.0,206000000.0,0.07749605,0.0,206000000.0,0.07749605,29400000.0,176600000.0,0.0664359341,0.65,0.64,259100000,261200000,https://www.sec.gov/Archives/edgar/data/1126328/000110465908050246/0001104659-08-050246-index.htm,https://www.sec.gov/Archives/edgar/data/1126328/000110465908050246/a08-18625_110q.htm,10.259359320725588,0.6815901196449248,0.290621381705905,0.2242377460439984,6.893477421844848,25.549594751061367,20.220378232342725,25.549594751061367,6.171748359706677,10874427000.0,10949027000.0,15.394149207248017,4.09089872846287,144.41470119521912,187.1674182444062,1.642687502832369,1.642687502832369,4.118962831991573,0.0,145.40540504648075,188.4514113597246,0.0162399361364051,0.0053428102464617,0.2415595401743228,0.0105532417016384,0.0,6.667039940276222,0.0,0.4263873159682899,0.0007632586066373,0.0469988674971687,0.0,0.0,0.0091125734110577,0.2284196547144754,0.0064705439771273,0.1847475832438238,0.0,19.79451704950751,0.0468435013262599,0.0011761877264877,-552.3770744886144,1518200000.0,5239100000.0,-143120900000.0,3389900000.0,0.0,0.0,0.0,0.0,0.0,0.0,0.0,0.0,0.0,0.0266771401380685,0.0663836356619066,2008-08-04,0.95,bmo,1742025773.0,2025-04-25,2008-06-30,0.0210526315789473,52.69921875,1770423.859375
2008-03-31,PFG,USD,1126328,2008-05-07,2008-05-07 15:30:06,2008,Q1,2500700000.0,0.0,2500700000.0,1.0,0,0.0,0.0,0.0,745900000.0,745900000.0,2288700000.0,0.0,0.0,103100000.0,0.0,0.0,212000000.0,0.0847762626,0.0,212000000.0,0.0847762626,29600000.0,182400000.0,0.0729395769,0.67,0.67,258900000,261300000,https://www.sec.gov/Archives/edgar/data/1126328/000110465908030722/0001104659-08-030722-index.htm,https://www.sec.gov/Archives/edgar/data/1126328/000110465908030722/a08-11231_110q.htm,9.658941676322904,0.7045191193511008,3.853997682502897,3.729239088451139,14.33178833526458,26.42757821552723,21.099266125917342,26.42757821552723,6.109308613364234,14425908000.0,14886908000.0,19.77235197368421,5.76874795057384,14.457714972940469,14.9413858104609,2.108403560310431,2.108403560310431,5.953096333026752,0.0,14.91973140910002,15.4188586224754,0.012643918150594,0.066928196131571,0.2311717162859356,0.0104058389012718,0.0,6.297824116047144,0.0,5.470394736842105,0.0005684217589631,0.0449561403508771,0.0,0.0,0.0090755862453717,0.0323712166766887,0.0129163834126444,0.3132880698351115,0.0,20.467572351091757,0.0535415504740658,0.00121098088788,-546.3445345693318,1168700000.0,5462600000.0,-143769800000.0,3029700000.0,0.0,0.0,0.0,0.0,0.0,0.0,0.0,0.0,0.0,0.0266584820449861,0.1247585940517574,2008-05-05,0.98,bmo,1775078260.0,2025-04-25,2008-03-31,-0.0612244897959183,57.91852459016394,2903078.704918033
2007-12-31,PFG,USD,1126328,2008-02-27,2008-02-27 14:04:59,2007,Q4,2564500000.0,0.0,2564500000.0,1.0,0,0.0,0.0,0.0,3129200000.0,3129200000.0,2594500000.0,0.0,0.0,107000000.0,0.0,0.0,-11471200000.0,-4.4730746734,11441200000.0,-30000000.0,-0.0116981868,-52200000.0,42400000.0,0.0165334373,0.16,0.16,260000000,260000000,https://www.sec.gov/Archives/edgar/data/1126328/000104746908001808/0001047469-08-001808-index.htm,https://www.sec.gov/Archives/edgar/data/1126328/000104746908001808/a2182820z10-k.htm,9.863461538461538,0.163076923076923,-0.3280769230769231,-0.56,13.319230769230767,28.545,23.231153846153845,28.545,6.498461538461538,17898400000.0,18243600000.0,105.53301886792454,6.979294209397543,-209.8288393903869,-122.92857142857144,2.4116307584515675,2.4116307584515675,7.11390134529148,0.0,-213.8757327080891,-125.29945054945055,0.0023689268314486,-0.0081348053457292,0.2276567363272565,0.0109344927071023,0.0,4.996389891696751,0.0,-3.8423423423423424,0.0009218701112948,0.3891509433962264,0.0,0.0,0.0089412258073701,-0.7069167643610785,0.0235133554299083,0.5635514018691589,0.0004679274712419,10.234167885455676,2.097992634882974,0.0002768733683081,-552.4442307692308,1328400000.0,6040100000.0,-145437700000.0,3179000000.0,0.0,0.0,0.0,0.0,0.0,0.0,0.0,0.0,0.0,0.0057129768112427,0.2319230769230769,2008-02-04,1.01,bmo,2183126744.0,2025-04-25,2007-12-31,-0.1485148514851485,65.86484375,1411150.359375
2007-09-30,PFG,USD,1126328,2007-10-31,2007-10-31 15:37:23,2007,Q3,2849500000.0,0.0,2849500000.0,1.0,0,0.0,0.0,0.0,800900000.0,800900000.0,2518000000.0,0.0,0.0,163100000.0,0.0,0.0,331500000.0,0.1163361993,0.0,331500000.0,0.1163361993,91000000.0,240500000.0,0.0844007721,0.88,0.87,264700000,267300000,https://www.sec.gov/Archives/edgar/data/1126328/000110465907078459/0001104659-07-078459-index.htm,https://www.sec.gov/Archives/edgar/data/1126328/000110465907078459/a07-25457_110q.htm,10.765017000377789,0.9085757461276918,4.244049867774839,4.072912731394031,16.76766150358897,29.72534945221005,24.496033245183227,29.72534945221005,5.969021533811863,17168442000.0,16189742000.0,17.846613305613303,6.025071766976662,15.282572547623287,15.924721268898988,2.181976030400468,2.181976030400468,5.681608001403755,0.0,14.411377959765,15.01692050830164,0.0140082600389715,0.0627954476008947,0.2008057649047443,0.0101530736502677,0.0,50.06814310051107,0.0,4.671101871101871,0.0004776205086052,0.0340956340956341,0.0,0.0,0.0088948636371522,0.0403240163788499,0.0158975258817336,0.2777437155119558,0.0,24.65104379215174,0.044050039379453,0.0015593219899412,-541.4098979977333,2880300000.0,6484100000.0,-144810600000.0,4715300000.0,0.0,0.0,0.0,0.0,0.0,0.0,0.0,0.0,0.0,0.0305656876326525,0.1711371363808084,2007-10-29,1.0,bmo,1632393162.0,2025-04-25,2007-09-30,0.1699999999999999,57.85984126984127,1401821.603174603
2007-06-30,PFG,USD,1126328,2007-08-01,2007-08-01 12:04:22,2007,Q2,2831600000.0,0.0,2831600000.0,1.0,0,0.0,0.0,0.0,760400000.0,760400000.0,2419100000.0,0.0,0.0,104300000.0,0.0,0.0,412500000.0,0.1456773556,0.0,412500000.0,0.1456773556,100400000.0,312100000.0,0.1102203701,1.14,1.12,267700000,270300000,https://www.sec.gov/Archives/edgar/data/1126328/000110465907057790/0001104659-07-057790-index.htm,https://www.sec.gov/Archives/edgar/data/1126328/000110465907057790/a07-18757_110q.htm,10.577512140455736,1.1658573029510646,2.6014194994396718,2.311916324243556,13.57713858797161,29.83451624953306,24.92641016062757,29.83451624953306,5.956667911841614,15604233000.0,15340833000.0,12.499385613585387,5.510747633846589,22.40699741527857,25.21285021812894,1.953777279727547,1.953777279727547,5.417726020624382,0.0,22.028766513497988,24.78725642268541,0.0200009830665819,0.0396623147065286,0.1996569296455357,0.0105771954180963,0.0,37.27348993288591,0.0,2.231336110221083,0.0,0.0,0.0,0.0,0.0087152747145596,0.1112866168868466,0.0273696849837547,0.7430488974113135,0.0,27.975216614253984,0.0659538048646478,0.0020884021080749,-519.7497198356369,2161900000.0,6672800000.0,-140550100000.0,3919200000.0,0.0,0.0,0.0,0.0,0.0,0.0,0.0,0.0,0.0,0.0390774662877033,0.289503175196115,2007-07-30,0.97,bmo,1662672380.0,2025-04-25,2007-06-30,0.0824742268041237,60.74063492063492,1088597.8095238097
2007-03-31,PFG,USD,1126328,2007-05-02,2007-05-02 13:30:25,2007,Q1,2660900000.0,0.0,2660900000.0,1.0,0,0.0,0.0,0.0,754700000.0,754700000.0,2326700000.0,0.0,0.0,113100000.0,0.0,0.0,334200000.0,0.1255966027,0.0,334200000.0,0.1255966027,68900000.0,265300000.0,0.099703108,0.96,0.95,267812500,270631579,https://www.sec.gov/Archives/edgar/data/1126328/000110465907034740/0001104659-07-034740-index.htm,https://www.sec.gov/Archives/edgar/data/1126328/000110465907034740/a07-10699_110q.htm,9.93568261376896,0.9906184364060676,4.575962660443407,4.462077012835473,11.132415402567094,30.27117852975496,25.316219369894984,30.27117852975496,5.995985997666278,16033934375.0,16163234375.0,15.109248374481718,6.025756088165658,13.083585781313747,13.41751830543933,1.977788870729,1.977788870729,6.07434866962306,0.0,13.189093737250102,13.525719142259414,0.0165461572808763,0.074529430646993,0.1980757370173923,0.0109523153459275,0.0,31.01490066225165,0.0,4.619298906897852,0.001029067452448,0.0621937429325292,0.0,0.0,0.0090507675078128,0.0248878008975928,0.0114622871960614,0.2696728558797524,0.0,25.97521356456156,0.0591276828099578,0.0018259981388997,-506.05927654609104,1812900000.0,6780000000.0,-136637100000.0,3563100000.0,0.0,0.0,0.0,0.0,0.0,0.0,0.0,0.0,0.0,0.0327248057234488,0.1138856476079346,2007-04-30,0.93,bmo,1817455172.0,2025-04-25,2007-03-31,-0.0645161290322581,60.88245901639344,836626.344262295
2006-12-31,PFG,USD,1126328,2007-02-28,2007-02-27 17:31:24,2006,Q4,2591500000.0,0.0,2591500000.0,1.0,0,0.0,0.0,0.0,2558700000.0,2558700000.0,2264400000.0,0.0,0.0,77700000.0,0.0,0.0,-9837700000.0,-3.7961412309,10164800000.0,327100000.0,0.1262203357,65300000.0,292400000.0,0.1128304071,1.09,1.09,267812500,267812500,https://www.sec.gov/Archives/edgar/data/1126328/000104746907001453/0001047469-07-001453-index.htm,https://www.sec.gov/Archives/edgar/data/1126328/000104746907001453/a2176222z10-k.htm,9.676546091015169,1.091808634772462,0.8491015169194865,0.7635939323220536,11.207467911318552,29.351878646441072,24.3375495915986,29.351878646441072,6.115845974329055,15720593750.0,15767693750.0,13.441000128248977,6.066214065213197,69.13189863676342,76.87331907090464,1.9998719914003664,1.9998719914003664,6.084388867451283,0.0,69.3390226473175,77.1036369193154,0.0185998063845393,0.0130084145199668,0.2083630164868715,0.0114013759057094,0.0,25.56511891279728,0.0,0.868601986249045,0.0005216087973776,0.0280437756497948,0.0,0.0,0.0093478891896802,0.1007036059806508,0.0088365811306193,0.2947232947232947,0.0008103415010611,26.852360742437536,-1.5952366508872116,0.0020545943089705,-495.8536289381563,2169100000.0,6517900000.0,-133539900000.0,3934500000.0,0.0,0.0,0.0,0.0,0.0,0.0,0.0,0.0,0.0,0.03719723183391,0.0855075845974329,2007-02-05,0.88,bmo,1527131182.0,2025-04-25,2006-12-31,0.0568181818181818,57.07476190476191,731904.7619047619
2006-09-30,PFG,USD,1126328,2006-11-01,2006-11-01 14:52:39,2006,Q3,2438900000.0,0.0,2438900000.0,1.0,0,0.0,0.0,0.0,608200000.0,608200000.0,2107400000.0,0.0,0.0,80600000.0,0.0,0.0,331500000.0,0.135921932,0.0,331500000.0,0.135921932,72300000.0,259200000.0,0.1062774201,0.93,0.92,269892473,272826087,https://www.sec.gov/Archives/edgar/data/1126328/000110465906070216/0001104659-06-070216-index.htm,https://www.sec.gov/Archives/edgar/data/1126328/000110465906070216/a06-21547_110q.htm,9.036561756948291,0.9603824705404068,3.5062111569150725,3.4513745035045864,9.849107574037458,28.485788857105327,26.535752999677023,28.485788857105327,3.6618286868637497,14649763434.44,14241463434.44,14.129787263155864,6.006709350297266,15.481098419570962,15.727067562469136,1.905511561301232,1.905511561301232,5.839297812308828,0.0,15.049628484032548,15.288742280665591,0.0176931184697937,0.0635846445008214,0.1285493164761124,0.0072580739922564,0.0,17.953993055555557,0.0,3.650848765432099,0.0,0.0,0.0,0.0,0.0038651465568396,0.0156398605093522,0.0060683094837836,0.1836228287841191,0.0,24.81004184301756,0.0663526520581609,0.0019109505873297,-466.1830639493232,1953100000.0,7161800000.0,-126409200000.0,2898400000.0,0.0,0.0,0.0,0.0,0.0,0.0,0.0,0.0,0.0,0.0337144417996644,0.0548366534104861,2006-10-30,0.83,bmo,1346807446.0,2025-04-25,2006-09-30,0.1325301204819277,53.79031746031746,839374.6031746032
2006-06-30,PFG,USD,1126328,2006-08-02,2006-08-02 14:55:25,2006,Q2,2448400000.0,0.0,2448400000.0,1.0,0,0.0,0.0,0.0,619800000.0,619800000.0,2151900000.0,0.0,0.0,162800000.0,0.0,0.0,296500000.0,0.1210994935,0.0,296500000.0,0.1210994935,77700000.0,218800000.0,0.0893644829,0.77,0.76,273376623,276973684,https://www.sec.gov/Archives/edgar/data/1126328/000110465906050642/0001104659-06-050642-index.htm,https://www.sec.gov/Archives/edgar/data/1126328/000110465906050642/a06-15194_110q.htm,8.956142530153356,0.8003610462332765,2.485216155442816,2.425591452272786,9.458380060536486,25.037619986987696,23.219249438164287,25.037619986987696,4.82338242944789,15213409069.95,15315109069.95,17.38278001593921,6.213612591876327,22.39241841323226,22.94285789466144,2.222655349387117,2.222655349387117,6.255149922377879,0.0,22.54210931697085,23.0962284270095,0.0143820493483068,0.0435865490075972,0.1926454044735342,0.0100327628369299,0.0,4.457754765827254,0.0,3.1051188299817185,0.0005455713418233,0.0379341864716636,0.0,0.0,0.0037822587640208,0.0239917574330291,0.006657408920111,0.1001228501228501,0.0,21.23394814629335,0.0639429540008182,0.0016710926180934,-446.2671265055462,1469200000.0,6347600000.0,-122690600000.0,2386500000.0,0.0,0.0,0.0,0.0,0.0,0.0,0.0,0.0,0.0,0.0319663389191637,0.0596247031700292,2006-07-31,0.81,bmo,1548087804.0,2025-04-25,2006-06-30,0.0123456790123455,52.317619047619054,1072450.7936507936
2006-03-31,PFG,USD,1126328,2006-05-04,2006-05-04 15:07:58,2006,Q1,2391700000.0,0.0,2391700000.0,1.0,0,0.0,0.0,0.0,604400000.0,604400000.0,2018100000.0,0.0,0.0,23400000.0,0.0,0.0,373600000.0,0.1562068821,0.0,373600000.0,0.1562068821,79700000.0,293900000.0,0.1228833048,1.02,1.01,280098039,282871287,https://www.sec.gov/Archives/edgar/data/1126328/000110465906031122/0001104659-06-031122-index.htm,https://www.sec.gov/Archives/edgar/data/1126328/000110465906031122/a06-9257_110q.htm,8.538795946372192,1.0492754645811713,1.5187539388663838,1.4273573689675136,10.025061260782335,27.128715456661944,25.3132796834754,27.128715456661944,4.605530280060261,13668784303.2,13350584303.2,11.62707069003062,5.715091484383493,32.131603909732014,34.189055285642816,1.7988319453590744,1.7988319453590744,5.582048042480244,0.0,31.383602029149035,33.39315733666833,0.0215015464053518,0.0292491264132687,0.1697658810059615,0.0097746155507313,0.0,5.8720080624842526,0.0,1.4474310990132695,0.0005999070449945,0.027900646478394,0.0,0.0,0.0038530170601138,0.0601786553831687,0.0107036835723543,1.094017094017094,0.0051427854664046,25.30758086169608,0.0740153117759645,0.0022355590038489,-434.018747271558,1933700000.0,7090200000.0,-122045200000.0,2862800000.0,0.0,0.0,0.0,0.0,0.0,0.0,0.0,0.0,0.0,0.0386776685485675,0.0913965698988703,2006-05-01,0.76,bmo,1342428235.0,2025-04-25,2006-03-31,0.1184210526315789,48.15564516129032,939340.3225806452
2005-12-31,PFG,USD,1126328,2006-03-02,2006-03-02 17:15:58,2005,Q4,2445200000.0,0.0,2445200000.0,1.0,0,0.0,0.0,0.0,2307500000.0,2307500000.0,2169800000.0,0.0,0.0,-151500000.0,0.0,0.0,-8871200000.0,-3.6280058891,275400000.0,275400000.0,0.1126288238,31300000.0,255200000.0,0.1043677409,0.91,0.91,279287753,280098039,https://www.sec.gov/Archives/edgar/data/1126328/000104746906002772/0001047469-06-002772-index.htm,https://www.sec.gov/Archives/edgar/data/1126328/000104746906002772/a2167692z10-k.htm,8.75512790566223,0.9137529206302146,3.1211536869645693,2.882689954543048,9.863662013135247,27.953964741160707,26.21776258123284,27.953964741160707,4.923953826217364,13246618124.79,12980518124.79,12.976702708454154,5.417396583015704,15.196303917391305,16.453382343547386,1.696718173582078,1.696718173582078,5.308571129065107,0.0,14.891038344373063,16.1228643954664,0.0192652945526083,0.0607777768193769,0.1761450968336919,0.0108253290027819,0.0,4.965785054575987,0.0,3.5710774272839,0.0006265750187564,0.0325235109717868,0.0,0.0,0.0038170462721414,0.0764024320293679,0.0272370358252903,-0.4396039603960396,0.0003680680516931,23.973274303318828,-1.852200761442664,0.0020165862639815,-417.0372626400127,1889300000.0,7322300000.0,-116862500000.0,2794000000.0,0.0,0.0,0.0,0.0,0.0,0.0,0.0,0.0,0.0,0.0326877753868224,0.2384637324215215,2006-02-06,0.72,amc,,2025-04-25,2005-12-31,0.0694444444444445,49.0931746031746,954831.746031746
2005-09-30,PFG,USD,1126328,2005-11-02,2005-11-02 14:48:12,2005,Q3,2218400000.0,0.0,2218400000.0,1.0,0,0.0,0.0,0.0,576800000.0,576800000.0,1932000000.0,0.0,0.0,78300000.0,0.0,0.0,286500000.0,0.1291471331,286400000.0,286400000.0,0.1291020555,67100000.0,219400000.0,0.0989001082,0.75,0.74,280000000,283783784,https://www.sec.gov/Archives/edgar/data/1126328/000110465905051851/0001104659-05-051851-index.htm,https://www.sec.gov/Archives/edgar/data/1126328/000110465905051851/a05-17955_110q.htm,7.922857142857143,0.7835714285714286,2.525714285714286,2.4717857142857143,8.045357142857142,27.8575,26.10857142857143,27.8575,4.236071428571429,13263600000.0,13333100000.0,15.11349134001823,5.978903714388749,18.755090497737555,19.16428261811877,1.7004397379520773,1.7004397379520773,6.010232600072124,0.0,18.853365384615383,19.26470163271204,0.0165415121083265,0.0521804035103591,0.1520621530493199,0.0097939399944676,0.0,5.031365313653136,0.0,3.229223744292238,0.0,0.0,0.0,0.0,0.0040435818356722,0.0213518099547511,0.0068067075369635,0.1928480204342273,0.0,22.161626161162967,0.0571055214569581,0.0018189988376315,-396.6167857142857,1529500000.0,7310400000.0,-111396500000.0,2436100000.0,0.0,0.0,0.0,0.0,0.0,0.0,0.0,0.0,0.0,0.0281278445148139,0.0539285714285714,2005-10-31,0.69,bmo,1279720000.0,2025-04-25,2005-09-30,0.0869565217391305,45.4146875,929846.875
2005-06-30,PFG,USD,1126328,2005-08-03,2005-08-03 10:41:15,2005,Q2,2200700000.0,0.0,2200700000.0,1.0,0,0.0,0.0,0.0,580800000.0,580800000.0,1917500000.0,0.0,0.0,86400000.0,0.0,0.0,15100000.0,0.0068614532,268100000.0,283200000.0,0.1286863271,59400000.0,238900000.0,0.1085563684,0.83,0.82,287831325,291341463,https://www.sec.gov/Archives/edgar/data/1126328/000110465905035907/0001104659-05-035907-index.htm,https://www.sec.gov/Archives/edgar/data/1126328/000110465905035907/a05-12572_110q.htm,7.645797412772915,0.8300000008685643,3.063599835771871,2.550104648964111,8.263867735730292,27.280213506990595,25.587555489313058,27.280213506990595,4.501942239955988,12060132517.5,12184332517.5,12.620481914503976,5.480134737810697,13.676720931617147,16.430698252724795,1.5359117328485374,1.5359117328485374,5.536571326168946,0.0,13.817569196529826,16.5999080619891,0.0198090692331399,0.060861686132795,0.1650259166337667,0.0110570121321653,0.0,4.249178172255095,0.0,3.948947604120018,0.0,0.0,0.0,0.0,0.004157259076085,0.1676117033340893,0.0671604489480619,1.710648148148148,0.0,22.57117603883719,0.0029517003445842,0.0020470346702037,-371.61313140604136,1482600000.0,7364900000.0,-107401600000.0,2389100000.0,0.0,0.0,0.0,0.0,0.0,0.0,0.0,0.0,0.0,0.0304249818519886,0.5134951868077597,2005-08-01,0.66,bmo,1176015789.0,2025-04-25,2005-06-30,0.1515151515151514,39.38625,969290.625
2005-03-31,PFG,USD,1126328,2005-05-04,2005-05-04 15:01:17,2005,Q1,2144600000.0,0.0,2144600000.0,1.0,0,0.0,0.0,0.0,556900000.0,556900000.0,1864100000.0,0.0,0.0,88400000.0,0.0,0.0,280500000.0,0.1307936212,0.0,280500000.0,0.1307936212,75000000.0,205500000.0,0.0958220647,0.69,0.68,297826087,302205882,https://www.sec.gov/Archives/edgar/data/1126328/000110465905020343/0001104659-05-020343-index.htm,https://www.sec.gov/Archives/edgar/data/1126328/000110465905020343/a05-7797_110q.htm,7.200846714277248,0.6899999998992701,-0.2568613138311151,-0.3622919707500304,6.64951824720445,24.65566422997728,23.032233573279967,24.65566422997728,5.405167882422603,11463326088.63,12524626088.63,13.945652175948906,5.345204741504244,-149.84739985137256,-106.24027885662652,1.5611017266045677,1.5611017266045677,5.8400755798890245,0.0,-163.72060246575165,-116.0762380781279,0.0179267342140626,-0.0094126258963374,0.2192262123626261,0.0141796244310929,0.0,1.7193120651175002,0.0,-0.3722627737226277,0.0339953689694413,1.896350364963504,0.0,0.0,0.0042588199853605,-0.4104575163398692,0.0146414249743541,0.3552036199095023,0.0052224190991327,19.56474347172784,0.0637861998323866,0.0018178504957291,-349.8874160073157,547900000.0,6859600000.0,-104876400000.0,1467900000.0,0.0,0.0,0.0,0.0,0.0,0.0,0.0,0.0,0.0,0.0279854557339543,0.1054306569189152,2005-05-02,0.64,bmo,1253379710.0,2025-04-25,2005-03-31,0.0781249999999998,39.5088524590164,947690.1639344264
2004-12-31,PFG,USD,1126328,2005-03-04,2005-03-04 14:08:53,2004,Q4,2238700000.0,0.0,2238700000.0,1.0,0,0.0,0.0,0.0,2165900000.0,2165900000.0,1963300000.0,0.0,0.0,87200000.0,0.0,0.0,128800000.0,0.0575333899,146600000.0,275400000.0,0.1230178228,59800000.0,213500000.0,0.0953678474,0.72,0.72,297826087,297826087,https://www.sec.gov/Archives/edgar/data/1126328/000104746905005426/0001047469-05-005426-index.htm,https://www.sec.gov/Archives/edgar/data/1126328/000104746905005426/a2152718z10-k.htm,7.516802918610685,0.7168613137639619,0.875678831988952,0.3767299269523022,6.843591239876848,25.331226273674275,23.889445251986945,25.331226273674275,3.7780437950688985,12193000001.78,12865700001.78,14.277517566487118,5.446464466779827,46.75230062032208,108.67201427611408,1.616187055363652,1.616187055363652,5.746951356492607,0.0,49.33167178596625,114.66755794812832,0.0175100467455779,0.0092020011468564,0.1491457126572379,0.0098876870527715,0.0,2.171372408863474,0.0,1.209647495361781,0.1624866726573258,9.279625292740048,0.0,0.0,0.0037733494671703,0.5697852760736196,0.0663778085496046,1.7041284403669723,0.0193862509492115,20.21328680052956,0.0344408697937902,0.0018832358490482,-349.92099264964656,655500000.0,7114900000.0,-105038700000.0,1514300000.0,437450000.0,0.0,0.0,0.0,0.0,0.0,0.0,0.0,0.0,0.0282995108890155,0.4989489050366498,2005-02-07,0.61,bmo,2055199999.0,2025-04-25,2004-12-31,0.0819672131147541,38.11203125,995457.8125
2004-09-30,PFG,USD,1126328,2004-11-04,2004-11-04 07:11:55,2004,Q3,2088600000.0,0.0,2088600000.0,1.0,0,0.0,0.0,0.0,-1749100000.0,-1749100000.0,1853300000.0,0.0,0.0,87500000.0,0.0,0.0,339500000.0,0.1625490759,235400000.0,235300000.0,0.1126591975,40700000.0,298800000.0,0.1430623384,0.96,0.95,311250000,314526316,https://www.sec.gov/Archives/edgar/data/1126328/000112632804000384/0001126328-04-000384-index.htm,https://www.sec.gov/Archives/edgar/data/1126328/000112632804000384/final10q3qtr04.txt,6.710361445783133,0.96,3.2202409638554217,2.8645783132530123,10.043694779116466,24.720963855421687,23.466024096385546,24.720963855421687,3.189076305220884,11195662500.0,10285762500.0,9.3671875,5.360366992243608,11.16997156539958,12.55682200538358,1.4550403540237056,1.4550403540237056,4.924716317150244,0.0,10.26215953307393,11.536297106325708,0.0266889074228523,0.0796379847999169,0.1290029112081513,0.0090420163168039,0.0,27.5171939477304,0.0,5.150565262076054,0.0,0.0,0.0,0.0,0.0035581418228325,0.1104459742592038,0.0530020109164033,1.2651428571428571,0.0,23.10785189664129,0.0060217309979713,0.0027316159867185,-315.82240963855423,3855600000.0,7303800000.0,-98081000000.0,4677700000.0,734600000.0,0.0,0.0,37.700373455903474,0.0,0.0,2.387244256486456,0.0,0.0,0.038833437305053,0.3556626506024096,2004-11-01,0.57,bmo,1111845454.0,2025-04-25,2004-09-30,0.1578947368421054,34.528125,859956.25
2004-06-30,PFG,USD,1126328,2004-08-04,2004-08-04 16:34:22,2004,Q2,1979700000.0,0.0,1979700000.0,1.0,0,0.0,0.0,0.0,-1825800000.0,-1825800000.0,1816600000.0,0.0,0.0,24100000.0,0.0,0.0,153900000.0,0.0777390514,163100000.0,163100000.0,0.0823862201,34200000.0,119700000.0,0.0604637066,0.38,0.37,315000000,323513514,https://www.sec.gov/Archives/edgar/data/1126328/000112632804000293/0001126328-04-000293-index.htm,https://www.sec.gov/Archives/edgar/data/1126328/000112632804000293/finalsecondquarter10q.txt,6.284761904761905,0.38,-1.866031746031746,-1.89015873015873,8.757777777777777,22.663809523809523,21.43015873015873,22.663809523809523,5.383809523809524,10955700000.0,11175700000.0,22.88157894736842,5.534020306106986,-18.638482477033005,-18.40057104467585,1.5346052023364292,1.5346052023364292,5.645148254786078,0.0,-19.012759441987072,-18.7700705408129,0.0109258194364577,-0.0543461394525224,0.2375509518006471,0.0152272231395608,0.0,5.354519322900032,0.0,-6.320430107526882,0.0,0.0,0.0,0.0,0.0034891791450164,-0.0129295678802313,0.0038389654998232,0.3153526970954357,0.0,13.920329429599407,0.0027832751312878,0.0010785309273473,-320.7281746031746,2726800000.0,6750500000.0,-100880800000.0,3551800000.0,569000000.0,0.0,0.0,27.017729959084708,0.0,0.0,3.331145885916204,0.0,0.0,0.0167668193469765,0.0241269841269841,2004-08-02,0.58,bmo,1349896296.0,2025-04-25,2004-06-30,-0.0689655172413791,34.954193548387096,991716.129032258
2004-03-31,PFG,USD,1126328,2004-05-05,2004-05-05 16:52:40,2004,Q1,2257100000.0,0.0,2257100000.0,1.0,0,0.0,0.0,0.0,-1997400000.0,-1997400000.0,1991700000.0,0.0,0.0,122800000.0,95800000.0,0.0424438439,259700000.0,0.1150591467,207800000.0,265400000.0,0.1175845111,66100000.0,193600000.0,0.0857737805,0.6,0.6,322666667,322666667,https://www.sec.gov/Archives/edgar/data/1126328/000112632804000150/0001126328-04-000150-index.htm,https://www.sec.gov/Archives/edgar/data/1126328/000112632804000150/final1q10q2004.txt,6.995144620872784,0.5999999993801652,4.898553713947775,4.518904954009396,9.11249999058626,24.753099147982336,23.49328509969702,24.753099147982336,10.97541321180226,11496613345.21,13429413345.21,14.84583334866994,5.0935330048336365,7.273575443002658,7.884653552712435,1.439415718694128,1.439415718694128,5.949853061543574,140.1817676953027,8.4964022176452,9.210214213846788,0.0168397417732294,0.1268286543364972,0.443395517716289,0.031958401917468,20.17536534446764,3.532393794991382,0.0,8.164256198347108,0.0,0.0,0.0,0.0,0.003668348782812,0.0775022143489814,0.0542731824021975,0.997557003257329,0.0,18.280230801402585,0.0043184343319953,0.0017535231232275,-308.2987341856418,2497700000.0,7580500000.0,-99341800000.0,3347500000.0,631750000.0,0.0,0.0,21.679588852952904,0.0,0.0,4.151370240941696,0.0,0.0,0.0242393890071365,0.3796487599383794,2004-05-03,0.65,bmo,1357416666.0,2025-04-25,2004-03-31,-0.0769230769230769,35.292258064516126,908285.4838709678
2003-12-31,PFG,USD,1126328,2004-03-03,2004-03-03 17:07:50,2003,Q4,2428900000.0,0.0,2428900000.0,1.0,0,0.0,0.0,0.0,-2257400000.0,-2257400000.0,2266700000.0,0.0,0.0,136000000.0,0.0,0.0,171500000.0,0.0706080942,162200000.0,162200000.0,0.0667792005,-600000.0,172100000.0,0.0708551196,0.53,0.53,322666667,322666667,https://www.sec.gov/Archives/edgar/data/1126328/000112632804000056/0001126328-04-000056-index.htm,https://www.sec.gov/Archives/edgar/data/1126328/000112632804000056/final10k2004.txt,7.527582636851671,0.5333677680440415,2.1322314027559592,1.4655991720396704,9.780681808077809,22.932644604408424,21.98553716737031,22.932644604408424,13.590185936373777,10670586677.69,13362786677.69,15.500561704953515,4.393176613977521,15.50957365943314,22.56415030173398,1.4420491212619602,1.4420491212619602,5.501579594750711,0.0,19.422655054781977,28.2571086438782,0.0161284477787735,0.0443180880568391,0.5926131142223904,0.0406953219543703,0.0,2.3956607738904685,0.0,4.257425742574258,0.0136074992440278,0.8436955267286461,0.0,0.0,0.0028360790835455,0.3126453488372093,0.0885586067767302,1.5816176470588237,0.0,16.58943950319035,0.0038806417441333,0.0016016930854509,-299.5631711781372,2257900000.0,7094000000.0,-96479100000.0,3011300000.0,756000000.0,0.0,0.0,26.6713327020462,0.0,0.0,3.374409558210614,0.0,0.0,0.0232580139466998,0.666632230716289,2004-02-02,0.32,bmo,2254322812.0,2025-04-25,2003-12-31,0.4375,32.275625,847685.375
2003-09-30,PFG,USD,1126328,2004-02-13,2004-02-13 12:29:48,2003,Q3,2266100000.0,0.0,2266100000.0,1.0,0,0.0,0.0,0.0,-1971700000.0,-1971700000.0,1981900000.0,0.0,0.0,183900000.0,156500000.0,0.069061383,294400000.0,0.1299148316,224500000.0,284200000.0,0.1254137064,78100000.0,216300000.0,0.0954503332,0.57,0.57,323684211,323684211,https://www.sec.gov/Archives/edgar/data/1126328/000112632804000022/0001126328-04-000022-index.htm,https://www.sec.gov/Archives/edgar/data/1126328/000112632804000022/finalamended10q3q2003.txt,7.0009593393481895,0.6682439014611065,0.6222113812032679,-0.4680487798028554,6.8789268192015705,23.07217882802445,22.21424386993037,23.07217882802445,17.167040625284006,10030973698.89,14579673698.89,11.593820733807211,4.426536207091479,49.806224920009925,-66.21104751742574,1.343176135682436,1.343176135682436,6.433817439164202,93.1608543060064,72.39162710471697,-96.23546995966996,0.0215632107602809,-0.0151032197419443,0.7440580602830706,0.0535484896814574,29.06517571884984,1.0740002846164791,0.0,0.9877390877881316,0.0,0.0,0.0,0.0,0.0026761235237714,1.7522343594836147,0.1557301089978377,1.918977705274605,0.0,18.625290947876938,0.0050393707651454,0.0020900206586415,-288.8020077074442,208000000.0,7190400000.0,-93282600000.0,936100000.0,615500000.0,0.0,0.0,31.462865716429107,0.0,0.0,2.860515021459228,0.0,0.0,0.0289631901019,1.090260161006123,2003-11-03,0.61,bmo,1120366666.0,2025-04-25,2003-09-30,0.0327868852459016,32.199375,866240.625
2003-06-30,PFG,USD,1126328,2003-08-06,2003-08-06 13:22:29,2003,Q2,2412400000.0,0.0,2412400000.0,1.0,0,0.0,0.0,0.0,-2127700000.0,-2127700000.0,2127300000.0,0.0,0.0,239100000.0,323700000.0,0.1341817277,284700000.0,0.1180152545,202100000.0,285100000.0,0.1181810645,82500000.0,202200000.0,0.0838169458,0.62,0.62,326129032,326129032,https://www.sec.gov/Archives/edgar/data/1126328/000112632803000413/0001126328-03-000413-index.htm,https://www.sec.gov/Archives/edgar/data/1126328/000112632803000413/final10q2q2003.txt,7.397072211590166,0.6200000004906033,5.7296340302509465,4.499752723639765,8.595677553784908,23.11661722897457,22.270326427117965,23.11661722897457,6.211038580582424,10517661282.0,11018061282.0,13.00403224777448,4.359833063339413,5.628631746762283,7.167060498807496,1.3951003159570234,1.3951003159570234,4.567261350522301,34.03787853568119,5.89642581718934,7.508048573764906,0.0192248062167628,0.1395272162368919,0.2686828491842419,0.0205390902813478,1.545875810936052,4.872407574391343,0.0,9.22309970384995,0.0,0.0,0.0,0.0,0.0027985727279087,0.2146526811516643,0.1662659592107445,1.6775407779171894,0.0,17.95763933815828,0.0046864677221798,0.0020560126167183,-269.6794561975703,2576700000.0,7263000000.0,-87840600000.0,3311700000.0,491250000.0,0.0,0.0,16.370419499253856,0.0,0.0,5.497721057429353,0.0,0.0,0.0268205332272184,1.229881306611182,2003-08-04,0.61,bmo,1049200000.0,2025-04-25,2003-06-30,0.098360655737705,30.714920634920635,993655.5555555556
2003-03-31,PFG,USD,1126328,2003-05-07,2003-05-07 15:32:43,2003,Q1,2296800000.0,0.0,2296800000.0,1.0,0,0.0,0.0,0.0,-2075300000.0,-2075300000.0,2074600000.0,0.0,0.0,135800000.0,0.0,0.0,221500000.0,0.0964385232,222200000.0,222200000.0,0.096743295,65800000.0,155700000.0,0.0677899687,0.47,0.47,331276596,331276596,https://www.sec.gov/Archives/edgar/data/1126328/000112632803000235/0001126328-03-000235-index.htm,https://www.sec.gov/Archives/edgar/data/1126328/000112632803000235/final10q2003.txt,6.933179185407955,0.4699999996377649,2.8852023099150657,1.6397174040027869,6.189993572621713,20.63773922622653,19.935606921051555,20.63773922622653,6.321605647022526,8990846815.44,10118146815.44,14.4361702238921,3.9145101077324975,9.406619392592592,16.55163257628866,1.3150665246080038,1.3150665246080038,4.405323413200976,0.0,10.586050235865244,18.626927127098675,0.0173176123669036,0.0604170008844062,0.3063128949216007,0.0228025762054866,0.0,3.4198523596098074,0.0,6.111253196930947,0.0,0.0,0.0,0.0,0.0025326517168351,0.4316802678384599,0.1796412399860675,3.0382916053019144,0.0,14.77308675088392,0.0038437733470346,0.0016996350751408,-249.1734278747539,1835700000.0,6604200000.0,-82409400000.0,2538800000.0,501700000.0,0.0,0.0,21.30485893416928,0.0,0.0,4.224388449512599,0.0,0.0,0.0227738123098525,1.2454849059122788,2003-05-05,0.55,bmo,1022563492.0,2025-04-25,2003-03-31,0.1454545454545453,28.23,1243934.426229508
2002-12-31,PFG,USD,1126328,2003-03-05,2003-03-05 17:17:49,2002,Q4,2263300000.0,0.0,2263300000.0,1.0,0,0.0,0.0,0.0,-2142600000.0,-2142600000.0,2140800000.0,0.0,0.0,317000000.0,0.0,0.0,120700000.0,0.0533292096,122500000.0,122500000.0,0.0541245085,-94700000.0,215400000.0,0.0951707683,0.65,0.65,331276596,331276596,https://www.sec.gov/Archives/edgar/data/1126328/000112632803000122/0001126328-03-000122-index.htm,https://www.sec.gov/Archives/edgar/data/1126328/000112632803000122/final10k2002.txt,6.832055229159623,0.6502119455489695,5.338137439688012,4.178079637113876,6.757797040392193,20.09559407571309,19.50605650391312,20.09559407571309,5.727238274327113,9981363837.48,10840063837.48,11.584684119637885,4.410093154897716,5.644290792513006,7.211447032353154,1.4993336293757134,1.4993336293757134,4.78949491339195,0.0,6.129870977991405,7.831850182414565,0.0215802172435768,0.138668424729966,0.2849996995733942,0.021113649591092,0.0,4.777620396600566,0.0,8.141804788213628,0.0082973780285429,0.3844900139275766,0.0,0.0,0.0021733493728668,0.21731508708437,0.1697963151150974,1.2123028391167192,0.0,17.146250165005892,0.0054535015645301,0.0024022483438538,-243.3634792600924,2133600000.0,6461900000.0,-80505700000.0,2811400000.0,623150000.0,0.0,0.0,18.27994521274245,0.0,0.0,4.92342832281923,0.0,0.0,0.0323559454425283,1.1600578025741366,2003-02-04,0.53,bmo,2263300000.0,2025-04-25,2002-12-31,0.0,28.4140625,1382676.5625
2002-09-30,PFG,USD,1126328,2002-11-07,2002-11-07 16:29:39,2002,Q3,1995900000.0,0.0,1995900000.0,1.0,0,1231600000.0,0.0,1231600000.0,-3383500000.0,-2151900000.0,1950900000.0,0.0,0.0,-24100000.0,0.0,0.0,-156000000.0,-0.0781602285,45000000.0,45000000.0,0.0225462198,2400000.0,-158400000.0,-0.0793626935,-0.46,-0.45,344347826,352000000,https://www.sec.gov/Archives/edgar/data/1126328/000112632802000102/0001126328-02-000102-index.htm,https://www.sec.gov/Archives/edgar/data/1126328/000112632802000102/pfg10q3q2002final.txt,5.796174243887923,-0.4600000001161616,5.213333334649832,4.492840910225465,5.061452021480164,19.26540404526904,18.737449499681173,19.26540404526904,5.163383839687723,9015026084.68,10161526084.68,-14.228260865972224,4.516772425812917,5.021739129166667,5.827048080072394,1.3589125843653904,1.3589125843653904,5.091200002344807,0.0,5.660386633622995,6.568112006127594,-0.0175706646339251,0.1716134801461216,0.2680132649984926,0.0201425841190791,0.0,1.09051946273636,0.0,49.18356164383562,0.0,0.0,0.617064983215592,0.0,0.0020595735617821,0.138201871657754,0.1243048248910266,-10.294605809128631,0.0,,-0.0175558725630052,-0.0017981834260616,-230.30158465411657,7271700000.0,6452200000.0,5968000000.0,7937700000.0,939500000.0,0.0,0.0,35.469712911468505,0.0,0.0,2.5373760488176966,0.0,0.0,-0.0238769972867048,0.7204924244243668,2002-11-06,0.52,bmo,1259924137.0,2025-04-25,2002-09-30,0.1153846153846152,28.1734375,2396331.265625
2002-06-30,PFG,USD,1126328,2002-08-08,2002-08-08 15:54:25,2002,Q2,2380000000.0,0.0,2380000000.0,1.0,0,638600000.0,0.0,638600000.0,-2864600000.0,-2226000000.0,2226000000.0,0.0,0.0,212000000.0,0.0,0.0,154000000.0,0.0647058824,0.0,154000000.0,0.0647058824,33800000.0,120200000.0,0.0505042017,0.34,0.34,360800000,360800000,https://www.sec.gov/Archives/edgar/data/1126328/000112632802000048/0001126328-02-000048-index.htm,https://www.sec.gov/Archives/edgar/data/1126328/000112632802000048/pfg10q2q2002.txt,6.596452328159645,0.3331485587583148,4.200110864745011,3.4919623059866964,5.884423503325943,18.4869733924612,16.005266075388025,18.4869733924612,4.829268292682927,10676072000.0,11157372000.0,22.204808652246257,4.485744537815126,7.045052131450442,8.47374553535995,1.6005864979535538,1.6005864979535538,4.687971428571428,0.0,7.362658044080771,8.85575998095087,0.0112588225332313,0.1180115682996517,0.261225468883525,0.0193184867185403,0.0,1.0803360874167995,0.0,12.607321131447588,0.0,0.0,0.2683193277310924,0.0,0.0099275556748054,0.1686023492147287,0.1073529411764705,1.205188679245283,0.0,11.771807090833152,0.0142880916720157,0.0013460547828618,-223.33952328159648,6602100000.0,5774700000.0,5259800000.0,8012400000.0,793550000.0,0.0,0.0,41.30924369747899,0.0,0.0,2.178689124862688,0.0,0.0,0.0180207193295452,0.7081485587583148,2002-08-07,0.53,bmo,1603800000.0,2025-04-25,2002-06-30,0.0,28.36328125,1416174.96875
2002-03-31,PFG,USD,1126328,2002-05-10,2002-05-10 12:10:25,2002,Q1,2273000000.0,0.0,2273000000.0,1.0,0,1203200000.0,0.0,1203200000.0,-3400500000.0,-2197300000.0,1916400000.0,0.0,0.0,110500000.0,0.0,0.0,75700000.0,0.0333040035,476000000.0,356600000.0,0.1568851738,110600000.0,-34900000.0,-0.0153541575,-0.0968,-0.0968,360400000,360700000,https://www.sec.gov/Archives/edgar/data/1126328/000112632802000033/0001126328-02-000033-index.htm,https://www.sec.gov/Archives/edgar/data/1126328/000112632802000033/pfg10q1q2002.txt,6.306881243063264,-0.0968368479467258,1.3457269700332963,0.2993895671476138,3.4675360710321863,18.307436182019977,15.94284128745838,18.307436182019977,5.651220865704772,9128932000.0,10608132000.0,-65.39349570200574,4.016248130224373,18.822540206185565,84.60548656163114,1.3835907850863898,1.3835907850863898,4.66701803783546,0.0,21.87243711340206,98.31447636700648,-0.0038230101834475,0.0118195644353578,0.3086844498332828,0.0229464829926531,0.0,1.0813430342625934,0.0,-13.896848137535816,0.0,0.0,0.5293444786625605,0.0,0.0096013123220596,0.7775257731958762,0.1659040915090189,3.4126696832579184,0.0,,0.0060477291845694,-0.0003970127351219,-223.4738485016648,6573900000.0,5745800000.0,5230200000.0,7941700000.0,513000000.0,0.0,0.0,19.58776946766388,0.0,0.0,4.594703860925813,0.0,0.0,-0.0052894816611094,1.0463374028856829,2002-05-08,0.51,bmo,1293242307.0,2025-04-25,2002-03-31,0.0196078431372549,24.56566666666667,2020153.3333333333
2001-12-31,PFG,USD,1126328,2002-03-12,2002-03-12 00:00:00,2001,Q4,2040300000.0,0.0,2040300000.0,1.0,0,0.0,0.0,0.0,-2031600000.0,-2031600000.0,2031600000.0,0.0,0.0,249800000.0,0.0,0.0,8700000.0,0.0042640788,0.0,8700000.0,0.0042640788,-9900000.0,18600000.0,0.0091163064,0.0533,0.0533,349000000,349000000,https://www.sec.gov/Archives/edgar/data/1126328/000112632802000031/0001126328-02-000031-index.htm,https://www.sec.gov/Archives/edgar/data/1126328/000112632802000031/pfg200110k.txt,5.846131805157593,0.053295128939828,3.25730659025788,0.2123209169054441,4.165042979942694,19.54240687679083,16.02263610315186,19.54240687679083,5.415472779369628,8376000000.0,9642200000.0,112.58064516129032,4.105278635494781,7.36805066854328,113.03643724696356,1.2280984707417562,1.2280984707417562,4.725873646032446,0.0,8.481878958479944,130.1241565452092,0.0022206303724928,0.0088467048710601,0.2771139099453103,0.0213920690884601,0.0,1.0804958079648668,0.0,61.11827956989247,0.0,0.0,0.0,0.0,0.0139037130519917,0.93481703026038,0.5208547762583934,4.254203362690152,0.0,4.840876947578392,0.0021354519465907,0.0002134934763969,-228.30408309455584,6451900000.0,5591900000.0,5073700000.0,8198500000.0,542550000.0,0.0,0.0,23.436259373621525,0.0,0.0,3.840203274985884,0.0,0.0,0.0027271527645411,3.044985673352436,2002-03-12,,amc,,2025-04-25,2001-12-31,,22.696250000000003,2417933.3541666665
2001-09-30,PFG,USD,1126328,2001-11-19,2001-11-19 00:00:00,2001,Q3,2456500000.0,0.0,2456500000.0,1.0,0,1597300000.0,0.0,1597300000.0,-3905200000.0,-2307900000.0,2307900000.0,0.0,0.0,0.0,148600000.0,0.0604925707,148600000.0,0.0604925707,0.0,148600000.0,0.0604925707,32800000.0,115800000.0,0.0471402402,0.32,0.32,360600000,360600000,https://www.sec.gov/Archives/edgar/data/1126328/000112632801500014/0001126328-01-500014-index.htm,https://www.sec.gov/Archives/edgar/data/1126328/000112632801500014/pfg10q3q2001.txt,6.812257348863006,0.3211314475873544,2.9317803632834165,2.1683305574043263,3.3330560177481976,18.91014975041597,15.58014420410427,18.91014975041597,5.816139767054908,7572600000.0,9438800000.0,16.348445595854923,3.08267860777529,7.162883094176015,9.68487020038991,1.1105147382314122,1.1105147382314122,3.842377366171382,63.51816958277254,8.928112002391329,12.071620427256198,0.0152919736946359,0.1032538360668726,0.3075670919489661,0.0249811804390913,12.558546433378195,1.0857271095152603,0.0,9.129533748959703,0.0,0.0,0.6502340728679015,0.0,0.014302866290593,0.2604048432277761,0.1120700183187461,8.630094043887148,0.0,11.689075441518307,0.0129864304138163,0.0013993213653896,-209.42581808097617,6494000000.0,5618200000.0,5109800000.0,8203200000.0,276900000.0,0.0,0.0,20.28984327294932,0.0,0.0,4.43571686529433,0.0,0.0,0.0169819621645402,0.7634498058790904,2002-02-06,0.46,bmo,1261504000.0,2025-04-25,2001-09-30,0.0869565217391303,,
2001-06-30,PFG,USD,1126328,2001-06-30,2001-06-29 20:00:00,2001,Q2,1215900000.0,0.0,1215900000.0,1.0,0,81100000.0,1723700000.0,1804800000.0,0.0,1804800000.0,1804800000.0,0.0,0.0,147800000.0,298800000.0,0.2457438934,155100000.0,0.1275598322,0.0,155100000.0,0.1275598322,31900000.0,119100000.0,0.0979521342,0.33,0.33,360600000,360600000,,,3.3718801996672214,0.3302828618968386,3.1383804769828063,2.2925679423183585,1.0316139767054908,18.10593455352191,13.982251802551303,18.10316139767055,5.732113144758736,7572600000.0,9267600000.0,15.895465994962215,6.227979274611399,6.69134929751701,9.160033869602032,1.160018382352941,1.160018382352941,7.622008388847767,31.016064257028116,8.18909605018998,11.210354421192694,0.0157277553284208,0.1091699020151599,0.3166360294117647,0.024252023935234,5.672690763052209,1.076574828612081,0.0,9.50209907640638,0.0,0.0,0.0666995641088905,0.0,0.0174469083655989,0.2695060528408589,0.2508429969569866,2.06359945872801,0.0,11.598758080310477,0.0143322475570032,0.0014222084233906,-217.21852468108708,5920000000.0,5042000000.0,4529000000.0,7920000000.0,0.0,0.0,0.0,0.0,0.0,0.0,0.0,0.0,0.0,0.0182444852941176,0.8458125346644482,2001-06-29,,amc,,2025-04-25,2001-06-30,,,
2001-03-31,PFG,USD,1126328,2001-03-31,2001-03-30 19:00:00,2001,Q1,1477200000.0,0.0,1477200000.0,1.0,0,81000000.0,2014600000.0,2095600000.0,0.0,2095600000.0,2095600000.0,0.0,0.0,159500000.0,289200000.0,0.195775792,140400000.0,0.0950446791,0.0,140400000.0,0.0950446791,24400000.0,105300000.0,0.0712835093,0.29,0.29,360600000,360600000,,,4.096505823627288,0.2920133111480865,1.892124237382141,1.533555185801442,1.4586799778147532,17.85912368275097,14.631170271769273,17.86189683860233,5.113699389905713,7572600000.0,8890600000.0,17.978632478632477,5.126320064987815,11.098636963212662,13.69367088607595,1.175687005123428,1.175687005123428,6.018548605469808,30.74204702627939,13.030338560750405,16.077034358047015,0.0139053957689565,0.0730264374191162,0.2862909486104642,0.0223753822258894,4.557399723374827,1.0812689145397574,0.0,6.479582146248813,0.0,0.0,0.0548334687246141,0.0,0.0141241566762122,0.1895060823684596,0.0875304630381803,0.8106583072100313,0.0,10.833190291072183,0.0140028971511347,0.0012960319023237,-209.22351636161952,6069000000.0,5276000000.0,4775000000.0,7734000000.0,0.0,0.0,0.0,0.0,0.0,0.0,0.0,0.0,0.0,0.0163483931066604,0.3585690515806988,2001-03-30,,amc,,2025-04-25,2001-03-31,,,
2000-12-31,PFG,USD,1126328,2000-12-31,2000-12-30 19:00:00,2000,Q4,1471800000.0,0.0,1471800000.0,1.0,0,81100000.0,2033700000.0,2114800000.0,0.0,2114800000.0,2114800000.0,0.0,0.0,94400000.0,375200000.0,0.2549259403,280800000.0,0.1907867917,0.0,280800000.0,0.1907867917,79800000.0,201000000.0,0.1365674684,0.56,0.56,360600000,360600000,,,4.08153078202995,0.5574043261231281,4.075984467554076,3.3139212396006656,2.5707154742096505,17.340543538546868,14.334442595673876,17.340543538546868,4.983361064891847,7572600000.0,8442600000.0,9.418656716417912,5.14512841418671,5.152129544939536,6.336903770993225,1.2110347033423956,1.2110347033423956,5.736241337138198,22.50159920709381,5.744046812997719,7.064937244405805,0.0265430631487203,0.1578057733143174,0.2873820566128258,0.0212902079260707,2.318763332406085,1.0780967258998893,0.0,7.312437805970149,0.0,0.0,0.0551025954613398,0.0,0.012842841063918,0.1869642129452743,0.1867101508357113,2.911016979989587,0.0,14.747139203199067,0.0249689440993788,0.0024123570288402,-214.1569606211869,5999000000.0,5169000000.0,4662000000.0,7590000000.0,,,,0.0,0.0,0.0,0.0,0.0,0.0,0.032144570606109,0.762063227953411,2000-12-30,,amc,,2025-04-25,2000-12-31,,,
