date,symbol,reportedCurrency,cik,fillingDate,acceptedDate,calendarYear,period,revenue,costOfRevenue,grossProfit,grossProfitRatio,researchAndDevelopmentExpenses,generalAndAdministrativeExpenses,sellingAndMarketingExpenses,sellingGeneralAndAdministrativeExpenses,otherExpenses,operatingExpenses,costAndExpenses,interestIncome,interestExpense,depreciationAndAmortization,ebitda,ebitdaratio,operatingIncome,operatingIncomeRatio,totalOtherIncomeExpensesNet,incomeBeforeTax,incomeBeforeTaxRatio,incomeTaxExpense,netIncome,netIncomeRatio,eps,epsdiluted,weightedAverageShsOut,weightedAverageShsOutDil,link,finalLink,revenuePerShare,netIncomePerShare,operatingCashFlowPerShare,freeCashFlowPerShare,cashPerShare,bookValuePerShare,tangibleBookValuePerShare,shareholdersEquityPerShare,interestDebtPerShare,marketCap,enterpriseValue,peRatio,priceToSalesRatio,pocfratio,pfcfRatio,pbRatio,ptbRatio,evToSales,enterpriseValueOverEBITDA,evToOperatingCashFlow,evToFreeCashFlow,earningsYield,freeCashFlowYield,debtToEquity,debtToAssets,netDebtToEBITDA,currentRatio,interestCoverage,incomeQuality,dividendYield,payoutRatio,salesGeneralAndAdministrativeToRevenue,researchAndDdevelopementToRevenue,intangiblesToTotalAssets,capexToOperatingCashFlow,capexToRevenue,capexToDepreciation,stockBasedCompensationToRevenue,grahamNumber,roic,returnOnTangibleAssets,grahamNetNet,workingCapital,tangibleAssetValue,netCurrentAssetValue,investedCapital,averageReceivables,averagePayables,averageInventory,daysSalesOutstanding,daysPayablesOutstanding,daysOfInventoryOnHand,receivablesTurnover,payablesTurnover,inventoryTurnover,roe,capexPerShare,report_date,epsEstimated,time,revenueEstimated,updatedFromDate,fiscalDateEnding,surprise(%),QuarterAvgPrice,QuarterAvgVolume
2025-03-31,PG,USD,80424,2025-04-24,2025-04-24 16:20:00,2025,Q3,19776000000.0,9694000000.0,10082000000.0,0.5098098706,0,0.0,0.0,5524000000.0,0.0,5524000000.0,15218000000.0,111000000.0,217000000.0,690000000.0,5567000000.0,0.2815028317,4558000000.0,0.2304813916,103000000.0,4661000000.0,0.2356897249,868000000.0,3769000000.0,0.1905845469,1.58,1.54,2347200000,2449800000,https://www.sec.gov/Archives/edgar/data/80424/000008042425000037/0000080424-25-000037-index.htm,https://www.sec.gov/Archives/edgar/data/80424/000008042425000037/pg-20250331.htm,8.425357873210634,1.605743012951602,1.578476482617587,1.2125085207907291,3.883776414451261,22.38624744376278,-4.16112815269257,22.26993865030675,14.637866394001364,400009824000.0,425034824000.0,26.532888299283627,20.22703398058253,107.96486477732792,140.55158959943782,7.652468319559228,7.652468319559228,21.49245671521036,76.34898940183223,114.71925074224022,149.34463246661983,0.0094222685890834,0.0071148252598916,0.6531412610958065,0.2776052169387888,4.495239805999641,0.7134723195515067,21.004608294930875,0.9767993672554706,0.0060823506174688,0.6455293181215176,0.0,0.0,0.5066675339881611,0.2318488529014845,0.0434364886731391,1.244927536231884,0.0062196601941747,28.36539200677993,0.0376089357826953,0.0621209124472573,-22.588083674164963,-9813000000.0,-9767000000.0,-46004000000.0,75227000000.0,6186500000.0,14503500000.0,7210000000.0,27.93841019417476,134.7307612956468,68.70229007633588,3.221371558885812,0.6679988974641676,1.31,0.0721036118763391,0.3659679618268575,2025-04-24,1.52,bmo,20153978350.0,2025-05-11,2025-03-31,0.0131578947368421,,
2024-12-31,PG,USD,80424,2025-01-22,2025-01-22 16:16:26,2025,Q2,21882000000.0,10418000000.0,11464000000.0,0.5239009231,0,0.0,0.0,5723000000.0,0.0,5723000000.0,16141000000.0,119000000.0,240000000.0,706000000.0,6791000000.0,0.3103464034,5741000000.0,0.2623617585,104000000.0,5845000000.0,0.2671145234,1187000000.0,4630000000.0,0.2115894342,1.94,1.88,2351900000,2458100000,https://www.sec.gov/Archives/edgar/data/80424/000008042425000013/0000080424-25-000013-index.htm,https://www.sec.gov/Archives/edgar/data/80424/000008042425000013/pg-20241231.htm,9.303967005399889,1.968621114843318,2.0515328032654447,1.658233768442536,4.349674731068498,21.87295378204856,-4.374335643522259,21.75602704196607,14.850546366767295,394296035000.0,418753035000.0,21.29028266738661,18.019195457453616,81.71938549222799,101.10154743589744,7.705910627736085,7.705910627736085,19.13687208664656,61.662941393020176,86.78819378238342,107.37257307692308,0.0117424462561486,0.0098910454425442,0.6779041588492808,0.2828382488441686,3.60138418495067,0.7587063940586443,23.92083333333333,1.0356299635114832,0.0061907799808334,0.5272138228941685,0.0,0.0,0.5033553763484699,0.1917098445595854,0.0422721871858148,1.3101983002832862,0.0062151540078603,31.04288839207982,0.0465585276060716,0.0760162868588691,-22.4416429269952,-8155000000.0,-10288000000.0,-45554000000.0,75650000000.0,6274000000.0,14922500000.0,7153500000.0,25.64025226213326,125.22077174121712,60.645037435208295,3.5101058710298365,0.7187305967575026,1.484045584045584,0.0904862414008755,0.3932990348229091,2025-01-22,1.89,bmo,21578241895.0,2025-04-25,2024-12-31,-0.0052910052910052,163.67857142857142,9262631.0
2024-09-30,PG,USD,80424,2024-10-18,2024-10-18 16:15:59,2025,Q1,21737000000.0,10421000000.0,11316000000.0,0.5205870175,0,0.0,0.0,5519000000.0,0.0,5519000000.0,15971000000.0,135000000.0,238000000.0,728000000.0,6182000000.0,0.2843998712,5797000000.0,0.2666881354,-657000000.0,5140000000.0,0.2364631734,1152000000.0,3959000000.0,0.1821318489,1.65,1.58,2356200000,2466000000,https://www.sec.gov/Archives/edgar/data/80424/000008042424000113/0000080424-24-000113-index.htm,https://www.sec.gov/Archives/edgar/data/80424/000008042424000113/pg-20240930.htm,9.22544775485952,1.680247856718445,1.8258212375859435,1.4043799337916985,5.159154570919277,22.129275952805365,-4.618877854171972,22.001952296069945,15.444783974195738,408093840000.0,432090840000.0,25.770007577671127,18.77415650733772,94.86142259414224,123.32844968268358,7.872028703150015,7.872028703150015,19.87812669641625,69.89499191200258,100.43952580195258,130.5804895738894,0.0097012000965268,0.0081084291789359,0.6973823807411123,0.2858351385967964,3.881753477838887,0.7536792970895112,24.357142857142858,1.0790067720090293,0.0059912690669381,0.6175801970194493,0.0,0.0,0.4982843408548252,0.2308228730822873,0.0456824768827345,1.364010989010989,0.0048304733863918,28.840882385159308,0.0447666510192247,0.0623877210123231,-22.835922247686952,-8971000000.0,-10883000000.0,-46892000000.0,76559000000.0,6216000000.0,15357000000.0,7151500000.0,26.14252196715278,132.56885135783514,62.93349966413972,3.442667089008552,0.6788925081433225,1.4300809661040208,0.0763681256148608,0.421441303794245,2024-10-18,1.9,bmo,21986375700.0,2025-04-25,2024-09-30,0.0157894736842105,167.48,7747061.6
2024-06-30,PG,USD,80424,2024-08-05,2024-08-05 16:16:53,2024,Q4,20532000000.0,10348000000.0,10184000000.0,0.4960062342,0,0.0,0.0,6299000000.0,0.0,6299000000.0,16647000000.0,107000000.0,220000000.0,761000000.0,4849000000.0,0.236167933,3885000000.0,0.1892168323,-15000000.0,3870000000.0,0.1884862653,726000000.0,3137000000.0,0.1527858952,1.3,1.27,2472200000,2472200000,https://www.sec.gov/Archives/edgar/data/80424/000008042424000083/0000080424-24-000083-index.htm,https://www.sec.gov/Archives/edgar/data/80424/000008042424000083/pg-20240630.htm,8.305153304748806,1.2689102823396166,2.3270770973222232,2.0103551492597687,3.8354502062939897,20.45101529002508,-4.769436129762965,20.34058733112208,13.586683925248764,402276384000.0,426163384000.0,32.05900414408671,19.59265458796025,69.92462784634104,80.94092233400403,7.999769001312493,7.999769001312493,20.756058055717904,87.88685997112806,74.07672240570137,85.7471597585513,0.007798121204152,0.0123546899536613,0.6635842978164896,0.2726893846531013,4.926170344400908,0.7347964433342254,17.65909090909091,1.8339177558176605,0.0060878542648926,0.7806821804271598,0.0,0.0,0.5095203072648525,0.1361029028333043,0.0381355932203389,1.028909329829172,0.0062828755113968,24.098414041155785,0.0328164326867299,0.052265911362879,-21.93693875900008,-8918000000.0,-11791000000.0,-47102000000.0,76459000000.0,6121000000.0,14527500000.0,7046500000.0,26.817650496785504,133.62582141476614,61.02048705063781,3.355998692383132,0.6735225201770372,1.474914481185861,0.0623831682774529,0.3167219480624545,2024-07-30,1.37,bmo,20724628008.0,2025-04-25,2024-06-30,0.0218978102189779,170.3115625,6730656.4375
2024-03-31,PG,USD,80424,2024-04-19,2024-04-19 16:17:56,2024,Q3,20195000000.0,9855000000.0,10340000000.0,0.5120079228,0,0.0,0.0,5880000000.0,0.0,5880000000.0,15735000000.0,104000000.0,233000000.0,712000000.0,5528000000.0,0.2737311216,4460000000.0,0.2208467442,132000000.0,4592000000.0,0.2273830156,812000000.0,3754000000.0,0.1858875959,1.56,1.52,2360500000,2472000000,https://www.sec.gov/Archives/edgar/data/80424/000008042424000051/0000080424-24-000051-index.htm,https://www.sec.gov/Archives/edgar/data/80424/000008042424000051/pg-20240331.htm,8.555390807032408,1.5903410294429146,2.2592671044270283,1.9216267739885613,2.892607498411353,21.323024782884985,-5.264562592671044,21.206524041516627,13.647532302478288,379049090000.0,404203090000.0,25.24301345231753,18.76945233968804,71.07614663416464,83.56461419753086,7.572198050261697,7.572198050261697,20.015008170339197,73.11922756874095,75.79281642602663,89.110028659612,0.0099037304112773,0.0119667877319003,0.6388988773023293,0.2674124985367648,4.550289435600579,0.6944341372912801,19.141630901287552,1.4206180074587107,0.0060282429381376,0.6086840703249867,0.0,0.0,0.5247579390959715,0.1494468404275267,0.0394652141619212,1.1193820224719102,0.0078237187422629,27.546798701293007,0.0386509886975547,0.0660473626798972,-23.0059309468333,-9882000000.0,-12427000000.0,-46807000000.0,74905000000.0,6229000000.0,13962500000.0,7114000000.0,27.291903936617977,125.03196347031964,64.63013698630137,3.297681254082299,0.7198159374771748,1.3925392115303097,0.0749930081105917,0.3376403304384664,2024-04-19,1.41,bmo,20434909334.0,2025-04-25,2024-03-31,0.0780141843971631,169.7634375,6853677.0
2023-12-31,PG,USD,80424,2024-01-23,2024-01-23 16:11:37,2024,Q2,21441000000.0,10144000000.0,11297000000.0,0.5268877384,0,0.0,0.0,5522000000.0,0.0,6864000000.0,16830000000.0,133000000.0,248000000.0,721000000.0,5582000000.0,0.2603423348,4433000000.0,0.2067534164,63000000.0,4496000000.0,0.2096917121,1003000000.0,3468000000.0,0.1617461872,1.44,1.4,2358000000,2468400000,https://www.sec.gov/Archives/edgar/data/80424/000008042424000018/0000080424-24-000018-index.htm,https://www.sec.gov/Archives/edgar/data/80424/000008042424000018/pg-20231231.htm,9.092875318066158,1.470737913486005,1.6348600508905853,1.2883799830364715,3.346055979643766,20.70737913486005,-6.102629346904156,20.58269720101781,14.402035623409668,345541320000.0,371363320000.0,24.909264705882357,16.115914369665592,89.63458365758754,113.7397366688611,7.119572258622821,7.119572258622821,17.320242526001586,66.5287208885704,96.33289753566795,122.23940750493746,0.0100364263237751,0.0087920020679437,0.6946058433263279,0.2792832348872081,4.625940523109996,0.642865090403338,17.875,1.1115916955017302,0.0066214946449819,0.6597462514417531,0.0,0.0,0.5237223405048506,0.2119325551232166,0.038104566018376,1.1331484049930651,0.006995942353435,26.098169390689677,0.0361106630970648,0.0603224852585622,-23.606870229007637,-12839000000.0,-14390000000.0,-48770000000.0,72511000000.0,6274500000.0,14334500000.0,7134000000.0,26.5873793199944,126.28746056782336,63.44538643533124,3.385064730028418,0.7126598285794576,1.4185428611383024,0.0714550624304611,0.3464800678541136,2024-01-23,1.7,bmo,21474200000.0,2025-04-25,2023-12-31,0.0823529411764706,163.48396825396824,6295012.206349206
2023-09-30,PG,USD,80424,2023-10-18,2023-10-18 16:07:40,2024,Q1,21871000000.0,10501000000.0,11370000000.0,0.5198664899,0,0.0,0.0,5604000000.0,0.0,5603000000.0,16034000000.0,128000000.0,225000000.0,702000000.0,6739000000.0,0.3081249143,5767000000.0,0.2636825019,35000000.0,5802000000.0,0.2652827946,1246000000.0,4521000000.0,0.2067120845,1.89,1.83,2360000000,2475200000,https://www.sec.gov/Archives/edgar/data/80424/000008042423000103/0000080424-23-000103-index.htm,https://www.sec.gov/Archives/edgar/data/80424/000008042423000103/pg-20230930.htm,9.267372881355932,1.915677966101695,2.077966101694915,1.6860169491525423,4.124152542372881,20.344491525423727,-6.721610169491526,20.208474576271183,15.298728813559322,344229600000.00006,370376600000.00006,19.035036496350365,15.739088290430251,70.1936378466558,86.51158582558433,7.217763985574101,7.217763985574101,16.934598326551143,54.96017213236386,75.52540783034259,93.08283488313648,0.0131336758953907,0.0115591454076,0.7523274343705443,0.2928238568199068,3.879952515209972,0.6711879003175628,25.63111111111111,1.0763827919227391,0.0066525365628057,0.5065251050652511,0.0,0.0,0.5213048126596534,0.1886215334420881,0.042293447944767,1.3176638176638176,0.0057153308033468,29.51340226357345,0.0465973449710266,0.0770778279771545,-23.96832627118644,-12218000000.0,-15863000000.0,-49578000000.0,73294000000.0,5843000000.0,14516500000.0,7095000000.0,25.5749622788167,123.71678887724978,60.99704790019998,3.5190667739340307,0.7274679598198822,1.475481242096389,0.094795772875954,0.3919491525423729,2023-10-18,1.72,bmo,20442500000.0,2025-04-25,2023-09-30,0.063953488372093,156.83409836065573,6909193.213114754
2023-06-30,PG,USD,80424,2023-08-04,2023-08-04 16:16:13,2023,Q4,20553000000.0,10613000000.0,9940000000.0,0.4836276943,0,0.0,0.0,5778000000.0,0.0,5778000000.0,16391000000.0,116000000.0,240000000.0,706000000.0,5179000000.0,0.2519826789,4162000000.0,0.2025008515,71000000.0,4233000000.0,0.205955335,841000000.0,3384000000.0,0.1646474967,1.4,1.37,2477500000,2477500000,https://www.sec.gov/Archives/edgar/data/80424/000008042423000073/0000080424-23-000073-index.htm,https://www.sec.gov/Archives/edgar/data/80424/000008042423000073/pg-20230630.htm,8.295862764883955,1.3658930373360243,2.1558022199798184,1.8595358224016143,3.3283551967709384,18.996972754793138,-7.013925327951564,18.880726538849647,14.39515640766902,375935850000.0,403113850000.0,27.773038563829783,18.29104510290469,70.38679086313425,81.60100933362274,8.0367670008765,8.0367670008765,19.61338247457792,77.83623286348715,75.47535105785434,87.50029303234209,0.009001535767339,0.0122547503782892,0.757295251940056,0.2931746517806156,5.247731222243677,0.6334041839131894,17.341666666666665,1.5745872641509433,0.006088804778794,0.6764184397163121,0.0,0.0,0.5333322298454841,0.1374274480434375,0.0357125480465138,1.0396600566572238,0.0067630029679365,24.088455547904168,0.0349138025139671,0.0600138329756858,-23.361553985872856,-13108000000.0,-17377000000.0,-51116000000.0,73243000000.0,5471000000.0,14194000000.0,7278000000.0,23.95708655670705,123.79346084990108,59.98021294638651,3.75671723633705,0.7270173996437869,1.5004948395306097,0.0723432456121598,0.2962663975782038,2023-07-28,1.32,bmo,18037300000.0,2025-04-25,2023-06-30,0.0378787878787879,148.1084126984127,6645171.126984127
2023-03-31,PG,USD,80424,2023-04-21,2023-04-21 16:10:59,2023,Q3,20068000000.0,10404000000.0,9664000000.0,0.4815626869,0,0.0,0.0,5416000000.0,0.0,5416000000.0,15820000000.0,83000000.0,222000000.0,692000000.0,5241000000.0,0.261162049,4248000000.0,0.211680287,40000000.0,4288000000.0,0.2136735101,864000000.0,3397000000.0,0.1692744668,1.41,1.37,2359100000,2473200000,https://www.sec.gov/Archives/edgar/data/80424/000008042423000046/0000080424-23-000046-index.htm,https://www.sec.gov/Archives/edgar/data/80424/000008042423000046/pg-20230331.htm,8.506633885803907,1.439955915391463,1.637488872875249,1.3280488321817645,3.219871985079056,19.253528888135307,-8.108600737569413,19.13441566699165,15.604679750752403,350774579000.0,379769579000.0,25.815026420370916,17.47929933227028,90.80367046337044,111.96124449409513,7.770814776251661,7.770814776251661,18.924136884592382,72.46128200725053,98.30949495210976,121.21595244174912,0.009684282166867,0.0089316620632306,0.8106114311032344,0.3053040859066674,5.532341156267888,0.586510649487247,19.135135135135137,1.1371798645863995,0.0063402542063916,0.6546953193994701,0.0,0.0,0.5385854102176869,0.1889723013202174,0.0363763205102651,1.0549132947976878,0.0077735698624676,24.898515781326875,0.0355048221806248,0.0614274606245818,-25.00498071298377,-15725000000.0,-19129000000.0,-52125000000.0,70389000000.0,5619000000.0,13971500000.0,7512000000.0,24.536077337054017,119.29065743944636,64.7318339100346,3.6680679948821058,0.754459753444525,1.3903514633168514,0.0752547629596809,0.3094400406934848,2023-04-21,1.32,bmo,19978900000.0,2025-04-25,2023-03-31,0.0378787878787879,152.7452380952381,5535240.142857143
2022-12-31,PG,USD,80424,2023-01-19,2023-01-19 16:14:25,2023,Q2,20773000000.0,10897000000.0,9876000000.0,0.4754248303,0,0.0,0.0,5091000000.0,0.0,5091000000.0,15988000000.0,66000000.0,171000000.0,653000000.0,5659000000.0,0.272420931,4785000000.0,0.2303470852,50000000.0,4835000000.0,0.2327540557,876000000.0,3933000000.0,0.1893323064,1.63,1.59,2365900000,2481200000,https://www.sec.gov/Archives/edgar/data/80424/000008042423000014/0000080424-23-000014-index.htm,https://www.sec.gov/Archives/edgar/data/80424/000008042423000014/pg-20221231.htm,8.780168223509024,1.6623694999788663,1.5106302041506403,1.2113783338264508,2.8969948011327613,18.90401115854432,-7.954689547318146,18.78988968257323,14.815926285979966,358575804000.0,386603804000.0,22.79276659038901,17.261628267462573,100.32898824846112,125.11367899511514,8.066039905522437,8.066039905522437,18.61087969961007,68.31662908641103,108.17118186905428,134.89316259595256,0.0109683920558119,0.0079927311548327,0.7846586435721516,0.2963258718090303,4.952818519172999,0.5643421256387756,27.98245614035088,0.9087210780574624,0.0062218364293202,0.5672514619883041,0.0,0.0,0.5398207535148452,0.1980973698936765,0.0340827035093631,1.0842266462480858,0.0069802147017763,26.510453393260548,0.0420081586078044,0.0726047627838286,-24.531996280485227,-16880000000.0,-18820000000.0,-51124000000.0,67832000000.0,5743500000.0,14499000000.0,7565500000.0,24.985798873537767,116.89180508396808,62.28227952647518,3.602046124501474,0.7699427683176712,1.4450338151438802,0.0884714880215948,0.2992518703241895,2023-01-19,1.59,bmo,20746292277.0,2025-04-25,2022-12-31,0.0,150.72274193548387,6116616.29032258
2022-09-30,PG,USD,80424,2022-10-19,2022-10-19 16:16:47,2023,Q1,20612000000.0,10846000000.0,9766000000.0,0.4738016689,0,0.0,0.0,4827000000.0,0.0,4827000000.0,15673000000.0,42000000.0,123000000.0,663000000.0,5783000000.0,0.2805647196,4939000000.0,0.2396176984,58000000.0,4997000000.0,0.2424315932,1034000000.0,3939000000.0,0.1911022705,1.62,1.57,2385500000,2503600000,https://www.sec.gov/Archives/edgar/data/80424/000008042422000102/0000080424-22-000102-index.htm,https://www.sec.gov/Archives/edgar/data/80424/000008042422000102/pg-20220930.htm,8.64053657514148,1.651226158038147,1.7061412701739678,1.3330538671138126,2.812827499476001,18.584783064347096,-7.500314399496961,18.476210438063298,13.886396981764827,301169375000.0,327462375000.0,19.11458333333333,14.611361100329905,73.99738943488943,94.7073506289308,6.833111174134998,6.833111174134998,15.886977246264312,56.625,80.45758599508599,102.97558962264152,0.0130790190735694,0.0105588425117925,0.7487918321043675,0.2838186477700762,4.546602109631679,0.6150253973455677,40.15447154471545,1.0269997476659096,0.0074874810893371,0.5724803249555724,0.0,0.0,0.535130114721109,0.2186732186732186,0.0431787308364059,1.3423831070889891,0.0050941199301377,26.199981764818467,0.0428645079497989,0.072868876720438,-23.958499266401173,-14097000000.0,-17892000000.0,-49427000000.0,68722000000.0,5431500000.0,14863500000.0,7257000000.0,24.97574228604697,123.1836621796054,62.9817444219067,3.603496503496504,0.7306163691478612,1.4289855072463769,0.0893703913783323,0.3730874030601551,2022-10-19,1.54,bmo,20365891247.0,2025-04-25,2022-09-30,0.0194805194805194,142.94887096774193,6886345.983870967
2022-06-30,PG,USD,80424,2022-08-05,2022-08-05 16:21:50,2022,Q4,19515000000.0,10802000000.0,8713000000.0,0.4464770689,0,0.0,0.0,5115000000.0,0.0,5115000000.0,15917000000.0,21000000.0,115000000.0,722000000.0,4487000000.0,0.2299256982,3598000000.0,0.1843709967,52000000.0,3650000000.0,0.1870356136,592000000.0,3052000000.0,0.1563925186,1.24,1.21,2523300000,2523300000,https://www.sec.gov/Archives/edgar/data/80424/000008042422000064/0000080424-22-000064-index.htm,https://www.sec.gov/Archives/edgar/data/80424/000008042422000064/pg-20220630.htm,7.733919866841042,1.2095272064360163,1.4714857527840526,1.1972417072880752,2.8589545436531525,18.568541196052788,-6.548963658700908,18.46351999365909,12.843498593112194,362825307000.0,387904307000.0,29.720290547182177,18.592124365872404,97.71756180985726,120.10106156901688,7.787789113310008,7.787789113310008,19.87723838073277,86.45070358814353,104.47193832480474,128.40261734524992,0.0084117616415329,0.0083263210744006,0.6931464508789629,0.2755187359224626,5.589257856028527,0.6545449049303226,31.28695652173913,1.2141922825376064,0.0062344052533248,0.7411533420707732,0.0,0.0,0.5407395399631425,0.1863722057635335,0.0354599026389956,0.9584487534626038,0.0066615424032795,22.41590773480712,0.0324212866902862,0.0566980623827305,-22.12212182459477,-11428000000.0,-16525000000.0,-48701000000.0,73146000000.0,5328000000.0,14528500000.0,7012500000.0,23.71867794004612,123.99370486946862,57.68931679318645,3.794477931168579,0.7258433006316355,1.5600808781051416,0.0655090257356886,0.2742440454959775,2022-07-29,1.22,bmo,19404477493.0,2025-04-25,2022-06-30,-0.0081967213114754,140.18507936507936,6522656.523809524
2022-03-31,PG,USD,80424,2022-04-20,2022-04-20 16:16:34,2022,Q3,19381000000.0,10326000000.0,9055000000.0,0.4672101543,0,0.0,0.0,5031000000.0,0.0,5031000000.0,15357000000.0,9000000.0,109000000.0,690000000.0,4870000000.0,0.2512770239,4024000000.0,0.2076260255,47000000.0,4071000000.0,0.210051081,704000000.0,3355000000.0,0.1731076828,1.37,1.33,2400500000,2530200000,https://www.sec.gov/Archives/edgar/data/80424/000008042422000035/0000080424-22-000035-index.htm,https://www.sec.gov/Archives/edgar/data/80424/000008042422000035/pg-20220331.htm,8.073734638616955,1.3976254946886066,1.3522182878566966,1.0410331181003958,3.5517600499895856,19.056863153509685,-7.86377837950427,18.945219745886277,14.071235159341803,366796400000.0,391939400000.0,27.33207153502235,18.92556627624993,112.99950708564388,146.7772709083633,8.065359074717447,8.065359074717447,20.22286775708168,80.48036960985627,120.74534812076402,156.83849539815927,0.009146763708695,0.0068130439666256,0.7403359866308985,0.2800685427185839,5.1628336755646815,0.6806778872707189,36.91743119266055,0.964062964062964,0.005875193976822,0.6423248882265276,0.0,0.0,0.5375529251270619,0.2301293900184843,0.0385429028429905,1.082608695652174,0.0067076002270264,24.40824138861493,0.0347701344861342,0.0603482390185991,-24.269839616746516,-10985000000.0,-18877000000.0,-51055000000.0,74961000000.0,5377000000.0,14164500000.0,6887000000.0,25.6008461895671,123.54735618826264,61.89134224288205,3.515508797387992,0.7284656084656085,1.454161385720321,0.0737719336822199,0.3111851697563008,2022-04-20,1.29,bmo,18706106136.0,2025-04-25,2022-03-31,0.0310077519379845,142.0546875,6510252.71875
2021-12-31,PG,USD,80424,2022-01-19,2022-01-19 16:17:41,2022,Q2,20953000000.0,10664000000.0,10289000000.0,0.4910514008,0,0.0,0.0,5121000000.0,0.0,5121000000.0,15785000000.0,10000000.0,106000000.0,684000000.0,6029000000.0,0.2877392259,5168000000.0,0.2466472581,71000000.0,5239000000.0,0.2500357944,997000000.0,4223000000.0,0.2015463179,1.72,1.66,2413400000,2544200000,https://www.sec.gov/Archives/edgar/data/80424/000008042422000016/0000080424-22-000016-index.htm,https://www.sec.gov/Archives/edgar/data/80424/000008042422000016/pg-20211231.htm,8.681942487776581,1.7498135410624016,2.121902709869893,1.8625176100107728,4.783293279191183,18.60155796801193,-7.856136570812961,18.48761083947957,14.816855887958896,394783972000.0,418892972000.0,23.37106156760597,18.84140562210662,77.09118765866043,87.8273575083426,8.848087587968982,8.848087587968982,19.99202844461413,69.47967689500746,81.79905721538762,93.1908725250278,0.0106969894917618,0.0113859738966302,0.7990721233582859,0.293643341898926,3.9988389450986896,0.6717595392747259,48.75471698113208,1.21264503907175,0.0054992100844458,0.5140895098271371,0.0,0.0,0.5259026816893985,0.1222417496582698,0.0298763900157495,0.9152046783625732,0.007254331122035,26.979105160258765,0.04326418060386,0.0733630978232545,-23.913047982099943,-12482000000.0,-18960000000.0,-50978000000.0,72728000000.0,5451500000.0,14188500000.0,6490000000.0,22.51181215100463,119.4542385596399,56.3175168792198,3.997901163900019,0.7534265931892045,1.5980818222688449,0.0946478999506925,0.2593850998591199,2022-01-19,1.65,bmo,18769100000.0,2025-04-25,2021-12-31,0.006060606060606,150.2982258064516,7901057.338709678
2021-09-30,PG,USD,80424,2021-10-19,2021-10-19 16:27:06,2022,Q1,20338000000.0,10365000000.0,9973000000.0,0.4903628675,0,0.0,0.0,4950000000.0,0.0,4950000000.0,15315000000.0,11000000.0,109000000.0,711000000.0,5855000000.0,0.2878847478,5023000000.0,0.2469761038,12000000.0,5035000000.0,0.2475661324,909000000.0,4112000000.0,0.2021831055,1.66,1.61,2428100000,2558900000,https://www.sec.gov/Archives/edgar/data/80424/000008042421000129/0000080424-21-000129-index.htm,https://www.sec.gov/Archives/edgar/data/80424/000008042421000129/pg-20210930.htm,8.376096536386475,1.6935052098348502,1.9121947201515588,1.4628722046044231,4.270829043284873,19.11288661916725,-7.243935587496396,18.990568757464683,13.449198962151476,339448380000.0,361625380000.0,20.63766901750973,16.6903520503491,73.10970923971571,95.5654222972973,7.361548871202101,7.361548871202101,17.780773920739502,61.76351494449189,77.88614688778807,101.80894707207209,0.0121137711719231,0.0104640357983149,0.7058402550367592,0.2719751982551872,3.787702818104184,0.6651179316187925,46.08256880733945,1.1253029568589432,0.0064280760450233,0.5306420233463035,0.0,0.0,0.5347834443339545,0.2349773853112212,0.0536434260989281,1.5344585091420535,0.0057036090077687,26.90007640121308,0.043296620717114,0.0738611869521483,-22.85367159507434,-12253000000.0,-17589000000.0,-48925000000.0,73136000000.0,5193500000.0,13971500000.0,6145000000.0,25.055561018782573,123.49927641099856,54.764109985528215,3.5920169551395267,0.7287492090276313,1.6434120818138576,0.089176118496671,0.4493225155471356,2021-10-19,1.59,bmo,19743300000.0,2025-04-25,2021-09-30,0.0125786163522012,156.44774193548386,8407577.048387097
2021-06-30,PG,USD,80424,2021-08-06,2021-08-06 16:19:59,2021,Q4,18946000000.0,9791000000.0,9155000000.0,0.4832154544,0,0.0,0.0,5615000000.0,0.0,5615000000.0,15406000000.0,15000000.0,117000000.0,710000000.0,4391000000.0,0.2317639607,3540000000.0,0.1868468278,24000000.0,3564000000.0,0.188113586,656000000.0,2906000000.0,0.1533832999,1.16,1.13,2505172414,2573100000,https://www.sec.gov/Archives/edgar/data/80424/000008042421000100/0000080424-21-000100-index.htm,https://www.sec.gov/Archives/edgar/data/80424/000008042421000100/pg-20210630.htm,7.562752924358204,1.159999999904198,1.644996558707915,1.359986235262768,4.106703371993941,18.62306950981778,-7.150006881721954,18.51289745201545,13.154783206071182,338022913821.02,360572913821.02,29.07974138171198,17.84138677404307,82.0244877022616,99.21423945436456,7.288432313187719,7.288432313187719,19.03161162361554,82.11635477590983,87.49646052439215,105.83296560640449,0.0085970503216793,0.0100791983640611,0.7080512311872008,0.2752395081596218,5.135504440901845,0.6969395146685984,30.256410256410252,1.4171251719394773,0.0064995593794664,0.7560220233998624,0.0,0.0,0.5411752872840655,0.173258917738413,0.0376860551039797,1.0056338028169014,0.0074949857489707,21.98150639646196,0.0303140907445977,0.0530863520944082,-22.28579146409202,-10041000000.0,-17912000000.0,-49562000000.0,76211000000.0,4793000000.0,12927000000.0,5992500000.0,22.445371054576164,126.11582065161883,54.99642528853028,4.00973544973545,0.7136297376093295,1.6364699983285975,0.0626590193626288,0.2850103234451471,2021-07-30,1.08,bmo,18946000000.0,2025-04-25,2021-06-30,0.0462962962962961,148.46984375,7269834.59375
2021-03-31,PG,USD,80424,2021-04-20,2021-04-20 16:25:09,2021,Q3,18109000000.0,8922000000.0,9187000000.0,0.5073168038,0,0.0,0.0,5402000000.0,0.0,5402000000.0,14324000000.0,11000000.0,106000000.0,683000000.0,4666000000.0,0.2576619361,3785000000.0,0.2090120934,92000000.0,3877000000.0,0.2140924402,628000000.0,3269000000.0,0.1805179745,1.3,1.26,2459100000,2590300000,https://www.sec.gov/Archives/edgar/data/80424/000008042421000062/0000080424-21-000062-index.htm,https://www.sec.gov/Archives/edgar/data/80424/000008042421000062/pg-20210331.htm,7.364076288072872,1.3293481354967265,1.661990159001261,1.3952258956528811,4.069374974584197,19.079744622016182,-7.055833434996544,18.948395754544347,12.171932820950754,333035913000.0,352854913000.0,25.46925,18.39062968689602,81.48664374847077,97.06671903235208,7.147306914756632,7.147306914756632,19.485057871776466,75.62257029575653,86.33592194763885,102.8431690469251,0.0098157582182435,0.0103021922443541,0.6400978624774659,0.2554076966551919,4.247535362194599,0.7061469265367316,35.70754716981132,1.2502294279596209,0.0060383878179528,0.6151728357295809,0.0,0.0,0.5503605131103462,0.1605089307560558,0.0362250814512121,0.9604685212298684,0.007951847147827,23.80657110456158,0.0339113940664253,0.0622571798583073,-21.63606604042129,-9408000000.0,-17351000000.0,-47251000000.0,75965000000.0,4840000000.0,12080500000.0,5979500000.0,24.158705615992048,122.40080699394755,60.54472091459314,3.725365151203456,0.7352892698203396,1.4865044985004998,0.0701562365868314,0.2667642633483795,2021-04-20,1.19,bmo,17043764705.0,2025-04-25,2021-03-31,0.0588235294117647,141.74296875,6646590.28125
2020-12-31,PG,USD,80424,2021-01-20,2021-01-20 16:17:09,2021,Q2,19745000000.0,9253000000.0,10492000000.0,0.5313750317,0,0.0,0.0,5112000000.0,0.0,5112000000.0,14365000000.0,9000000.0,143000000.0,671000000.0,5691000000.0,0.2882248671,5380000000.0,0.2724740441,-503000000.0,4877000000.0,0.2469992403,990000000.0,3854000000.0,0.1951886554,1.53,1.47,2518954248,2615400000,https://www.sec.gov/Archives/edgar/data/80424/000008042421000026/0000080424-21-000026-index.htm,https://www.sec.gov/Archives/edgar/data/80424/000008042421000026/pg-20201231.htm,7.838570317693201,1.5300000002223144,2.1532745202921206,1.928181110814681,4.740459263792075,19.269901403941656,-6.631720291570774,19.12738194361996,12.403162949389149,350487294066.72,369646294066.72,22.73529411434354,17.750685949188146,64.61786395035398,72.16127116877084,7.274388121183038,7.274388121183038,18.721007549593317,64.95278405670707,68.15012796215339,76.10588718688902,0.0109961190184153,0.0138578490068613,0.6454826591394949,0.2589250033302251,3.3665436654366543,0.7766822076612904,37.62237762237762,1.3954206328788268,0.0057776702159551,0.5254281266216917,0.0,0.0,0.5432013454109498,0.1045353982300884,0.0287161306659913,0.8450074515648286,0.0083565459610027,25.660477850281623,0.0442260680039236,0.0702425866185503,-21.055662301969686,-7089000000.0,-16705000000.0,-46917000000.0,79572000000.0,4931000000.0,11981000000.0,5832000000.0,21.965560901494047,116.98151950718686,57.94120825678159,4.097323096078025,0.7693522906793049,1.553298640255162,0.0799900375666756,0.2250934094774396,2021-01-20,1.51,bmo,18045099337.0,2025-04-25,2020-12-31,0.086092715231788,135.30777777777777,8747977.07936508
2020-09-30,PG,USD,80424,2020-10-20,2020-10-20 16:18:06,2021,Q1,19318000000.0,9142000000.0,10176000000.0,0.5267626048,0,0.0,0.0,4895000000.0,0.0,4895000000.0,14037000000.0,10000000.0,136000000.0,671000000.0,6104000000.0,0.3159747386,5281000000.0,0.2733719847,16000000.0,5297000000.0,0.2742002278,989000000.0,4277000000.0,0.2213997308,1.69,1.63,2486100000,2625300000,https://www.sec.gov/Archives/edgar/data/80424/000008042420000097/0000080424-20-000097-index.htm,https://www.sec.gov/Archives/edgar/data/80424/000008042420000097/pg-20200930.htm,7.77040344314388,1.7203652306825952,1.90619846345682,1.564297494067013,5.386750331845058,19.539037045975626,-6.358151321346687,19.380555890752586,12.78749849161337,345543039000.0,363806039000.0,20.197746025251348,17.887102132725953,72.91475817683056,88.85138570326562,7.171620916524844,7.171620916524844,18.83248985402216,59.60125147444299,76.76852479426039,93.54745152995628,0.0123776187544614,0.0112547485003742,0.6569880868374082,0.2640138783476092,2.99197247706422,0.8673020527859238,38.83088235294117,1.1000464252553388,0.0058748108654563,0.4746317512274959,0.0,0.0,0.5369769556043003,0.1793627347541675,0.0440004141215446,1.2667660208643816,0.0046071021844911,27.389537717519232,0.0440069197251064,0.0770408530873982,-20.632818470697075,-3982000000.0,-15807000000.0,-45297000000.0,81277000000.0,4610500000.0,12003000000.0,5602500000.0,23.49466818511233,117.49617151607964,56.18354845766791,3.830656355344041,0.7659824046920821,1.6018924128263536,0.0887675895562658,0.3419009693898073,2020-10-20,1.42,bmo,16829177914.0,2025-04-25,2020-09-30,0.1478873239436619,130.47229508196722,8398938.409836065
2020-06-30,PG,USD,80424,2020-08-06,2020-08-06 16:17:03,2020,Q4,17698000000.0,8942000000.0,8756000000.0,0.4947451689,0,-2025000000.0,7300000000.0,5275000000.0,0.0,5275000000.0,14217000000.0,22000000.0,157000000.0,814000000.0,4432000000.0,0.2504237767,3481000000.0,0.1966888914,-20000000.0,3461000000.0,0.1955588202,675000000.0,2800000000.0,0.1582099672,1.1,1.07,2545454545,2612100000,https://www.sec.gov/Archives/edgar/data/80424/000008042420000053/0000080424-20-000053-index.htm,https://www.sec.gov/Archives/edgar/data/80424/000008042420000053/pg-20200630.htm,6.952785715527283,1.1000000001964283,1.8880714289085845,1.6295714288624237,6.356821429706575,18.41635714614577,-6.6058928583224805,18.276107146120733,14.05171428822352,304359999945.65,323789999945.65,27.17499999514732,17.197423434605604,63.329171857188925,73.37512052691658,6.542421700858752,6.542421700858752,18.295287600048027,73.05731045705099,67.37203494499583,78.0593056763862,0.0091996320163622,0.013628597715668,0.7654822553255519,0.2950372825186412,4.384025270758123,0.8487081513828238,22.171974522292995,1.7164285714285714,0.0066631620461366,0.7242857142857143,-0.1144197084416318,0.0,0.5276967688483845,0.1369121930919683,0.0371793422985648,0.8083538083538083,0.0131653294157531,21.268137011672227,0.0282623544393011,0.0491167751328784,-20.333696432202444,-4989000000.0,-16815000000.0,-45835000000.0,79396000000.0,4409000000.0,11267500000.0,5414000000.0,21.246468527517237,121.4929545962872,55.33661373294565,4.235998085208234,0.7407836964625963,1.626409603492179,0.060187872143763,0.2585000000461607,2020-07-30,1.01,bmo,15409465517.0,2025-04-25,2020-06-30,0.1485148514851484,139.7615625,6324076.0
2020-03-31,PG,USD,80424,2020-04-20,2020-04-20 16:17:10,2020,Q3,17214000000.0,8716000000.0,8498000000.0,0.4936679447,0,0.0,0.0,5045000000.0,0.0,5045000000.0,13761000000.0,39000000.0,100000000.0,799000000.0,4397000000.0,0.2554316254,3453000000.0,0.200592541,45000000.0,3498000000.0,0.2032066922,541000000.0,2917000000.0,0.1694550947,1.15,1.12,2536521739,2613300000,https://www.sec.gov/Archives/edgar/data/80424/000008042420000038/0000080424-20-000038-index.htm,https://www.sec.gov/Archives/edgar/data/80424/000008042420000038/pg-20200331.htm,6.7864586907843565,1.1500000000591362,1.6021940350498214,1.3140041138831335,6.068546452146137,18.111810079779488,-6.903153925620662,17.953719575828952,14.236424409371088,279017391290.0,299635391290.0,23.913043477031195,16.208748186940863,68.65585415600394,83.71358874587459,6.126864103864735,6.126864103864735,17.4064942076217,68.14541534910165,73.72918092765748,89.89960734773477,0.010454545455083,0.0119454919443921,0.7907553798858147,0.3037365047233468,4.689106208778712,0.8250243190661478,34.53,1.3743659113966855,0.0068311154053439,0.6534110387384299,0.0,0.0,0.5351804993252361,0.1798720472440945,0.0424654351109562,0.9148936170212766,0.0071453468107354,21.553479859374512,0.0296747795582996,0.052931463100401,-20.138207063085613,-5756000000.0,-17510000000.0,-45479000000.0,78154000000.0,4918000000.0,10622500000.0,5425500000.0,24.259323806204257,108.04956402019276,55.03671408903166,3.709913793103449,0.8329510703363915,1.6352720450281426,0.0640535792709705,0.2881899211666878,2020-04-17,1.13,bmo,16625487179.0,2025-04-25,2020-03-31,0.0353982300884956,132.76375,6150597.84375
2019-12-31,PG,USD,80424,2020-01-23,2020-01-23 16:16:32,2020,Q2,18240000000.0,8869000000.0,9371000000.0,0.5137609649,0,0.0,0.0,4889000000.0,0.0,4889000000.0,13758000000.0,36000000.0,100000000.0,677000000.0,5309000000.0,0.2910635965,4482000000.0,0.2457236842,50000000.0,4532000000.0,0.2484649123,789000000.0,3717000000.0,0.2037828947,1.47,1.41,2487000000,2630100000,https://www.sec.gov/Archives/edgar/data/80424/000008042420000017/0000080424-20-000017-index.htm,https://www.sec.gov/Archives/edgar/data/80424/000008042420000017/pg-20191231.htm,7.334137515078408,1.494571773220748,1.754724567752312,1.51145958986731,2.5247285886610373,18.45918777643747,-7.265782066747085,18.31041415359871,11.354242058705267,310626300000.0,332485300000.0,20.89227199354318,17.029950657894737,71.17926214482127,82.63535514764565,6.82125477623084,6.82125477623084,18.22836074561404,62.62672819740064,76.18819890009166,88.45046554934824,0.0119661471034487,0.0121013578051826,0.6179015327858053,0.2518550343259669,4.117347899792804,0.62713831056889,44.82,1.1659096981031258,0.0061907185579585,0.5173527037933817,0.0,0.0,0.5726484251228485,0.1386342804766269,0.0331688596491228,0.8936484490398818,0.0050438596491228,24.81411157736424,0.0408072224855331,0.0778510838831291,-21.26196220345798,-11247000000.0,-18070000000.0,-46898000000.0,73981000000.0,5169500000.0,10866000000.0,5493000000.0,25.63815789473684,109.4024128988612,56.02548201601082,3.510392609699769,0.8226509600222613,1.6064118819054518,0.0816241380824805,0.243264977885002,2020-01-23,1.37,bmo,17597746478.0,2025-04-25,2019-12-31,0.0364963503649633,116.61285714285714,9182459.698412698
2019-09-30,PG,USD,80424,2019-10-22,2019-10-22 16:18:13,2020,Q1,17798000000.0,8723000000.0,9075000000.0,0.5098887515,0,0.0,0.0,4785000000.0,0.0,4785000000.0,13508000000.0,58000000.0,108000000.0,723000000.0,5174000000.0,0.290706821,4290000000.0,0.2410383189,53000000.0,4343000000.0,0.2440161816,726000000.0,3593000000.0,0.2018766154,1.41,1.36,2504000000,2647500000,https://www.sec.gov/Archives/edgar/data/80424/000008042419000086/0000080424-19-000086-index.htm,https://www.sec.gov/Archives/edgar/data/80424/000008042419000086/fy1920q1jas10-qreport.htm,7.107827476038339,1.4349041533546325,1.6649361022364215,1.2340255591054312,3.7156549520766777,18.763578274760384,-6.638578274760383,18.60143769968051,11.82947284345048,311447520000.0,331656520000.0,21.670436960757023,17.499017867176086,74.70556968097866,100.79207766990292,6.686579930439264,6.686579930439264,18.634482526126533,64.10060301507538,79.55301511153753,107.3322071197411,0.0115364540388698,0.0099214146897043,0.6336253166731075,0.2587543179785723,3.905875531503672,0.7247215152216309,39.72222222222222,1.152612662427426,0.0062032922914268,0.5377122182020596,0.0,0.0,0.5576724122814708,0.2588150635644039,0.0606247893021687,1.4923928077455049,0.0061804697156983,24.50619931378339,0.0383531004041513,0.0712176170938138,-20.43939696485623,-8328000000.0,-16623000000.0,-45149000000.0,76180000000.0,5047000000.0,11105500000.0,5241000000.0,26.006854702775595,112.9875042989797,56.385417860827694,3.4606260937196187,0.7965482604328372,1.5961573650503202,0.0771394220447421,0.4309105431309904,2019-10-22,1.24,bmo,16109138686.0,2025-04-25,2019-09-30,0.1048387096774194,120.02193548387096,10443987.758064516
2019-06-30,PG,USD,80424,2019-08-06,2019-08-06 16:26:04,2019,Q4,17094000000.0,8938000000.0,8156000000.0,0.4771264771,0,-1748000000.0,6751000000.0,5003000000.0,8345000000.0,13683000000.0,22100000000.0,52000000.0,111000000.0,820000000.0,-4134000000.0,-0.2418392418,-5192000000.0,-0.3037323037,127000000.0,-5065000000.0,-0.2963027963,172000000.0,-5241000000.0,-0.3065988066,-2.12,-2.12,2502259668,2509600000,https://www.sec.gov/Archives/edgar/data/80424/000008042419000050/0000080424-19-000050-index.htm,https://www.sec.gov/Archives/edgar/data/80424/000008042419000050/fy181910-kreport.htm,6.831425298743216,-2.0945068439635657,1.6589005741829348,1.3335946075761151,4.111084125902156,19.014413495314347,-6.7574921245143935,18.860552565162475,12.07029006071963,276474670717.32,302327670717.32,-13.188068627996566,16.173784410747633,66.60435334071789,82.85126482388972,5.858258904041191,5.858258904041191,17.686186423149643,-73.13199581938075,72.83249113883883,90.59864270821696,-0.0189565285904929,0.0120698217718899,0.6376234267067847,0.2614535818237108,-6.253749395258829,0.7488254306754191,-46.77477477477478,-0.792629367958755,0.0070060667582111,-0.3695859568784583,-0.1022581022581022,0.0,0.5603023589208914,0.1960973259455553,0.0476190476190476,0.9926829268292684,0.0126360126360126,,-0.0566391231834663,-0.1035627482364099,-20.38447514153036,-7538000000.0,-16909000000.0,-45043000000.0,78221000000.0,5074500000.0,10733500000.0,5187500000.0,26.067041067041064,113.38106959051242,50.51801297829493,3.452635831145223,0.7937833037300177,1.7815427546342435,-0.1110522524049667,0.3253059666068198,2019-07-30,1.06,bmo,16316999999.0,2025-04-25,2019-06-30,0.0377358490566038,122.3525,6515533.5
2019-03-31,PG,USD,80424,2019-04-23,2019-04-23 16:17:21,2019,Q3,16462000000.0,8427000000.0,8035000000.0,0.4880937918,0,0.0,0.0,4806000000.0,0.0,4806000000.0,13233000000.0,52000000.0,131000000.0,711000000.0,4120000000.0,0.2502733568,3229000000.0,0.1961487061,49000000.0,3278000000.0,0.1991252582,502000000.0,2745000000.0,0.1667476613,1.07,1.04,2509100000,2637700000,https://www.sec.gov/Archives/edgar/data/80424/000008042419000031/0000080424-19-000031-index.htm,https://www.sec.gov/Archives/edgar/data/80424/000008042419000031/fy1819q3jfm10-qreport.htm,6.5609182575425455,1.0940177752979157,1.401697819935435,1.1019887609102863,3.9149495835160018,22.140209636921604,-6.79008409389821,21.9489059822247,12.116296680084492,260043124000.0,287575124000.0,23.683344626593804,15.796569311140807,73.93890361103213,94.04814611211572,4.721875435793144,4.721875435793144,17.469027092698337,69.79978737864077,81.76716633494455,104.00546980108498,0.010555941482998,0.010632851803457,0.5496441022661244,0.248781570274424,6.6825242718446605,0.7864645752555517,24.64885496183206,1.2669308357348703,0.0071449687706412,0.6768670309653916,0.0,0.0,0.5965908623934645,0.2138185953938015,0.0456809622160126,1.057665260196906,0.0071680233264487,23.243947579750152,0.026752734124805,0.0559245375275038,-19.81606950699454,-6058000000.0,-17037000000.0,-43809000000.0,87524000000.0,5126500000.0,10236500000.0,5319500000.0,28.41817519134977,109.01032395870418,57.22321110715558,3.1669873028087725,0.8256098755755854,1.5727883538633818,0.0498438407902382,0.2997090590251484,2019-04-23,1.03,bmo,15996094339.0,2025-04-25,2019-03-31,0.029126213592233,118.16234375,7386688.5
2018-12-31,PG,USD,80424,2019-01-23,2019-01-23 16:19:23,2019,Q2,17438000000.0,8919000000.0,8519000000.0,0.4885307948,0,0.0,0.0,4623000000.0,0.0,4623000000.0,13542000000.0,63000000.0,138000000.0,650000000.0,4704000000.0,0.2697557059,3896000000.0,0.223420117,20000000.0,3916000000.0,0.2245670375,700000000.0,3194000000.0,0.1831632068,1.25,1.22,2499700000,2623000000,https://www.sec.gov/Archives/edgar/data/80424/000008042419000014/0000080424-19-000014-index.htm,https://www.sec.gov/Archives/edgar/data/80424/000008042419000014/fy1819q2ond10-qreport.htm,6.976037124454934,1.277753330399648,1.60299235908309,1.3225587070448457,4.847381685802296,21.77981357762932,-7.375285034204104,21.59859183101972,13.507620914509742,229772424000.0,259703424000.0,17.984691922354415,13.176535382497994,57.34275617669079,69.50164065335753,4.255833006112243,4.255833006112243,14.892959284321597,55.209061224489794,64.81243424007987,78.55517967332123,0.0139007107310666,0.0143881495544478,0.6228375625115762,0.2718717407649955,6.362882653061225,0.7818670592376868,28.231884057971016,1.245957711442786,0.0080514448504925,0.5792110206637445,0.0,0.0,0.5892211792670208,0.1749438482655353,0.040199564170203,1.0784615384615384,0.0045303360477118,24.91882088885089,0.0306024224709839,0.0628641158872618,-20.280533664039684,-6816000000.0,-18436000000.0,-44813000000.0,86885000000.0,5045000000.0,10254500000.0,5231500000.0,26.08957449248767,103.59233097880929,53.28960645812311,3.449653808110781,0.8687901811805961,1.6888846809316418,0.0591591035376921,0.2804336520382446,2019-01-23,1.21,bmo,16879984000.0,2025-04-25,2018-12-31,0.0330578512396694,106.5868253968254,6968207.904761905
2018-09-30,PG,USD,80424,2018-10-19,2018-10-19 16:17:31,2019,Q1,16690000000.0,8484000000.0,8206000000.0,0.4916716597,0,0.0,0.0,4652000000.0,0.0,4652000000.0,13002000000.0,53000000.0,129000000.0,643000000.0,4712000000.0,0.2823247454,3554000000.0,0.2129418814,386000000.0,3940000000.0,0.2360695027,729000000.0,3199000000.0,0.1916716597,1.26,1.22,2495800000,2612100000,https://www.sec.gov/Archives/edgar/data/80424/000008042418000100/0000080424-18-000100-index.htm,https://www.sec.gov/Archives/edgar/data/80424/000008042418000100/fy1819q1jas10-qreport.htm,6.687234554050805,1.2817533456206427,1.4292010577770655,0.9964740764484332,4.508774741565831,21.03694206266528,-6.667200897507813,20.92956166359484,12.587547079092875,208823586000.0,237565586000.0,16.319442482025632,12.511898502097065,58.5431976450799,83.96605790108565,3.997694808178268,3.997694808178268,14.234007549430796,50.4171447368421,66.60094925707878,95.52295375954968,0.0153191507783033,0.0119095742374618,0.5989547438548127,0.2641590678824721,6.0997453310696095,0.7989733059548254,27.550387596899224,1.1108688881968234,0.0088735187221619,0.5792435135979994,0.0,0.0,0.5837892603850051,0.3027754415475189,0.0647094068304373,1.6796267496111976,0.0061114439784301,24.568212244797955,0.0290431954611976,0.0648937033430704,-19.358822822341537,-5874000000.0,-16640000000.0,-42590000000.0,83860000000.0,4860500000.0,10293500000.0,4960000000.0,27.15098861593769,108.65983026874116,54.97171145685997,3.3147964250248263,0.8282729669042272,1.637205712080278,0.0612412895321234,0.4327269813286321,2018-10-19,1.09,bmo,16242946428.0,2025-04-25,2018-09-30,0.0275229357798165,97.34262295081966,9539745.885245902
2018-06-30,PG,USD,80424,2018-08-07,2018-08-07 16:19:22,2018,Q4,16503000000.0,9029000000.0,7474000000.0,0.4528873538,0,-2306000000.0,7103000000.0,4797000000.0,0.0,4797000000.0,13826000000.0,63000000.0,136000000.0,750000000.0,3175000000.0,0.1923892626,2677000000.0,0.162212931,-388000000.0,2289000000.0,0.1387020542,399000000.0,1891000000.0,0.1145852269,0.73,0.72,2590410959,2620900000,https://www.sec.gov/Archives/edgar/data/80424/000008042418000055/0000080424-18-000055-index.htm,https://www.sec.gov/Archives/edgar/data/80424/000008042418000055/fy171810-kreport.htm,6.370803807273424,0.7299999999729773,1.6209783182900748,1.2708408249132952,4.574563722728599,20.414907455616586,-6.251517715263033,20.18714436731195,12.130121628318822,202207479459.54,230924479459.54,26.73287671331835,12.252770978582076,48.156103705534655,61.423900200346296,3.8668173457162527,3.8668173457162527,13.992878837759196,72.73211951481575,54.99511299346035,70.14716873011544,0.0093517806811808,0.0162803077749589,0.5982827529497255,0.2644408756656242,9.044724409448818,0.8258667705492793,19.683823529411764,2.220518244315177,0.0092034182166459,0.9841353781068218,-0.1397321699085014,0.0,0.5838644239709239,0.216003810431055,0.0549597042961885,1.2093333333333334,0.0088468763255165,18.20916928969646,0.021994576624712,0.0384091970832571,-18.411557376367632,-4917000000.0,-16194000000.0,-42107000000.0,84760000000.0,4917500000.0,10030000000.0,4972500000.0,25.55535357207781,103.1077638719681,47.227821464171,3.521766965428937,0.8728731631863882,1.905656395103419,0.0361616277513242,0.3501374933767797,2018-07-31,0.9,bmo,15800744680.0,2025-04-25,2018-06-30,0.0444444444444443,89.39555555555556,11307012.444444444
2018-03-31,PG,USD,80424,2018-04-19,2018-04-19 16:12:04,2018,Q3,16281000000.0,8384000000.0,7897000000.0,0.4850439162,0,0.0,0.0,4688000000.0,0.0,4688000000.0,12964000000.0,69000000.0,133000000.0,716000000.0,4102000000.0,0.2519501259,3209000000.0,0.1971009152,44000000.0,3253000000.0,0.1998034519,713000000.0,2511000000.0,0.1542288557,0.97,0.95,2588659794,2645600000,https://www.sec.gov/Archives/edgar/data/80424/000008042418000034/0000080424-18-000034-index.htm,https://www.sec.gov/Archives/edgar/data/80424/000008042418000034/fy1718q3jfm10-qreport.htm,6.289354838258828,0.969999999930466,1.2952648346343498,0.943731580975758,6.000788530035786,21.225655115961523,-5.932799680976542,20.98189964007298,13.68739147651783,205228948468.32,235201948468.32,20.432989692186386,12.605426476771695,61.20755993686848,84.00693756378224,3.778494862714167,3.778494862714167,14.446406760538052,57.33835896351049,70.14671889899195,96.27586920520672,0.0122351160435225,0.0119037787711372,0.6498941360581791,0.283824747324494,7.306923451974646,0.910422975481098,24.127819548872186,1.3200787401574805,0.0088340363946261,0.7220230983671844,0.0,0.0,0.5652855615145254,0.2713987473903966,0.055893372642958,1.270949720670391,0.0056507585529144,21.399298110259743,0.0235227564861413,0.0464440950707481,-18.31980784416664,-2751000000.0,-15358000000.0,-41463000000.0,88478000000.0,5165500000.0,9728000000.0,5169000000.0,28.463239358761747,104.2986641221374,55.89575381679389,3.161973198679356,0.8629065459036641,1.6101401958901478,0.0462303231151615,0.3515332536585918,2018-04-19,0.98,bmo,15955380000.0,2025-04-25,2018-03-31,0.0204081632653061,81.78428571428572,7177698.047619048
2017-12-31,PG,USD,80424,2018-01-23,2018-01-23 16:17:22,2018,Q2,17395000000.0,8709000000.0,8686000000.0,0.4993388905,0,0.0,0.0,4767000000.0,0.0,4767000000.0,13306000000.0,66000000.0,122000000.0,676000000.0,4831000000.0,0.2777234838,3919000000.0,0.2252946249,114000000.0,4033000000.0,0.2318482323,1472000000.0,2495000000.0,0.1434320207,0.96,0.93,2533900000,2669600000,https://www.sec.gov/Archives/edgar/data/80424/000008042418000013/0000080424-18-000013-index.htm,https://www.sec.gov/Archives/edgar/data/80424/000008042418000013/fy1718q2ond10-qreport.htm,6.864911796045622,0.9846481708038992,1.4538853151268796,1.150795216859387,7.402817790757331,21.59556415012431,-5.969848849599432,21.355223173763765,14.939421445203047,232814732000.0,263115732000.0,23.32812945891784,13.38400298936476,63.19618132464712,79.84044307270233,4.302460304553518,4.302460304553518,15.125940327680368,54.4640306354792,71.42120846905537,90.23173251028808,0.0107166757814965,0.0125249805927229,0.6973129804849202,0.2979454218123243,6.272200372593666,0.9428217597486936,32.122950819672134,1.4385005857087076,0.0077873078925263,0.7266533066132265,0.0,0.0,0.5515302738384763,0.2084690553745928,0.0441506179936763,1.136094674556213,0.004196608220753,21.75123174192669,0.0228136915404096,0.0439291499401366,-18.43521843798098,-1893000000.0,-15127000000.0,-40709000000.0,88375000000.0,5062000000.0,9599000000.0,5077000000.0,26.811152630066108,100.6544953496383,53.02445745780227,3.356812041682748,0.8941478439425051,1.69732995517443,0.0461080721466587,0.3030900982674928,2018-01-23,1.14,bmo,16664117647.0,2025-04-25,2017-12-31,0.043859649122807,75.25625,9249053.03125
2017-09-30,PG,USD,80424,2017-10-20,2017-10-20 16:05:29,2018,Q1,16653000000.0,8269000000.0,8384000000.0,0.5034528313,0,0.0,0.0,4736000000.0,0.0,4736000000.0,12836000000.0,49000000.0,115000000.0,692000000.0,4558000000.0,0.2737044376,3648000000.0,0.2190596289,103000000.0,3751000000.0,0.2252447007,881000000.0,2853000000.0,0.1713204828,1.09,1.06,2617431193,2690600000,https://www.sec.gov/Archives/edgar/data/80424/000008042417000078/0000080424-17-000078-index.htm,https://www.sec.gov/Archives/edgar/data/80424/000008042417000078/fy1718q1jas10-qreport.htm,6.362344899280032,1.08999999985864,1.3872379949129765,0.9547528915691348,6.1155380293505965,21.17152120300264,-5.362509638281063,20.94343497800593,13.11553101827804,238133889939.14,267323889939.14,20.866972479770418,14.299759198891492,65.58355547759295,95.2916726447139,4.344082052229925,4.344082052229925,16.05259652549931,58.64938348818342,73.62266316142662,106.97234491362146,0.0119806550874768,0.010494096412059,0.6241380568426429,0.2784999715102034,6.404124616059676,0.9144642624658248,31.721739130434784,1.2651567944250872,0.0076553572465721,0.6389765159481248,0.0,0.0,0.5653271035644806,0.3117598457725145,0.0679757401068876,1.6358381502890174,0.0050441361916771,22.66357744860645,0.0262940442777695,0.0534269662921348,-17.27304240925656,-2628000000.0,-14036000000.0,-39340000000.0,86931000000.0,4768000000.0,9545000000.0,4823500000.0,26.70870113493064,102.94110533317208,54.67045591970009,3.369688385269122,0.8742863184605625,1.6462273541708143,0.0520449487394651,0.4324851033438417,2017-10-20,1.08,bmo,16500220183.0,2025-04-25,2017-09-30,0.0092592592592592,83.37295081967213,10275271.983606558
2017-06-30,PG,USD,80424,2017-08-07,2017-08-07 16:05:16,2017,Q4,16079000000.0,8299000000.0,7780000000.0,0.4838609366,0,-2287000000.0,7118000000.0,4831000000.0,0.0,4831000000.0,13130000000.0,48000000.0,116000000.0,720000000.0,3763000000.0,0.2340319672,2949000000.0,0.1834069283,-22000000.0,2927000000.0,0.182038684,725000000.0,2215000000.0,0.1377573232,0.84,0.82,2636904762,2695600000,https://www.sec.gov/Archives/edgar/data/80424/000008042417000047/0000080424-17-000047-index.htm,https://www.sec.gov/Archives/edgar/data/80424/000008042417000047/fy161710-kreport.htm,6.097679458019045,0.8399999999696613,1.398609480762127,0.9609751692655178,5.740442437715921,21.15283069901028,-4.970979683793373,20.92756659066627,12.02470428850475,229806250008.3,255829250008.3,25.9375000009368,14.292322284240315,62.31188991548265,90.68912786436464,4.164363765009786,4.164363765009786,15.910768705037627,67.98545044068563,69.36801789812907,100.95866219743488,0.0096385542165193,0.0110266800833679,0.5724847781965787,0.2623789512150557,6.915492957746479,0.8769943727242635,25.42241379310345,1.6748410535876477,0.0079458239274782,0.8243792325056434,-0.1422352136326886,0.0,0.5721143464611398,0.3129067245119306,0.0717706325020212,1.602777777777778,0.0095777100565955,19.88796139752154,0.0213836215377396,0.0429930124223602,-16.585164784954035,-3716000000.0,-13108000000.0,-38134000000.0,85063000000.0,4476000000.0,8854000000.0,4689000000.0,25.714285714285715,104.4559585492228,50.14580069887938,3.5,0.8616071428571429,1.7947664359861593,0.0401384459263554,0.4376343114966091,2017-07-27,0.78,bmo,14754847058.0,2025-04-25,2017-06-30,0.0897435897435896,89.93444444444444,6882874.380952381
2017-03-31,PG,USD,80424,2017-04-26,2017-04-26 16:04:28,2017,Q3,15605000000.0,7836000000.0,7769000000.0,0.4978532522,0,0.0,0.0,4409000000.0,0.0,4409000000.0,12245000000.0,46000000.0,96000000.0,665000000.0,4103000000.0,0.2629285485,3360000000.0,0.215315604,-24000000.0,3336000000.0,0.2137776354,780000000.0,2522000000.0,0.161614867,0.96,0.93,2563300000,2705500000,https://www.sec.gov/Archives/edgar/data/80424/000008042417000026/0000080424-17-000026-index.htm,https://www.sec.gov/Archives/edgar/data/80424/000008042417000026/fy1617q3jfm10-qreport.htm,6.087855498771115,0.9838879569305192,1.1859712089884134,0.8734834003042953,5.589279444466118,21.28038075917762,-5.18355245191745,21.004174306557957,11.90262552178832,230312505000.0,254909505000.0,22.830343477398888,14.758891701377763,75.76069243421053,102.86400401965165,4.277721118127785,4.277721118127785,16.335117270105734,62.12759078722885,83.85181085526315,113.8497119249665,0.0109503389752979,0.0097215737373878,0.5648959881129272,0.2575471458451533,5.994881793809408,0.8900694587717488,35.0,1.189358372456964,0.00769823592514,0.7030134813639968,0.0,0.0,0.5744298888145583,0.2634868421052631,0.0513297020185837,1.2045112781954888,0.005959628324255,21.56338257958537,0.0250451258800333,0.0501830627188793,-16.997815316193968,-3197000000.0,-13287000000.0,-37658000000.0,83857000000.0,4543500000.0,8188000000.0,4770500000.0,25.134251842358218,92.75650842266462,54.601837672281775,3.580770995869665,0.9702823179791976,1.6482961716449305,0.0468424962852897,0.3124878086841181,2017-04-26,0.94,bmo,15279895833.0,2025-04-25,2017-03-31,0.0212765957446808,91.04460317460318,6226397.793650794
2016-12-31,PG,USD,80424,2017-01-20,2017-01-20 16:02:41,2017,Q2,16856000000.0,8298000000.0,8558000000.0,0.5077123873,0,0.0,0.0,4683000000.0,0.0,4683000000.0,12981000000.0,42000000.0,122000000.0,707000000.0,4085000000.0,0.2423469388,3875000000.0,0.229888467,-619000000.0,3256000000.0,0.1931656383,695000000.0,7875000000.0,0.467192691,3.01,2.88,2596600000,2737600000,https://www.sec.gov/Archives/edgar/data/80424/000008042417000011/0000080424-17-000011-index.htm,https://www.sec.gov/Archives/edgar/data/80424/000008042417000011/fy1617q2ond10-qreport.htm,6.491565893861203,3.032812138950936,1.1553570053146422,0.8684433489948394,5.181391049834399,20.697835631210044,-5.352769005622737,20.434414233998304,11.395286143418316,218322128000.0,241738128000.0,6.930861206349206,12.952190792596108,72.77404266666666,96.81690820399112,4.114627365246891,4.114627365246891,14.341369719981016,59.17702031823745,80.579376,107.20094368070951,0.0360705535079797,0.0103287743695865,0.555352431209951,0.2517836849435629,5.73219094247246,0.885119933543318,31.762295081967213,0.3799392097264438,0.0081805725162224,0.2267936507936508,0.0,0.0,0.5779822785026446,0.2483333333333333,0.0441979117228286,1.0537482319660538,0.0035595633602278,37.341788115695415,0.0301325090435709,0.1594452318283053,-16.904702303011632,-3319000000.0,-13899000000.0,-37717000000.0,83102000000.0,4721000000.0,8662000000.0,4893000000.0,25.249762695775985,90.02169197396964,51.91973969631236,3.564389934447029,0.9997590361445784,1.7334447461875917,0.1484168865435356,0.2869136563198028,2017-01-20,1.06,bmo,16543851851.0,2025-04-25,2016-12-31,0.0188679245283019,88.14809523809524,6640872.761904762
2016-09-30,PG,USD,80424,2016-10-25,2016-10-25 16:04:50,2017,Q1,16518000000.0,8102000000.0,8416000000.0,0.5095047827,0,0.0,0.0,4645000000.0,0.0,4645000000.0,12747000000.0,35000000.0,131000000.0,728000000.0,4573000000.0,0.2768494975,3771000000.0,0.2282964039,-33000000.0,3738000000.0,0.2262985834,863000000.0,2714000000.0,0.164305606,0.99,0.96,2674700000,2822900000,https://www.sec.gov/Archives/edgar/data/80424/000008042416000244/0000080424-16-000244-index.htm,https://www.sec.gov/Archives/edgar/data/80424/000008042416000244/fy1617q1jas10-qreport.htm,6.175645866826186,1.014693236624668,1.1309679590234418,0.8752383444872323,5.260776909559951,22.04022881070774,-3.7148091374733614,21.78262982764422,11.685796537929487,240054325000.0,263723325000.0,22.112594417833456,14.532892904710014,79.35680165289257,102.54349636907304,4.120255483848821,4.120255483848821,15.965814565928078,57.669653400393614,87.18126446280992,112.65413284920974,0.0113057742242302,0.0097519592700527,0.5342247090728091,0.2411986702107049,5.175814563743713,1.0854911885435634,28.786259541984737,1.097207109176641,0.0077107546385594,0.6820191599115696,0.0,0.0,0.5338298086684283,0.2261157024793388,0.041409371594624,0.9395604395604396,0.002663760745853,22.30045876535302,0.0266439569334419,0.0451160316510406,-18.68873144651737,2770000000.0,-9936000000.0,-34921000000.0,90967000000.0,4543000000.0,9174500000.0,4857500000.0,25.679258990192515,100.24191557640088,55.53073315230807,3.504774029280713,0.8978280141843972,1.6207241448289658,0.0465826782465414,0.2557296145362097,2016-10-25,0.98,bmo,15716155339.0,2025-04-25,2016-09-30,0.0510204081632653,88.6708064516129,9492815.870967742
2016-06-30,PG,USD,80424,2016-08-09,2016-08-09 16:03:15,2016,Q4,16102000000.0,8382000000.0,7720000000.0,0.4794435474,0,0.0,0.0,5218000000.0,0.0,5218000000.0,13600000000.0,47000000.0,150000000.0,839000000.0,3354000000.0,0.2082971059,2502000000.0,0.1553844243,184000000.0,2686000000.0,0.1668115762,678000000.0,1951000000.0,0.1211650727,0.71,0.69,2747887324,2811000000,https://www.sec.gov/Archives/edgar/data/80424/000008042416000212/0000080424-16-000212-index.htm,https://www.sec.gov/Archives/edgar/data/80424/000008042416000212/fy151610-kreport.htm,5.8597744745082565,0.7099999999854434,1.5062480778778833,1.0364325986461007,4.857549974272526,21.10093798009019,-3.96450025619755,20.867303946266176,11.189687339596317,232663619723.08,256159619723.08,29.813380282301384,14.449361552793444,56.21251986544576,81.69368670051966,4.057543811985839,4.057543811985839,15.908559167996524,76.3743648548241,61.88925337595555,89.94368670051966,0.0083854966338188,0.01224084798212,0.5336146910587538,0.2406714069972313,7.005366726296959,1.0978875528111798,16.68,2.1138917262512766,0.0079384993760448,0.946694003075346,0.0,0.0,0.5417584319154292,0.3119110896351775,0.0801763756055148,1.5387365911799762,0.0078251148925599,18.2580168839545,0.0173133269012782,0.0334883880602138,-18.256661967847123,3012000000.0,-10894000000.0,-35371000000.0,91274000000.0,4482000000.0,8560000000.0,4836500000.0,24.442305303688983,100.12526843235506,50.63707945597709,3.682140407043219,0.8988739946380697,1.77735368956743,0.0340245199769798,0.4698154792317823,2016-08-02,0.74,bmo,15082886075.0,2025-04-25,2016-06-30,0.0675675675675676,85.23222222222222,12004318.84126984
2016-03-31,PG,USD,80424,2016-04-26,2016-04-26 16:02:35,2016,Q3,15755000000.0,7915000000.0,7840000000.0,0.4976198032,0,0.0,0.0,4522000000.0,0.0,4522000000.0,12437000000.0,33000000.0,146000000.0,785000000.0,4157000000.0,0.2638527452,3318000000.0,0.2105998096,-92000000.0,3226000000.0,0.2047603935,889000000.0,2750000000.0,0.1745477626,1.0,0.97,2757481869,2835000000,https://www.sec.gov/Archives/edgar/data/80424/000008042416000183/0000080424-16-000183-index.htm,https://www.sec.gov/Archives/edgar/data/80424/000008042416000183/fy1516q3jfm10-qreport.htm,5.713546180346617,0.997286702377226,1.1887657492336534,0.8986459812693695,5.01145634187305,21.70567308995786,-3.4288530076278807,21.464148383127597,11.953297089838454,226968332637.39,251888332637.39,20.633484785217277,14.406114416844812,69.23988182958817,91.59335457521792,3.834766631817629,3.834766631817629,15.987834505705491,60.59377739653356,76.84207829084504,101.64985175035916,0.0121162277047409,0.0109178226372174,0.5544291820839036,0.2573564011669856,5.994707721914843,1.094396785406767,22.726027397260275,1.192,0.0081773522254542,0.6749090909090909,0.0,0.0,0.5435580512595288,0.2440512507626601,0.0507775309425579,1.019108280254777,0.004823865439543,21.946137920093317,0.0218847625570464,0.0472508591065292,-17.376088865228365,2960000000.0,-9455000000.0,-33338000000.0,91454000000.0,4656000000.0,7756000000.0,5041000000.0,26.225960012694383,88.63550221099179,56.36512950094757,3.431714223480723,1.015394483643361,1.5967318942909017,0.0464629057056448,0.2901197679642839,2016-04-26,0.82,bmo,15022209302.0,2025-04-25,2016-03-31,0.048780487804878,86.850625,18399534.390625
2015-12-31,PG,USD,80424,2016-01-26,2016-01-26 17:19:00,2016,Q2,16915000000.0,8460000000.0,8455000000.0,0.4998522022,0,0.0,0.0,4602000000.0,0.0,4602000000.0,13062000000.0,58000000.0,143000000.0,723000000.0,4669000000.0,0.2760271948,3853000000.0,0.2277859888,-50000000.0,3803000000.0,0.2248300325,898000000.0,3206000000.0,0.1895359149,1.16,1.12,2801009118,2864600000,https://www.sec.gov/Archives/edgar/data/80424/000008042416000166/0000080424-16-000166-index.htm,https://www.sec.gov/Archives/edgar/data/80424/000008042416000166/fy1516q2ond10-qreport.htm,6.038895015121475,1.144587491485631,1.599423568888218,1.3527267639547895,5.097091583262743,22.242698033230752,-2.267040103223255,22.00207046951855,11.306282366768077,222428134060.38,244551134060.38,17.344676704645973,13.14975666925096,49.649137067049104,58.7036511112114,3.60920578406536,3.60920578406536,14.457649072443392,52.37762562869565,54.58730670990625,64.54239484306677,0.014413644270062,0.0170347155768138,0.5115531901083923,0.2441169865962537,4.738273720282716,1.1339656194427978,26.944055944055943,1.3878562577447335,0.0083982181835545,0.5826575171553338,0.0,0.0,0.5315967570832333,0.1542410714285714,0.040851315400532,0.9557399723374828,0.0043156961276973,23.80386795332677,0.0265102415887315,0.0529996197781488,-16.587147004067695,4294000000.0,-6350000000.0,-30494000000.0,91856000000.0,4722500000.0,7737500000.0,5182000000.0,25.11912503694945,82.09574468085107,54.52127659574468,3.582927345901292,1.096280938188415,1.650731707317073,0.0520218082689686,0.2466968049334282,2016-01-26,0.98,bmo,15939134615.0,2025-04-25,2015-12-31,0.0612244897959184,82.08203125,7184142.59375
2015-09-30,PG,USD,80424,2015-10-23,2015-10-23 16:03:06,2016,Q1,16527000000.0,8152000000.0,8375000000.0,0.506746536,0,0.0,0.0,4607000000.0,0.0,4607000000.0,12777000000.0,44000000.0,140000000.0,731000000.0,4525000000.0,0.273794397,3768000000.0,0.2279905609,-114000000.0,3654000000.0,0.2210927573,877000000.0,2601000000.0,0.1573788346,0.93,0.91,2799550901,2867500000,https://www.sec.gov/Archives/edgar/data/80424/000008042415000098/0000080424-15-000098-index.htm,https://www.sec.gov/Archives/edgar/data/80424/000008042415000098/fy1516q1jas10-qreport.htm,5.903446868601872,0.9290775885056858,1.2637741284633282,1.0737436489996508,4.502865082930671,22.4871782033014,-2.2764365519210825,22.24892570367307,10.93996897468806,201399691817.94,224181691817.94,19.35790963263553,12.186101035756035,56.924729174092704,66.99923214169661,3.233414545859328,3.233414545859328,13.564572627696498,49.54291531888177,63.3639603781628,74.57807445706587,0.0129146175772266,0.0149255441895975,0.489460079952478,0.2358488376590724,5.034696132596685,1.1283935755694237,26.914285714285715,1.3426944971537005,0.0092601929186957,0.7170319108035371,0.0,0.0,0.536316868448536,0.150367439231204,0.0321897501058873,0.7277701778385773,0.0040539722877715,21.566107910126988,0.0258472145937174,0.0433948413360472,-16.982188101319327,4053000000.0,-6373000000.0,-30691000000.0,92461000000.0,4646000000.0,7948000000.0,5346500000.0,25.725176983118537,85.65014720314034,57.839793915603536,3.4985182049110923,1.0507862851250322,1.556022141630082,0.0417583123284152,0.1900304794636773,2015-10-23,0.95,bmo,16021071428.0,2025-04-25,2015-09-30,0.031578947368421,80.57311475409836,10443236.327868853
2015-06-30,PG,USD,80424,2015-08-07,2015-08-07 16:02:16,2015,Q4,17790000000.0,9257000000.0,8533000000.0,0.4796514896,0,0.0,0.0,5575000000.0,2028000000.0,7603000000.0,16860000000.0,48000000.0,147000000.0,808000000.0,3648000000.0,0.2050590219,930000000.0,0.0522765599,339000000.0,1269000000.0,0.0713322091,629000000.0,521000000.0,0.0292861158,0.17,0.17,3064705882,3064705882,https://www.sec.gov/Archives/edgar/data/80424/000008042415000070/0000080424-15-000070-index.htm,https://www.sec.gov/Archives/edgar/data/80424/000008042415000070/fy141510-kreport.htm,5.804798465159862,0.1700000000195777,1.3012667947755778,0.8855662189119654,3.786007677979194,20.57293666263796,-2.1476775434335136,20.36704414821885,9.951036469476128,239782588207.68,263296588207.68,115.0588235161612,13.478504115102869,60.1260251273019,88.3502535768902,3.8414999953168105,3.8414999953168105,14.800257909369307,72.17559983763158,66.02221369299899,97.01421820474576,0.002172801636242,0.0113185866425353,0.4862301542799468,0.2343719834742654,6.445723684210527,0.995166163141994,6.326530612244898,7.412639405204461,0.0078029018453145,3.5911708253358925,0.0,0.0,0.5377196030734778,0.3194583751253761,0.0716132658797077,1.5767326732673268,0.0059584035975267,8.8263210838893,0.0041972932620453,0.0087032056529074,-15.887005759986987,-144000000.0,-6582000000.0,-36799000000.0,89756000000.0,4779000000.0,7711500000.0,5673500000.0,23.10961214165261,79.12066544236794,53.02581829966512,3.8944833625218913,1.1375030720078645,1.6972863953061972,0.0083468174754481,0.4157005758636123,2015-07-30,0.94,bmo,15725350000.0,2025-04-25,2015-06-30,0.0638297872340426,76.419375,8694874.265625
2015-03-31,PG,USD,80424,2015-04-23,2015-04-23 16:02:21,2015,Q3,16930000000.0,8927000000.0,8003000000.0,0.4727111636,0,0.0,0.0,4978000000.0,0.0,4978000000.0,13852000000.0,38000000.0,148000000.0,786000000.0,3902000000.0,0.2304784406,3025000000.0,0.1786769049,-57000000.0,2968000000.0,0.1753101004,567000000.0,2153000000.0,0.1271707029,0.77,0.75,2796103896,2882500000,https://www.sec.gov/Archives/edgar/data/80424/000008042415000039/0000080424-15-000039-index.htm,https://www.sec.gov/Archives/edgar/data/80424/000008042415000039/fy1415q3jfm10-qreport.htm,6.054853692747045,0.7700000000286112,1.270339061821471,0.9770738504775504,4.706549001568288,22.66725499387524,-3.7137389690186247,22.43586158931485,11.654431026907735,229112753238.24,253177753238.24,26.60389610290757,13.5329446685316,64.50246431256757,83.86264759818448,3.6521886923666966,3.6521886923666966,14.954385897119906,64.88409872840595,71.27752061887387,92.671212751918,0.0093971198441373,0.0119242598300897,0.5170962651236192,0.2477450987879667,6.16735007688365,0.989994040337505,20.43918918918919,1.623400365630713,0.0078651230650884,0.8369716674407803,0.0,0.0,0.5633548958659508,0.2308558558558558,0.0484347312463083,1.0432569974554708,0.0047253396337861,19.715509175502493,0.0214412460160394,0.0376576355972224,-17.06231305218996,-319000000.0,-10384000000.0,-35995000000.0,93488000000.0,5396000000.0,7509000000.0,6185000000.0,26.52687536916716,73.44572644785482,59.411896493782905,3.3927855711422845,1.225394646533974,1.514848124893942,0.0343200548355729,0.2932652113439207,2015-04-23,0.92,bmo,16930000000.0,2025-04-25,2015-03-31,0.0,74.980625,10144913.390625
2014-12-31,PG,USD,80424,2015-01-27,2015-01-27 16:04:25,2015,Q2,18495000000.0,9558000000.0,8937000000.0,0.4832116788,0,0.0,0.0,5358000000.0,0.0,5358000000.0,14897000000.0,34000000.0,160000000.0,746000000.0,4378000000.0,0.236712625,3579000000.0,0.1935117599,-107000000.0,3472000000.0,0.1877264125,798000000.0,2372000000.0,0.1282508786,0.85,0.82,2790588235,2885200000,https://www.sec.gov/Archives/edgar/data/80424/000008042415000014/0000080424-15-000014-index.htm,https://www.sec.gov/Archives/edgar/data/80424/000008042415000014/q2-ond14quarterlyreport.htm,6.627634907949793,0.8500000000895869,1.230923271630578,0.9327782463040448,4.390113828455957,23.22521079502795,-4.167580101619686,22.98189291979152,12.40347807887895,254194682326.15,280443682326.15,26.791176467764544,13.743967684571508,74.00136312260553,97.65450723248176,3.963555148303525,3.963555148303525,15.163216130097323,64.05748796851303,81.64299339917031,107.73864092437572,0.0093314304543812,0.0102401827456805,0.5372117318697083,0.2528419306781738,5.995660118775697,0.9714804403841648,22.36875,1.432443703085905,0.0071126586262737,0.7622259696458684,0.0,0.0,0.5609886763097833,0.2422125181950509,0.0449851311165179,1.1152815013404829,0.0037848067045147,20.964939831474293,0.0232726043402947,0.0396516273549422,-18.49430860228649,-974000000.0,-11630000000.0,-38273000000.0,96213000000.0,5999500000.0,8006500000.0,6788500000.0,28.23357664233577,72.81544256120527,60.98870056497175,3.187693898655636,1.2360015517910254,1.475683186660491,0.036985639218499,0.298145025326533,2015-01-27,1.13,bmo,19716367924.0,2025-04-25,2014-12-31,-0.0619469026548671,80.46444444444445,7855386.0
2014-09-30,PG,USD,80424,2014-10-24,2014-10-24 16:02:31,2015,Q1,18771000000.0,9734000000.0,9037000000.0,0.4814341271,0,0.0,0.0,5404000000.0,0.0,5404000000.0,15125000000.0,31000000.0,170000000.0,794000000.0,4471000000.0,0.2381865644,3633000000.0,0.1935432316,-126000000.0,3507000000.0,0.1868307496,791000000.0,1990000000.0,0.106014597,0.71,0.69,2823488933,2888000000,https://www.sec.gov/Archives/edgar/data/80424/000008042414000077/0000080424-14-000077-index.htm,https://www.sec.gov/Archives/edgar/data/80424/000008042414000077/q1-jas14quarterlyreport.htm,6.648157809513894,0.7048017708663709,1.2867059465113193,0.9998268337466156,3.841346737093798,23.66894349006467,-5.221199852317608,23.39481456008951,11.830044598230412,236438963249.42,262184963249.42,29.70338734289196,12.595970552949762,65.08091473972475,83.75450345356712,3.57942567934933,3.57942567934933,13.967554379064511,58.64123534990382,72.16761994203688,92.8745884695076,0.0084165484937469,0.0119396564813304,0.5030959049277117,0.2404926799968158,5.758443301274883,0.907580056749088,21.37058823529412,1.7985148514851486,0.0076383349646768,0.907537688442211,0.0,0.0,0.5903113986525115,0.2229562345169281,0.043151670129455,1.0201511335012594,0.0043151670129455,19.26125389086683,0.0233802629077892,0.0351515579735745,-18.52681247962943,-2964000000.0,-14742000000.0,-42247000000.0,100406000000.0,6291500000.0,8370500000.0,6929500000.0,29.712322199136967,76.55640024655845,65.646188617218,3.029046312731967,1.1756038647342997,1.3709859154929578,0.0301264098100068,0.2868791127647037,2014-10-24,1.08,bmo,18771000000.0,2025-04-25,2014-09-30,-0.0092592592592592,85.97688524590164,8596381.721311476
2014-06-30,PG,USD,80424,2014-08-08,2014-08-08 16:03:07,2014,Q4,19018000000.0,9919000000.0,9099000000.0,0.4784414765,0,-3007000000.0,8979000000.0,5972000000.0,0.0,5972000000.0,15891000000.0,27000000.0,178000000.0,824000000.0,4116000000.0,0.2164265433,3127000000.0,0.164423178,-13000000.0,3114000000.0,0.1637396151,572000000.0,2579000000.0,0.135608371,0.92,0.89,2803260870,2891900000,https://www.sec.gov/Archives/edgar/data/80424/000008042414000057/0000080424-14-000057-index.htm,https://www.sec.gov/Archives/edgar/data/80424/000008042414000057/fy201410kannualreport.htm,6.784241953193604,0.9199999998573092,1.6074137260011767,1.1647150056355615,3.811989142487477,24.96235749903647,-5.197875144599011,24.690531209819227,12.697712289616485,220308271773.3,247167271773.3,21.355978264181857,11.584197695514776,48.89220412190413,67.47573408064319,3.1830015859984977,3.1830015859984977,12.99649131208855,60.05035757368805,54.852923163182425,75.70207405001533,0.0117063239579756,0.0148201425834783,0.5117028346866241,0.2454978997130301,6.525510204081633,0.937466642946095,17.56741573033708,1.7198473282442748,0.0082339168901775,0.703373400542846,-0.1581133662845725,0.0,0.5860493810045333,0.275410563692854,0.0652539699232306,1.5060679611650485,0.0059417394047744,22.607388083632923,0.0202323312685946,0.0431855858269562,-19.77518417684759,-2109000000.0,-14571000000.0,-42673000000.0,104742000000.0,6369500000.0,7986500000.0,6993000000.0,30.22084341150489,76.77084383506403,61.32775481399335,2.978077043532728,1.172320056730883,1.4675247817724515,0.0372612477244488,0.4426987203656147,2014-08-01,0.91,bmo,12919126315.0,2025-04-25,2014-06-30,0.0439560439560438,87.981875,7826119.453125
2014-03-31,PG,USD,80424,2014-04-23,2014-04-23 16:02:38,2014,Q3,19641000000.0,10040000000.0,9601000000.0,0.4888243979,0,0.0,0.0,6295000000.0,0.0,6295000000.0,16315000000.0,29000000.0,180000000.0,791000000.0,4146000000.0,0.2110890484,3306000000.0,0.1683213686,-131000000.0,3175000000.0,0.1616516471,644000000.0,2609000000.0,0.1328343771,0.94,0.9,2828221653,2894100000,https://www.sec.gov/Archives/edgar/data/80424/000008042414000038/0000080424-14-000038-index.htm,https://www.sec.gov/Archives/edgar/data/80424/000008042414000038/jfm14quarterlyreport.htm,6.944646640112546,0.92248781039935,1.4528564250406013,1.1190777768930404,3.448103153320989,24.765032092058597,-6.184451625793419,24.49631199397369,12.92154734804302,227954665231.8,256137665231.8,21.843107055557685,11.606062075851534,55.47692023163786,72.02359091052132,3.2902912087267797,3.2902912087267797,13.040968648836616,61.779465806029904,62.3357666662935,80.92817226913112,0.0114452581935403,0.0138843396636853,0.5248913843622349,0.2539508509256479,6.797636275928606,0.875708325549536,18.366666666666667,1.5588012139605465,0.0074049811539655,0.6469911843618245,0.0,0.0,0.6112697891715608,0.2297395960087612,0.0480627259304516,1.193426042983565,0.0047859070312102,22.548721855552092,0.0208158210953369,0.0468696667564897,-19.45595386473056,-3992000000.0,-17491000000.0,-45030000000.0,105814000000.0,6632000000.0,7334000000.0,7303000000.0,29.111043225904996,67.33864541832669,64.78386454183267,3.0916102628679365,1.3365282215122471,1.389234813892348,0.0376582324158138,0.3337786481475608,2014-04-23,1.01,bmo,19074432692.0,2025-04-25,2014-03-31,0.0297029702970297,81.93765625,7346663.6875
2013-12-31,PG,USD,80424,2014-01-24,2014-01-24 17:24:45,2014,Q2,21099000000.0,10474000000.0,10625000000.0,0.5035783686,0,0.0,0.0,6323000000.0,0.0,6323000000.0,16754000000.0,22000000.0,187000000.0,755000000.0,5122000000.0,0.2427603204,4302000000.0,0.2038959192,-120000000.0,4182000000.0,0.1982084459,885000000.0,3428000000.0,0.1624721551,1.24,1.18,2719200000,2908500000,https://www.sec.gov/Archives/edgar/data/80424/000008042414000012/0000080424-14-000012-index.htm,https://www.sec.gov/Archives/edgar/data/80424/000008042414000012/ond13quarterlyreport.htm,7.759267431597529,1.2606649014416005,1.213224477787585,0.868270079435128,3.1270226537216828,25.793615769343926,-6.527655192703737,25.51412180052957,13.163798175934096,221370072000.0,250049072000.0,16.14425845974329,10.491969856391298,67.10217399211882,93.76114866581956,3.190781976995589,3.190781976995589,11.851228589032656,48.81863959390863,75.7954143679903,105.90812028801356,0.0154853814204839,0.0106653983470719,0.5132462740349967,0.2491341733892126,5.59918000780945,0.8939043837667198,23.005347593582886,0.9501728110599078,0.0076839655181573,0.4962077012835472,0.0,0.0,0.614915306415163,0.2843285844195211,0.0444570832740888,1.242384105960265,0.003270297170482,26.901803870990808,0.0268554802158259,0.0622831083413579,-20.37851206237129,-3260000000.0,-17750000000.0,-45322000000.0,106780000000.0,6733000000.0,7322500000.0,7386500000.0,29.47959618939286,61.489402329578006,63.40557571128509,3.0529590507885978,1.4636668529904977,1.4194335275782626,0.0494104759433826,0.3449543983524566,2014-01-24,1.2,bmo,20924628099.0,2025-04-25,2013-12-31,0.0083333333333333,80.63222222222223,7649574.46031746
2013-09-30,PG,USD,80424,2013-10-25,2013-10-25 16:01:48,2014,Q1,20830000000.0,10574000000.0,10256000000.0,0.4923667787,0,0.0,0.0,6136000000.0,0.0,6136000000.0,16199000000.0,21000000.0,165000000.0,771000000.0,4917000000.0,0.2360537686,4120000000.0,0.1977916467,-139000000.0,3981000000.0,0.191118579,942000000.0,3027000000.0,0.1453192511,1.09,1.04,2735200000,2924300000,https://www.sec.gov/Archives/edgar/data/80424/000008042413000089/0000080424-13-000089-index.htm,https://www.sec.gov/Archives/edgar/data/80424/000008042413000089/jas13quarterlyreport.htm,7.615530856975724,1.1066832407136589,0.7472945305644926,0.4822316466803159,2.8158818367943845,25.15940333430828,-6.863483474700205,24.89287803451301,12.776031003217316,206753768000.0,235411768000.0,17.075798480343575,9.925768987037928,101.15154990215264,156.7503927217589,3.03661151174233,3.03661151174233,11.301573115698512,47.87711368720765,115.17209784735812,178.4774586808188,0.0146406037930104,0.0063795693435681,0.5108170429009943,0.2464481842338352,5.828350620296929,0.792425565222627,24.96969696969697,0.6686293752044488,0.0082610344494422,0.5642550379914106,0.0,0.0,0.6206483613817537,0.3546966731898239,0.0348055688910225,0.940337224383917,0.0040326452232357,24.89662519325272,0.0253213099722069,0.0565413927077107,-20.471537730330507,-6895000000.0,-18773000000.0,-45987000000.0,102570000000.0,6531500000.0,8133000000.0,7151500000.0,28.322131541046566,63.74219784376773,62.9336107433327,3.177726926010679,1.4119375083455734,1.4300784419799837,0.0444578260167139,0.2650628838841766,2013-10-25,1.05,bmo,20174000000.0,2025-04-25,2013-09-30,0.0,78.79754098360655,9746265.180327868
2013-06-30,PG,USD,80424,2013-08-08,2013-08-08 06:24:28,2013,Q4,20655000000.0,10854000000.0,9801000000.0,0.4745098039,0,0.0,0.0,6860000000.0,308000000.0,7168000000.0,18022000000.0,87000000.0,163000000.0,794000000.0,3468000000.0,0.1679012346,2633000000.0,0.1274751876,-122000000.0,2511000000.0,0.1215686275,629000000.0,1875000000.0,0.0907770516,0.66,0.64,2840909091,2937100000,https://www.sec.gov/Archives/edgar/data/80424/000008042413000063/0000080424-13-000063-index.htm,https://www.sec.gov/Archives/edgar/data/80424/000008042413000063/fy201310kannualreport.htm,7.270559999767342,0.65999999997888,1.5459839999505285,0.9891199999683482,2.093343999933013,24.185567999226063,-6.353951999796673,23.95852799923333,11.160511999642864,221647727279.82,247243727279.82,29.553030303976,10.73094782279448,50.46624027318306,78.87819476150177,3.256460497176481,3.256460497176481,11.970163509068987,71.29288560548443,56.29410912564207,87.9870915586548,0.0084593693921927,0.0126777749290995,0.4634314762576398,0.2264995009442565,7.380622837370242,0.7986816259946067,16.153374233128833,2.333687566418704,0.0077690848497898,0.9184,0.0,0.0,0.6229939036212059,0.3602003642987249,0.0765916243040426,1.992443324937028,0.0046477850399419,18.862241138773246,0.0162205376098256,0.0357122450145706,-19.80756799936616,-6047000000.0,-18051000000.0,-46564000000.0,102379000000.0,6588500000.0,8099500000.0,7074500000.0,28.357298474945537,72.77777777777777,57.288557213930346,3.1737861094038107,1.236641221374046,1.570994355188884,0.0275476022566995,0.5568639999821804,2013-08-01,0.77,bmo,18586240506.0,2025-04-25,2013-06-30,0.0259740259740259,81.46984375,7835541.5
2013-03-31,PG,USD,80424,2013-04-24,2013-04-24 16:02:19,2013,Q3,20598000000.0,10344000000.0,10254000000.0,0.4978153219,0,0.0,0.0,6849000000.0,0.0,6849000000.0,17193000000.0,21000000.0,163000000.0,740000000.0,4191000000.0,0.203466356,3405000000.0,0.1653073114,-117000000.0,3288000000.0,0.1596271483,697000000.0,2566000000.0,0.1245752015,0.92,0.88,2741500000,2930700000,https://www.sec.gov/Archives/edgar/data/80424/000008042413000033/0000080424-13-000033-index.htm,https://www.sec.gov/Archives/edgar/data/80424/000008042413000033/jfm13quarterlyreport.htm,7.513405070217035,0.9359839503921212,1.4087178551887654,1.0815247127484953,2.1433521794637973,24.78679554988145,-6.876892212292541,24.53693233631224,11.813240926500091,213014550000.0,239361550000.0,20.7535609898675,10.34151616661812,55.156538063179696,71.84301854974704,3.166655021704228,3.166655021704228,11.620620934071267,57.11323073252207,61.978650958052825,80.72902192242833,0.012046125487672,0.0139192369723101,0.47902420170066,0.2316018716173965,6.286566451920782,0.8864001167371954,20.88957055214724,1.4905441914318796,0.0074689733635566,0.6200311769290725,0.0,0.0,0.6239155903429142,0.2322630761263594,0.0435479172735217,1.212162162162162,0.0046606466647247,22.73189244914572,0.0218471220816395,0.0490396559961777,-20.67490424949845,-3114000000.0,-18853000000.0,-46880000000.0,104883000000.0,6926000000.0,7289500000.0,7229500000.0,29.139236819108653,64.57656612529003,62.99303944315545,3.088618983355825,1.3936944219886822,1.4287292817679558,0.0381459237676161,0.3271931424402699,2013-04-24,0.96,bmo,19973818181.0,2025-04-25,2013-03-31,0.03125,79.58140625,7314288.265625
2012-12-31,PG,USD,80424,2013-01-25,2013-01-25 16:02:36,2013,Q2,22175000000.0,10880000000.0,11295000000.0,0.5093573844,0,0.0,0.0,6803000000.0,0.0,6803000000.0,17683000000.0,19000000.0,169000000.0,738000000.0,6125000000.0,0.2762119504,4492000000.0,0.2025704622,726000000.0,5218000000.0,0.2353100338,1142000000.0,4057000000.0,0.1829537768,1.46,1.39,2735200000,2919100000,https://www.sec.gov/Archives/edgar/data/80424/000008042413000012/0000080424-13-000012-index.htm,https://www.sec.gov/Archives/edgar/data/80424/000008042413000012/ond12quarterlyreport.htm,8.107268207078093,1.4832553378180755,1.4072097104416497,1.1425124305352443,2.428707224334601,24.61355659549576,-7.498903188066686,24.3788388417666,12.282465633226089,185692728000.0,212475728000.0,11.442736504806508,8.373967440811725,48.24440841777085,59.42167296,2.784792189679219,2.784792189679219,9.581769019165726,34.6899147755102,55.20283917900753,67.99223296,0.021847920722022,0.0168288765729156,0.5012822243217708,0.2389226821440569,4.372734693877551,0.9760198246282882,26.579881656804737,0.9443081452404318,0.0086217700458361,0.3946265713581464,0.0,0.0,0.6278207043451535,0.188100805404001,0.0326493799323562,0.981029810298103,0.0033821871476888,28.52369127482944,0.0284139115306606,0.0779158424398394,-20.81758189529102,-629000000.0,-20511000000.0,-46979000000.0,108409000000.0,7088000000.0,7327500000.0,7275500000.0,29.153100338218717,59.203125,59.71599264705882,3.087150215787275,1.520190023752969,1.507133952070924,0.0608419189874177,0.2646972799064054,2013-01-25,1.11,bmo,20175614754.0,2025-04-25,2012-12-31,0.0990990990990989,78.483125,10036631.53125
2012-09-30,PG,USD,80424,2012-10-25,2012-10-25 16:01:19,2013,Q1,20739000000.0,10350000000.0,10389000000.0,0.5009402575,0,0.0,0.0,6438000000.0,0.0,6438000000.0,16788000000.0,19000000.0,172000000.0,710000000.0,4708000000.0,0.2270119099,3951000000.0,0.1905106321,-125000000.0,3826000000.0,0.1844833406,973000000.0,2814000000.0,0.135686388,1.0,0.96,2748600000,2931700000,https://www.sec.gov/Archives/edgar/data/80424/000008042412000092/0000080424-12-000092-index.htm,https://www.sec.gov/Archives/edgar/data/80424/000008042412000092/jas12quarterlyreport.htm,7.545295786946082,1.023793931456014,1.0077857818525795,0.7149094084261078,1.9289820272138545,23.629484100996876,-7.475442043222004,23.39336389434621,11.660117878192535,190890270000.0,217465270000.0,16.95897921108742,9.204410530883845,68.91345487364622,97.14517557251908,2.9687906499323478,2.9687906499323478,10.485812719996142,46.19058411214953,78.50731768953068,110.66934860050893,0.0147414532967028,0.0102938719715782,0.4957619869671379,0.2345828917932415,5.6446474086661,0.9689131657161216,22.97093023255814,0.9709078163336838,0.0084079717630448,0.570362473347548,0.0,0.0,0.6291578358648299,0.2906137184115523,0.0388157577510969,1.1338028169014085,0.0038092482761946,23.213673552583447,0.0246949886445408,0.0558410890401444,-20.63859783162337,-774000000.0,-20547000000.0,-46816000000.0,105598000000.0,6530500000.0,7709000000.0,7026500000.0,30.34717199479242,65.2,63.756521739130434,2.965679965679965,1.3803680981595092,1.411620294599018,0.0437642887136658,0.2928763734264716,2012-10-25,0.96,bmo,18782490566.0,2025-04-25,2012-09-30,0.1041666666666667,74.56333333333333,9484755.933333334
2012-06-30,PG,USD,80424,2012-08-08,2012-08-08 16:16:27,2012,Q4,20212000000.0,10497000000.0,9715000000.0,0.4806550564,0,0.0,0.0,6652000000.0,0.0,6652000000.0,17149000000.0,0.0,182000000.0,777000000.0,3864000000.0,0.1911735603,3063000000.0,0.1515436374,-158000000.0,2905000000.0,0.1437264991,692000000.0,3631000000.0,0.179645755,1.29,1.24,2814728682,2930000000,https://www.sec.gov/Archives/edgar/data/80424/000008042412000063/0000080424-12-000063-index.htm,https://www.sec.gov/Archives/edgar/data/80424/000008042412000063/fy2012financialstatementsf.htm,7.180798678485204,1.2900000000781602,1.4115037180695489,0.9492922060613728,1.5759955935959016,22.749972460755988,-7.363409529501501,22.538229139344097,10.65999724658364,172402131772.5,197789131772.5,11.870155038040483,8.5296918549624,43.39343865403976,64.52175590288174,2.7176048136398743,2.7176048136398743,9.785727873169405,51.18766350219979,49.78332035552479,74.02287865737276,0.021061224491072,0.0154986482622264,0.4701051403710651,0.2255149572003266,6.570134575569358,0.8796723812582808,16.82967032967033,1.0834469593673302,0.0093850347635787,0.4456072707243184,0.0,0.0,0.6409440125828015,0.3274603574125346,0.0643677023550366,1.6743886743886744,0.0049475559073817,25.5767883208408,0.0201063568837791,0.0764694732851757,-19.84614018297057,-2997000000.0,-20726000000.0,-46299000000.0,102141000000.0,6134000000.0,7302000000.0,6980000000.0,27.01959232139323,67.90511574735639,57.62503572449271,3.3309162821357945,1.325378787878788,1.5618211575658385,0.0572360850580873,0.4622115120081758,2012-08-03,0.77,bmo,18979560975.0,2025-04-25,2012-06-30,0.0649350649350648,68.82225806451612,8769196.64516129
2012-03-31,PG,USD,80424,2012-04-27,2012-04-27 16:01:07,2012,Q3,20194000000.0,10237000000.0,9957000000.0,0.4930672477,0,0.0,0.0,6636000000.0,22000000.0,6658000000.0,16895000000.0,0.0,179000000.0,971000000.0,4337000000.0,0.2147667624,3299000000.0,0.163365356,-112000000.0,3187000000.0,0.1578191542,754000000.0,2411000000.0,0.1193918986,0.85,0.82,2745800000,2937800000,https://www.sec.gov/Archives/edgar/data/80424/000008042412000040/0000080424-12-000040-index.htm,https://www.sec.gov/Archives/edgar/data/80424/000008042412000040/jfm12quarterlyreport.htm,7.354505062276932,0.8780683225289533,1.3897589045087042,1.068176851919295,1.4534926068905236,24.003569087333386,-7.412411683298128,23.769029062568286,12.124335348532304,184545218000.0,213666218000.0,19.135754666113645,9.138616321679706,48.36090618448637,62.9202925332424,2.827629173370106,2.827629173370106,10.580678320293154,49.26590223656905,55.99219549266247,72.84903443573133,0.0130645487654955,0.0158931238196592,0.5073469700452004,0.2459938338100367,6.714549227576666,0.8589057389235801,18.43016759776536,1.5468179975678962,0.0081714390453617,0.625466611364579,0.0,0.0,0.640852865792504,0.2313941299790356,0.0437258591660889,0.9093717816683832,0.005397642864217,21.670110941917297,0.021080272811289,0.0498727840638768,-20.55339063296671,-3796000000.0,-20353000000.0,-45588000000.0,102850000000.0,6552500000.0,6709500000.0,7341500000.0,27.63196989204714,58.76330956334864,63.642668750610525,3.2570967741935486,1.531567923399162,1.414145600221025,0.0369416992262315,0.3215820525894093,2012-04-27,0.93,bmo,19979170212.0,2025-04-25,2012-03-31,0.0107526881720429,66.21650793650794,11497595.523809524
2011-12-31,PG,USD,80424,2012-01-27,2012-01-27 16:01:04,2012,Q2,21744000000.0,10851000000.0,10893000000.0,0.5009657837,0,0.0,0.0,6659000000.0,1554000000.0,8213000000.0,19064000000.0,0.0,201000000.0,713000000.0,3563000000.0,0.1638612951,2680000000.0,0.1232523915,-31000000.0,2649000000.0,0.1218267108,977000000.0,1690000000.0,0.0777225901,0.59,0.57,2949700000,2949700000,https://www.sec.gov/Archives/edgar/data/80424/000008042412000015/0000080424-12-000015-index.htm,https://www.sec.gov/Archives/edgar/data/80424/000008042412000015/ond11quarterlyreport.htm,7.371597111570668,0.5729396209784046,1.128250330542089,0.8072007322778587,1.496423365087975,22.00223751567956,-7.028511374038038,21.797809946774247,11.387259721327592,196774487000.0,225748487000.0,29.10865192307692,9.049599291758645,59.12694921874999,82.64363166736663,3.060399194363656,3.060399194363656,10.382104810522442,63.359103845074365,67.83307902644229,94.81246829063416,0.0085885117820177,0.0121001458893398,0.519277726799073,0.2485872341059183,8.131911310693235,0.7938708378088077,13.333333333333334,1.9060710194730808,0.0076737590478383,0.893491124260355,0.0,0.0,0.6375650542397867,0.2845552884615384,0.0435522442972774,1.3281907433380085,0.0040470934510669,16.76301440087501,0.014258339547667,0.0347172291953409,-19.01761196053836,-6141000000.0,-20732000000.0,-45760000000.0,99863000000.0,6744500000.0,7012500000.0,7722500000.0,28.58029801324503,55.86121094829969,61.74177495161736,3.1490224475018103,1.6111358574610244,1.457684040838259,0.0262842745384699,0.3210495982642302,2012-01-27,1.08,bmo,21348654545.0,2025-04-25,2011-12-31,0.0185185185185185,63.77174603174603,11805525.666666666
2011-09-30,PG,USD,80424,2011-10-27,2011-10-27 16:01:22,2012,Q1,21530000000.0,10806000000.0,10724000000.0,0.4980956804,0,0.0,0.0,6474000000.0,0.0,6474000000.0,17280000000.0,0.0,207000000.0,743000000.0,4994000000.0,0.2319554111,4250000000.0,0.1973989782,-206000000.0,4044000000.0,0.1878309336,1045000000.0,3024000000.0,0.1404551788,1.08,1.03,2755900000,2945800000,https://www.sec.gov/Archives/edgar/data/80424/000008042411000043/0000080424-11-000043-index.htm,https://www.sec.gov/Archives/edgar/data/80424/000008042411000043/jasquarterlyreport.htm,7.812329910374107,1.0972821945643891,0.786313001197431,0.4840523966762219,1.299756885228056,23.815813345912407,-8.092819042780942,23.674298777168985,12.357124714249428,174117762000.0,204383762000.0,14.39465625,8.087216070599164,80.34968251038302,130.523059970015,2.668716847526209,2.668716847526209,9.492975476079888,40.92586343612335,94.31645685279187,153.211215892054,0.0173675561026335,0.0076614814288734,0.5187909999386917,0.2477583316863933,6.060472567080496,0.8268378146453089,20.531400966183572,0.7166005291005291,0.0086320888962494,0.4970238095238095,0.0,0.0,0.64367538446899,0.384402399630826,0.038690199721319,1.1211305518169583,0.0037157454714352,24.17625274173321,0.0262374031336876,0.0621199671322925,-21.213578141442,-4843000000.0,-22303000000.0,-47858000000.0,103859000000.0,6429500000.0,7656000000.0,7690000000.0,27.522526706920576,60.71626873958911,66.63797890061078,3.270048602673147,1.4823045267489712,1.350581177352831,0.0463490895714548,0.302260604521209,2011-10-27,1.03,bmo,21530000000.0,2025-04-25,2011-09-30,0.0,65.88483870967742,11263571.70967742
2011-06-30,PG,USD,80424,2011-08-10,2011-08-10 06:53:53,2011,Q4,20860000000.0,10787000000.0,10073000000.0,0.482885906,0,0.0,0.0,6788000000.0,0.0,6788000000.0,17575000000.0,0.0,212000000.0,735000000.0,4152000000.0,0.1990412272,3285000000.0,0.1574784276,-80000000.0,3205000000.0,0.1536433365,695000000.0,2510000000.0,0.1203259827,0.91,0.91,2755900000,2755900000,https://www.sec.gov/Archives/edgar/data/80424/000008042411000014/0000080424-11-000014-index.htm,https://www.sec.gov/Archives/edgar/data/80424/000008042411000014/fy1110k.htm,7.569215138430277,0.9107732501179288,1.3955513625312963,0.9456076055009252,1.004390580209732,24.674697920824418,-8.048550382815051,24.543706230269603,11.69345767262963,175192563000.0,204438563000.0,17.44945846613546,8.398492953020135,45.55188845553822,67.22661665387567,2.5900733737433472,2.5900733737433472,9.800506375838928,49.23857490366088,53.15615262610505,78.44917996930161,0.0143270921837018,0.014875060649692,0.4732998225901833,0.2313919366263353,7.04383429672447,0.804968306891877,15.495283018867925,1.5322709163346613,0.0087332474267186,0.6095617529880478,0.0,0.0,0.6518206918484467,0.3224128965158606,0.059443911792905,1.6870748299319729,0.0057046979865771,22.426756332533955,0.0212542101591533,0.0521049572365689,-21.477285097427337,-5323000000.0,-22181000000.0,-48383000000.0,106152000000.0,6269500000.0,7240000000.0,7499000000.0,27.07334611697028,66.93056456846205,61.5657736163901,3.324302788844621,1.344677137870855,1.4618511993495054,0.0371082199881726,0.4499437570303712,2011-08-05,0.82,bmo,19964071428.0,2025-04-25,2011-06-30,0.024390243902439,64.26079365079364,8956962.714285715
2011-03-31,PG,USD,80424,2011-04-29,2011-04-29 08:21:55,2011,Q3,19893000000.0,9789000000.0,10104000000.0,0.5079173579,0,0.0,0.0,6399000000.0,0.0,6399000000.0,16188000000.0,0.0,202000000.0,703000000.0,4512000000.0,0.226813452,3705000000.0,0.1862464183,-98000000.0,3607000000.0,0.1813200623,748000000.0,2873000000.0,0.1444226612,1.01,0.96,2844554455,2999300000,https://www.sec.gov/Archives/edgar/data/80424/000119312511116981/0001193125-11-116981-index.htm,https://www.sec.gov/Archives/edgar/data/80424/000119312511116981/d10q.htm,6.993362340113823,1.010000000158197,1.4258823531645135,1.141127741215979,1.035663070123929,23.70564567026367,-7.802979465197125,23.578033418242292,11.11667943090933,175224554428.0,203698554428.0,15.247524750087017,8.808352406776253,43.20132012524655,53.981686515095504,2.6126012677690142,2.6126012677690142,10.239710170813854,45.14595621187943,50.2215370877712,62.75371362538509,0.016396103898672,0.0185248009937658,0.4684727668520479,0.2301190877264937,6.31072695035461,0.8333906399235912,18.34158415841584,1.3957329662766689,0.008006868698168,0.4883397145840584,0.0,0.0,0.6564326414624501,0.1997041420118343,0.0407178404463881,1.1522048364153628,0.0057809279646106,23.14758755277709,0.0244551921500804,0.0612449371136218,-20.267673167114676,-4361000000.0,-22196000000.0,-47292000000.0,105788000000.0,6407500000.0,6362500000.0,7521000000.0,28.33961695068617,59.374808458473794,70.04903463070794,3.1757662835249043,1.5157943635800557,1.2848142800892506,0.042836481832143,0.2847546119485344,2011-04-28,0.97,bmo,20100218750.0,2025-04-25,2011-03-31,-0.0103092783505154,62.67765625,12290499.84375
2010-12-31,PG,USD,80424,2011-01-28,2011-01-28 16:02:47,2011,Q2,21347000000.0,10287000000.0,11060000000.0,0.5181055886,0,0.0,0.0,6800000000.0,0.0,6800000000.0,17087000000.0,0.0,209000000.0,711000000.0,5010000000.0,0.2346933995,4260000000.0,0.1995596571,-170000000.0,4090000000.0,0.1915960088,728000000.0,3333000000.0,0.1561343514,1.17,1.11,2848717949,3000200000,https://www.sec.gov/Archives/edgar/data/80424/000119312511017328/0001193125-11-017328-index.htm,https://www.sec.gov/Archives/edgar/data/80424/000119312511017328/d10q.htm,7.493546353893528,1.1699999998841584,1.009927992699287,0.7512151214377735,1.1405130511922084,22.716534651216183,-8.178415840774415,22.716534651216183,11.47323132199635,183258025659.17,212484025659.17,13.74572649708746,8.58472036628894,63.69761058712896,85.63459142951868,2.8318579830817607,2.8318579830817607,9.95381204193423,42.41198116949501,73.85610902299965,99.29160077531309,0.0181874708516113,0.0116775240391384,0.5018311622085208,0.2418580057047954,5.833532934131736,0.8013655886347785,20.382775119617225,0.8631863186318632,0.0077049831510576,0.4236423642364236,0.0,0.0,0.6554631236361741,0.2561696211331248,0.0345247575771771,1.0365682137834036,0.0043565840633344,24.454299716697204,0.0296280635527188,0.0720461718040724,-20.24989873786905,-5411000000.0,-23298000000.0,-47730000000.0,102552000000.0,6316500000.0,6491500000.0,7350000000.0,27.61933761184241,54.82939632545932,64.94313210848644,3.258586475347275,1.6414552417424606,1.385827832412771,0.0515043345232024,0.2587128712615136,2011-01-27,1.1,bmo,20090088495.0,2025-04-25,2010-12-31,0.027272727272727,64.67444444444445,9752822.206349207
2010-09-30,PG,USD,80424,2010-10-28,2010-10-28 08:44:46,2011,Q1,20122000000.0,9689000000.0,10433000000.0,0.5184872279,0,0.0,0.0,5932000000.0,0.0,5932000000.0,15621000000.0,0.0,208000000.0,689000000.0,5179000000.0,0.2573799821,4501000000.0,0.2236855183,-219000000.0,4282000000.0,0.2128019084,1201000000.0,3081000000.0,0.1531159924,1.07,1.02,2879439252,3025600000,https://www.sec.gov/Archives/edgar/data/80424/000119312510238937/0001193125-10-238937-index.htm,https://www.sec.gov/Archives/edgar/data/80424/000119312510238937/d10q.htm,6.988166180628283,1.0700000001250245,0.8515546901352028,0.6713112626555249,0.9039954561264,21.949065241123552,-8.799977281132097,21.8289029561371,11.524466083787344,172679971942.44,203052971942.44,14.011682241353457,8.581650528895736,70.42413211355628,89.33262904420073,2.747275028914804,2.747275028914804,10.091092930247491,39.20698434880093,82.81116310866231,105.04551057549922,0.0178422544626483,0.0111941181033104,0.5246360671386524,0.2466564940310564,5.864645684495076,0.7415340086830681,21.63942307692308,0.7958455047062643,0.0082348866750684,0.4615384615384615,0.0,0.0,0.6622684977410765,0.2116639477977161,0.0257926647450551,0.7532656023222061,0.004323625882119,22.924459398869285,0.0275473415805589,0.0682361800141743,-20.729036029685965,-7144000000.0,-25339000000.0,-49995000000.0,101273000000.0,5708500000.0,6983500000.0,6830500000.0,27.203061325911936,62.38414697079162,67.5952110640933,3.308451167379152,1.4426742108397856,1.331455270028858,0.0490175801447776,0.1802434274796779,2010-10-27,1.0,bmo,19727450980.0,2025-04-25,2010-09-30,0.02,63.32661290322581,10951772.967741936
2010-06-30,PG,USD,80424,2010-08-13,2010-08-13 16:02:12,2010,Q4,18926000000.0,9560000000.0,9366000000.0,0.4948747754,0,0.0,0.0,6416000000.0,0.0,6416000000.0,15976000000.0,0.0,212000000.0,780000000.0,3609000000.0,0.190690056,2950000000.0,0.1558702314,-333000000.0,2617000000.0,0.1382753884,432000000.0,2185000000.0,0.115449646,0.76,0.76,2866900000,2879439252,https://www.sec.gov/Archives/edgar/data/80424/000119312510188769/0001193125-10-188769-index.htm,https://www.sec.gov/Archives/edgar/data/80424/000119312510188769/d10k.htm,6.601555687327775,0.7621472670829118,1.1556036136593533,0.7764484286162754,1.0042205866964318,21.430464962154243,-8.444312672224354,21.31745090515888,10.47961212459451,171956662000.0,198909662000.0,19.67467528604119,9.085737186938603,51.90361062481135,77.24917430368373,2.8136572363576864,2.8136572363576864,10.509862728521613,55.11489664727071,60.03913733776034,89.35744025157233,0.0127066900147201,0.0129451221843327,0.4881289372494478,0.2327497425334706,7.468273760044333,0.7734947697883205,13.91509433962264,1.5162471395881008,0.0084730651494037,0.6668192219679634,0.0,0.0,0.6682270698748557,0.3281014186537881,0.0574342174786008,1.3935897435897435,0.0063404839902779,19.119579789895283,0.0219204907997124,0.0513827485655159,-19.763769228086087,-5500000000.0,-24209000000.0,-47951000000.0,99392000000.0,5597500000.0,6518000000.0,6567000000.0,25.369861566099544,68.26255230125523,60.10041841004184,3.5475164011246485,1.3184388360226176,1.4974937343358397,0.0357522703100711,0.3791551850430779,2010-08-03,0.73,bmo,19459126760.0,2025-04-25,2010-06-30,-0.0273972602739726,63.27703125,10315755.640625
2010-03-31,PG,USD,80424,2010-04-30,2010-04-30 16:00:50,2010,Q3,19178000000.0,9225000000.0,9953000000.0,0.5189800813,0,0.0,0.0,5985000000.0,0.0,5985000000.0,15210000000.0,0.0,223000000.0,799000000.0,4784000000.0,0.2494524977,3968000000.0,0.2069037439,-206000000.0,3762000000.0,0.1961622693,1177000000.0,2585000000.0,0.1347898634,0.88,0.83,2937500000,3103900000,https://www.sec.gov/Archives/edgar/data/80424/000119312510101892/0001193125-10-101892-index.htm,https://www.sec.gov/Archives/edgar/data/80424/000119312510101892/d10q.htm,6.52868085106383,0.88,1.6714893617021276,1.4311489361702128,1.667744680851064,22.73123404255319,-7.137361702127659,22.614468085106385,10.280510638297873,185855625000.0,210932625000.0,17.97443181818182,9.691084836792156,37.85246945010184,44.20923525214082,2.797766445882884,2.797766445882884,10.99867686932944,44.09126776755853,42.95980142566192,50.17426855375832,0.0139086454875928,0.0226197081740194,0.4512419087761553,0.2254071857187974,5.241847826086956,0.9234272946029564,17.793721973094172,1.8994197292069632,0.0071507117419771,0.5141199226305609,0.0,0.0,0.6597611778683471,0.1437881873727087,0.036813014912921,0.8836045056320401,0.0066743143184899,21.160493096454687,0.0233533447615658,0.0571308595044975,-18.227744680851064,-1782000000.0,-20966000000.0,-44723000000.0,105384000000.0,6202000000.0,5609000000.0,6807000000.0,27.500260715403066,56.4390243902439,65.85365853658537,3.2726962457337883,1.5946413137424371,1.3666666666666667,0.0389131416528676,0.2403404255319149,2010-04-29,0.82,bmo,18946939759.0,2025-04-25,2010-03-31,0.0121951219512195,60.79109375,11540814.75
2009-12-31,PG,USD,80424,2010-01-28,2010-01-28 07:26:48,2010,Q2,21027000000.0,9736000000.0,11291000000.0,0.5369762686,0,0.0,0.0,6636000000.0,0.0,6636000000.0,16372000000.0,0.0,224000000.0,758000000.0,5466000000.0,0.2599514909,4655000000.0,0.2213820326,-171000000.0,4484000000.0,0.2132496314,1335000000.0,4659000000.0,0.2215722642,1.58,1.49,2948734177,3118500000,https://www.sec.gov/Archives/edgar/data/80424/000119312510014865/0001193125-10-014865-index.htm,https://www.sec.gov/Archives/edgar/data/80424/000119312510014865/d10q.htm,7.130856407474671,1.5800000001153036,1.1170895042669693,0.8722386778915134,1.40060098743855,23.381897404582496,-7.005039708603072,23.27676754838251,10.280004293516892,178781753151.51,204740753151.51,9.593354429679652,8.502485050245399,54.27497059851549,69.51079049436626,2.604743114522925,2.604743114522925,9.73704062165359,37.45714474048848,62.1556627660929,79.60371428907854,0.0260597064178674,0.0143862556142423,0.4383787170185177,0.2223987937291656,4.749176728869374,0.9191164047981076,20.78125,0.7070186735350934,0.0074727984061538,0.2867568147671174,0.0,0.0,0.6622885145572942,0.2191863995142683,0.0343368050601607,0.9525065963060686,0.0050411375850097,28.76611003256064,0.0273799926551826,0.1019697964543663,-18.27089075042114,-1915000000.0,-20656000000.0,-44585000000.0,107334000000.0,6391500000.0,5507000000.0,6957000000.0,28.009701811956056,50.22288414133114,63.451109285127366,3.2131723716381417,1.7920117798637951,1.4184149184149184,0.0678788408584291,0.2448508263754559,2010-01-28,1.42,bmo,20039154362.0,2025-04-25,2009-12-31,0.0492957746478873,62.035873015873015,14356263.952380951
2009-09-30,PG,USD,80424,2009-10-29,2009-10-29 10:30:53,2010,Q1,19807000000.0,9398000000.0,10409000000.0,0.5255212804,0,0.0,0.0,5961000000.0,0.0,5961000000.0,15359000000.0,0.0,287000000.0,771000000.0,5242000000.0,0.2646539102,4448000000.0,0.2245670722,-264000000.0,4184000000.0,0.2112384511,1157000000.0,3307000000.0,0.1669611753,1.11,1.06,2921100000,3109600000,https://www.sec.gov/Archives/edgar/data/80424/000119312509217067/0001193125-09-217067-index.htm,https://www.sec.gov/Archives/edgar/data/80424/000119312509217067/d10q.htm,6.780664818047995,1.1321077676217863,1.5593440827085687,1.370374174112492,2.1546677621443977,22.945808085995,-7.760775050494677,22.83865667043237,12.215603710930814,169190112000.0,198292112000.0,12.790301784094346,8.541935275407685,37.14382261251372,42.2658286285286,2.536051083730551,2.536051083730551,10.01121381329833,37.82756810377718,43.53284566410538,49.5358760929303,0.0195460595238568,0.0236597751055333,0.5305633000569595,0.2557865602936819,5.551697825257535,0.855025458603613,15.498257839721257,1.3773813123677048,0.0078964425533331,0.4039915331115815,0.0,0.0,0.6481886964250873,0.1211855104281009,0.0278689352249204,0.7159533073929961,0.0049982329479476,24.11961782283213,0.0262342347869645,0.0679278613096705,-19.46381500119817,-4157000000.0,-22670000000.0,-46837000000.0,105131000000.0,6037500000.0,5780500000.0,6965000000.0,28.349068511132423,53.44647797403703,67.51436475845925,3.174707485173906,1.6839276115391506,1.3330496453900709,0.0495698054381389,0.1889699085960768,2009-10-29,0.99,bmo,18498990566.0,2025-04-25,2009-09-30,0.0707070707070707,62.42786885245901,11687219.885245902
2009-06-30,PG,USD,80424,2009-08-14,2009-08-14 16:18:14,2009,Q4,18662000000.0,9267000000.0,9395000000.0,0.5034294288,0,0.0,0.0,5822000000.0,0.0,5822000000.0,15089000000.0,0.0,329000000.0,854000000.0,4467000000.0,0.2393634123,3573000000.0,0.1914585789,-289000000.0,3284000000.0,0.1759725646,813000000.0,2471000000.0,0.132408102,0.85,0.85,2917700000,2921100000,https://www.sec.gov/Archives/edgar/data/80424/000119312509175986/0001193125-09-175986-index.htm,https://www.sec.gov/Archives/edgar/data/80424/000119312509175986/d10k.htm,6.396133941118004,0.8468999554443568,1.7123076395791206,1.342153065770984,1.6386194605339823,21.62628097474038,-8.917640607327689,21.62628097474038,12.78438496075676,149094470000.0,181285470000.0,15.084426345609067,7.989201050262565,29.842768214571656,38.07315372829418,2.362865814038257,2.362865814038257,9.714150144679026,40.583270651443925,36.28612289831865,46.29353166496425,0.0165733846466606,0.026265226336027,0.5859363856796462,0.2742058694829901,7.206402507275577,0.708876735380732,10.860182370820668,2.0218535006070417,0.0089607615896149,0.5406717927964387,0.0,0.0,0.6609509541432735,0.2161729383506805,0.0578716107598328,1.2646370023419204,0.0079305540670882,20.3001026811081,0.0223568341440344,0.0540522804331182,-20.26801933029441,-8996000000.0,-26019000000.0,-49829000000.0,99584000000.0,5790000000.0,5559000000.0,7247500000.0,28.144893366198698,58.077047588216246,66.81774036905146,3.197738176833448,1.5496655518394649,1.3469476744186046,0.0391606840045008,0.3701545738081365,2009-08-05,0.79,bmo,18428725000.0,2025-04-25,2009-06-30,0.0126582278481012,60.2809375,11145400.40625
2009-03-31,PG,USD,80424,2009-05-01,2009-05-01 16:02:53,2009,Q3,17864000000.0,9117000000.0,8747000000.0,0.4896439767,0,0.0,0.0,5194000000.0,0.0,5194000000.0,14311000000.0,0.0,337000000.0,725000000.0,4312000000.0,0.2413793103,3553000000.0,0.1988916256,-303000000.0,3250000000.0,0.1819301388,821000000.0,2613000000.0,0.1462718316,0.88,0.84,2919800000,3104600000,https://www.sec.gov/Archives/edgar/data/80424/000119312509096244/0001193125-09-096244-index.htm,https://www.sec.gov/Archives/edgar/data/80424/000119312509096244/d10q.htm,6.118227275840811,0.8949243098842387,1.466881293239263,1.2144667442975543,1.518597164189328,20.814781834372216,-9.134187273100896,20.814781834372216,13.410165079799986,137493382000.0,171877382000.0,13.154743781094528,7.696673869234214,32.10212047630166,38.77421940214326,2.2623345454545456,2.2623345454545456,9.621438759516346,39.86024628942486,40.13013822087322,48.47077890580936,0.0190045510699562,0.0257903322212264,0.6387165775401069,0.2931983836247592,7.974025974025974,0.6703828931737184,10.543026706231457,1.639112131649445,0.0088367889590496,0.4649827784156142,0.0,0.0,0.6604856678877601,0.1720756479103432,0.0412561576354679,1.016551724137931,0.0081168831168831,20.47247471708348,0.0225168532583313,0.058131256952169,-20.231008973217342,-10821000000.0,-26670000000.0,-49612000000.0,95155000000.0,6350000000.0,5154500000.0,7999000000.0,28.938647559337213,50.72063178677197,75.17275419545904,3.1100278551532035,1.774425846632931,1.197242284963887,0.0429946524064171,0.2524145489417083,2009-04-30,0.8,bmo,17013333333.0,2025-04-25,2009-03-31,0.0499999999999999,54.3434375,12622852.796875
2008-12-31,PG,USD,80424,2009-02-02,2009-02-02 17:05:15,2009,Q2,19763000000.0,9799000000.0,9964000000.0,0.5041744674,0,0.0,0.0,5909000000.0,0.0,5909000000.0,15708000000.0,0.0,354000000.0,693000000.0,4815000000.0,0.2436370996,4055000000.0,0.2051813996,-287000000.0,3768000000.0,0.1906593129,955000000.0,5004000000.0,0.253200425,1.68,1.58,2958800000,3170800000,https://www.sec.gov/Archives/edgar/data/80424/000119312509016473/0001193125-09-016473-index.htm,https://www.sec.gov/Archives/edgar/data/80424/000119312509016473/d10q.htm,6.679397052859267,1.6912261727727458,0.807421927808571,0.5634040827362444,1.910571853454103,21.09368662971475,-9.09321346491821,21.09368662971475,14.231783155333243,182913016000.0,219015016000.0,9.13834012789768,9.255326418053938,76.56467810799498,109.72586442711456,2.9307347305005447,2.9307347305005447,11.082073369427718,45.48598463136033,91.67644035161156,131.38273305338933,0.0273572658164468,0.0091136215259826,0.6690219829519964,0.3019969189154003,7.497819314641744,0.6858996795993646,11.454802259887003,0.4774180655475619,0.0067737115001154,0.2476019184652278,0.0,0.0,0.6459935051315246,0.3022185014650481,0.0365329150432626,1.0418470418470418,0.0049081617163386,28.331420462798945,0.024599468719287,0.1022351162505618,-20.54532242801136,-11666000000.0,-26905000000.0,-50376000000.0,96620000000.0,7033500000.0,5588500000.0,8615000000.0,31.67737691646005,47.49362179814267,76.99459128482498,2.841144335825187,1.89499129762135,1.1689132768698556,0.0801768890597962,0.2440178450723266,2009-01-30,1.58,bmo,19763000000.0,2025-04-25,2008-12-31,0.0,51.01746031746032,13378480.38095238
2008-09-30,PG,USD,80424,2008-10-30,2008-10-30 08:24:31,2009,Q1,20983000000.0,10558000000.0,10425000000.0,0.4968307678,0,0.0,0.0,6039000000.0,0.0,6039000000.0,16597000000.0,0.0,339000000.0,810000000.0,5476000000.0,0.2609731688,4386000000.0,0.2090263547,-59000000.0,4327000000.0,0.2062145546,1212000000.0,3348000000.0,0.1595577372,1.1,1.03,3012400000,3239500000,https://www.sec.gov/Archives/edgar/data/80424/000119312508219742/0001193125-08-219742-index.htm,https://www.sec.gov/Archives/edgar/data/80424/000119312508219742/d10q.htm,6.965542424644801,1.1114061877572698,1.0792059487451866,0.847165051122029,1.4944894436329836,21.432080732970388,-8.85539768954986,21.432080732970388,13.207409374585048,209934156000.0,244879156000.0,15.676086917562724,10.00496382786065,64.57525561365733,82.26260031347962,3.25166748242,3.25166748242,11.670359624457896,44.71861869978086,75.324255921255,95.95578213166144,0.0159478574796566,0.0121561924396904,0.6109940832068399,0.2804043247393001,6.381482834185537,0.6555529405611777,12.938053097345133,0.9710274790919952,0.0059733014574341,0.3745519713261648,0.0,0.0,0.6485545106234761,0.215010765918179,0.0333126816947052,0.8629629629629629,0.0060048610780155,23.150471069085715,0.0255504539680381,0.0677170769199652,-20.53454056566193,-13172000000.0,-26676000000.0,-51048000000.0,97790000000.0,6936000000.0,6390500000.0,8631500000.0,30.50040508983463,51.19719643871946,75.41485129759424,2.950780480945015,1.757908757908758,1.1933988922798688,0.051857129580868,0.2320408976231576,2008-10-29,0.98,bmo,19964407766.0,2025-04-25,2008-09-30,0.0510204081632653,52.05426229508197,16367475.786885248
2008-06-30,PG,USD,80424,2008-10-03,2008-10-03 17:28:16,2008,Q4,21266000000.0,10808000000.0,10458000000.0,0.4917709019,0,0.0,0.0,6618000000.0,0.0,6618000000.0,17426000000.0,0.0,0.0,896000000.0,4736000000.0,0.222702906,3840000000.0,0.1805699238,-288000000.0,3552000000.0,0.1670271795,536000000.0,3016000000.0,0.1418226277,1.0,1.0,3012400000,3012400000,https://www.sec.gov/Archives/edgar/data/80424/000095015208007680/0000950152-08-007680-index.htm,https://www.sec.gov/Archives/edgar/data/80424/000095015208007680/l32996be10vkza.htm,7.059487451865622,1.0011950604169433,1.3597131854999336,0.963351480547072,1.175474704554508,23.069313504182716,-8.135041827114593,23.069313504182716,12.171358385340591,183184044000.0,216536044000.0,15.18435377984085,8.613939810025393,44.72266699218751,63.1233783597519,2.6359692059746163,2.6359692059746163,10.182264835888272,45.72129307432432,52.8652451171875,74.61614197105445,0.0164643160732929,0.015841991128878,0.5275995049932368,0.2546322017889882,7.04222972972973,0.7918793203695329,0.0,1.3580901856763925,0.0069329182404118,0.4210875331564986,0.0,0.0,0.6528140452247347,0.29150390625,0.0561459606884228,1.3325892857142858,0.0005642810119439,22.79648791746102,0.025853094249358,0.0603296527444391,-20.474787544814767,-6443000000.0,-24506000000.0,-49983000000.0,108197000000.0,6847500000.0,6155000000.0,8421500000.0,28.613279413147747,56.41654330125832,70.08142116950407,3.145392693388552,1.5952767527675278,1.2842205323193916,0.043399430166633,0.3963617049528615,2008-08-05,0.78,bmo,18029869565.0,2025-04-25,2008-06-30,0.1794871794871795,62.53046875,24705438.984375
2008-03-31,PG,USD,80424,2008-05-01,2008-05-01 16:22:04,2008,Q3,20026000000.0,9679000000.0,10347000000.0,0.5166783182,0,0.0,0.0,6334000000.0,0.0,6334000000.0,16013000000.0,0.0,364000000.0,767000000.0,4790000000.0,0.2391890542,4013000000.0,0.2003894937,-354000000.0,3659000000.0,0.1827124738,1009000000.0,2710000000.0,0.1353240787,0.87,0.82,3067900000,3301200000,https://www.sec.gov/Archives/edgar/data/80424/000095015208003318/0000950152-08-003318-index.htm,https://www.sec.gov/Archives/edgar/data/80424/000095015208003318/l31232ae10vq.htm,6.527592164020992,0.8833403957104208,1.2464552299618632,1.199191629453372,1.329248019818117,22.68294272955442,-7.940936797157665,22.68294272955442,12.165976726751198,214967753000.0,248190753000.0,19.83097352398524,10.734432887246578,56.2154165794979,58.43102826855123,3.089105361479544,3.089105361479544,12.39342619594527,51.8143534446764,64.9034395920502,67.46147132372927,0.0126065419681806,0.0171141947973936,0.531118423888833,0.2541865823045975,6.935908141962422,0.8234014649905639,11.024725274725276,1.411070110701107,1.628151176702303e-06,0.0001291512915129,0.0,0.0,0.6461332141260617,0.1746861924686192,0.0333566363727154,0.8709256844850065,0.0,21.232689211414836,0.0228078500577328,0.0526684028452598,-20.314873366146223,-5521000000.0,-24362000000.0,-50074000000.0,108764000000.0,7311000000.0,5182000000.0,8058500000.0,31.162488764606017,51.46709370802769,78.35830147742536,2.88808768387655,1.7486901535682025,1.1485700723863772,0.0389429363836238,0.217738518204635,2008-04-30,0.81,bmo,19781780487.0,2025-04-25,2008-03-31,0.0123456790123455,67.944375,15071951.8125
2007-12-31,PG,USD,80424,2008-02-01,2008-02-01 16:55:23,2008,Q2,21038000000.0,10028000000.0,11010000000.0,0.5233387204,0,0.0,0.0,6420000000.0,0.0,6420000000.0,16448000000.0,0.0,0.0,751000000.0,5341000000.0,0.2538739424,4590000000.0,0.2181766328,-1396000000.0,3194000000.0,0.1518205153,1200000000.0,3270000000.0,0.155433026,1.04,0.98,3102884615,3341500000,https://www.sec.gov/Archives/edgar/data/80424/000008042408000035/0000080424-08-000035-index.htm,https://www.sec.gov/Archives/edgar/data/80424/000008042408000035/ond2007.htm,6.780142548097942,1.0538580726438005,1.33456461125932,1.127015804292162,1.9481871709883096,21.99340564263941,-7.780179734462991,21.99340564263941,11.955649211274327,227813788433.3,259561788433.3,17.41695630224006,10.82868088379599,55.01419667551316,65.14549283194167,3.3382733530662487,3.3382733530662487,12.33775969356878,48.5979757411159,62.680943838034295,74.22413166522735,0.0143538282844429,0.0153502561194791,0.5436015415500491,0.2569026530287186,5.944205205017787,0.8564439785253661,0.0,1.266360856269113,0.0049558018755767,0.3452599388379205,0.0,0.0,0.6397739627841913,0.1555179908234726,0.030611274836011,0.8575233022636485,0.0,22.83644853807325,0.0226539168289682,0.062864063671492,-19.498630309203424,-4519000000.0,-24141000000.0,-49198000000.0,107753000000.0,7560000000.0,5029500000.0,7679000000.0,32.88905789523719,43.339648982848026,69.01675309134424,2.7364724245577525,2.076620418306068,1.3040312093628088,0.0479170024764444,0.2075488069671582,2008-01-31,0.97,bmo,20823326530.0,2025-04-25,2007-12-31,0.0103092783505154,66.50390625,12426696.6875
2007-09-30,PG,USD,80424,2007-10-31,2007-10-31 14:22:27,2008,Q1,20199000000.0,9519000000.0,10680000000.0,0.5287390465,0,0.0,0.0,6262000000.0,0.0,6262000000.0,15781000000.0,0.0,0.0,752000000.0,5170000000.0,0.255953265,4418000000.0,0.2187236992,-166000000.0,4252000000.0,0.2105054706,1173000000.0,3079000000.0,0.1524332888,0.97,0.92,3117600000,3354200000,https://www.sec.gov/Archives/edgar/data/80424/000095015207008417/0000950152-07-008417-index.htm,https://www.sec.gov/Archives/edgar/data/80424/000095015207008417/l28511ae10vq.htm,6.479022324865281,0.9876186810366948,1.036053374390557,0.8628432127277393,1.602835514498332,21.67019502181165,-7.70111624326405,21.67019502181165,11.473569412368487,221069016000.0,252213016000.0,17.94974147450471,10.94455250259914,68.44241981424148,82.1817903345725,3.272236356369987,3.272236356369987,12.486411010446062,48.78394893617021,78.08452507739938,93.75948550185872,0.0139277771969636,0.0121681457160871,0.5294631359256353,0.2524293769362681,6.023984526112185,0.8156377534495044,0.0,1.0490418967197142,0.0051477136895565,0.3696005196492368,0.0,0.0,0.6461966225132848,0.1671826625386996,0.0267339967325115,0.7180851063829787,0.0,21.944076924494123,0.02571150594589,0.0614141817093846,-19.161855273287145,-5692000000.0,-24009000000.0,-48962000000.0,105688000000.0,7030500000.0,5470000000.0,7243500000.0,33.11451061933759,49.44847147809644,72.49921210211156,2.7178417653390743,1.820076481835564,1.2413928012519562,0.0455749789073254,0.1732101616628175,2007-10-30,0.89,bmo,19153380434.0,2025-04-25,2007-09-30,0.0337078651685393,67.63901639344263,13244906.672131147
2007-06-30,PG,USD,80424,2007-08-28,2007-08-28 16:38:03,2007,Q4,19272000000.0,9476000000.0,9796000000.0,0.5083022001,0,0.0,0.0,6395000000.0,0.0,6395000000.0,15871000000.0,0.0,0.0,763000000.0,4164000000.0,0.2160647572,3401000000.0,0.1764736405,-193000000.0,3208000000.0,0.1664591117,940000000.0,2268000000.0,0.1176836862,0.73,0.73,3117600000,3117600000,https://www.sec.gov/Archives/edgar/data/80424/000095015207007152/0000950152-07-007152-index.htm,https://www.sec.gov/Archives/edgar/data/80424/000095015207007152/l27490ae10vk.htm,6.181678214010778,0.7274826789838337,1.1489607390300232,0.844559917885553,1.7821401077752117,21.413908134462407,-7.511547344110855,21.413908134462407,11.359379009494482,190765944000.0,220825944000.0,21.027992063492064,9.898606475716065,53.25682412060301,72.45193467527535,2.8574886758538045,2.8574886758538045,11.458382316313823,53.03216714697406,61.64878391959799,83.86856969236612,0.0118889145119109,0.0138022539285104,0.5304673457159976,0.2565971568101787,7.219020172910663,0.7823355145359248,0.0,1.5793650793650793,0.0059759094107489,0.5026455026455027,0.0,0.0,0.6533974814149289,0.2649357900614182,0.0492424242424242,1.2437745740498034,0.0,18.721927338988888,0.020148552246788,0.0474119909691445,-18.384895432383885,-6686000000.0,-23418000000.0,-47223000000.0,103032000000.0,6693000000.0,5040500000.0,6955000000.0,30.957347447073477,54.23174335162516,64.7646686365555,2.907225825916428,1.6595446584938705,1.389646575744244,0.0339724385859796,0.3044008211444701,2007-08-03,0.66,bmo,18984358208.0,2025-04-25,2007-06-30,0.0151515151515151,72.10015625,10625069.015625
2007-03-31,PG,USD,80424,2007-05-02,2007-05-02 10:00:52,2007,Q3,18694000000.0,9057000000.0,9637000000.0,0.5155129988,0,0.0,0.0,5991000000.0,0.0,5991000000.0,15048000000.0,0.0,0.0,878000000.0,4524000000.0,0.2420027816,3646000000.0,0.1950358404,-110000000.0,3536000000.0,0.1891515994,1024000000.0,2512000000.0,0.1343746657,0.78,0.74,3156000000,3397300000,https://www.sec.gov/Archives/edgar/data/80424/000008042407000078/0000080424-07-000078-index.htm,https://www.sec.gov/Archives/edgar/data/80424/000008042407000078/qjfm2007.htm,5.923320659062104,0.7959442332065906,1.4100126742712291,1.170152091254753,1.3403041825095057,21.06020278833967,-7.435994930291508,21.06020278833967,10.590937896070976,199332960000.0,228763960000.0,19.838073248407643,10.66293784101851,44.79392359550562,53.97588952071487,2.9990214545782807,2.9990214545782807,12.237293249170856,50.56674624226349,51.40763146067416,61.94529109125372,0.0126020302914279,0.0185267905518485,0.5028886949718653,0.2463244776889347,6.50552608311229,0.7345816758837036,0.0,1.7714968152866242,0.0051371333672063,0.4076433121019108,0.0,0.0,0.6627657614503114,0.1701123595505618,0.0404942762383652,0.8621867881548975,0.0,19.42065412362975,0.0221489695437062,0.0548939052905312,-17.8662072243346,-8207000000.0,-23468000000.0,-46515000000.0,100905000000.0,7140000000.0,4430500000.0,6987000000.0,32.53075853214936,43.43491222259026,70.46372971182511,2.76661240195353,2.0720658888126287,1.2772528557326188,0.0377937592152378,0.2398605830164765,2007-05-01,0.74,bmo,18694000000.0,2025-04-25,2007-03-31,0.0,64.89492063492064,12387980.825396825
2006-12-31,PG,USD,80424,2007-01-31,2007-01-31 16:20:45,2007,Q2,19725000000.0,9287000000.0,10438000000.0,0.5291761724,0,0.0,0.0,6088000000.0,0.0,6088000000.0,15375000000.0,0.0,0.0,705000000.0,5055000000.0,0.2562737643,4350000000.0,0.2205323194,-260000000.0,4090000000.0,0.2073510773,1228000000.0,2862000000.0,0.145095057,0.89,0.84,3161700000,3406500000,https://www.sec.gov/Archives/edgar/data/80424/000008042407000010/0000080424-07-000010-index.htm,https://www.sec.gov/Archives/edgar/data/80424/000008042407000010/qond2006.htm,6.238732327545308,0.905209222886422,0.7748995793402284,0.5633045513489578,1.7421007685738683,20.67368820571212,-7.7303349463896,20.67368820571212,11.444159787456115,203202459000.0,234398459000.0,17.75004009433962,10.301772319391636,82.93977918367347,114.0945867490174,3.108782494951349,3.108782494951349,11.883318580481625,46.36962591493571,95.67284040816328,131.61058899494665,0.0140844752277333,0.0087646577150919,0.5535615935377272,0.2635324107793154,6.17131552917903,0.7889371764555506,0.0,0.8560447239692522,0.0050294666955777,0.3570929419986023,0.0,0.0,0.6540786598689002,0.2730612244897959,0.0339163498098859,0.948936170212766,0.0,20.519875676645785,0.0256787760173263,0.0602589746289083,-18.13715722554322,-6605000000.0,-24441000000.0,-47247000000.0,102296000000.0,7081500000.0,4498500000.0,6836500000.0,34.3254752851711,43.51243673952837,66.70291805749973,2.621959324737472,2.0683741648106904,1.3492663082958012,0.0437855700385533,0.2115950279912705,2007-01-30,0.83,bmo,19490178571.0,2025-04-25,2006-12-31,0.0120481927710843,62.7531746031746,11903693.698412698
2006-09-30,PG,USD,80424,2006-11-01,2006-11-01 16:40:30,2007,Q1,18785000000.0,8865000000.0,9920000000.0,0.5280809156,0,0.0,0.0,5866000000.0,0.0,5866000000.0,14731000000.0,0.0,0.0,784000000.0,4838000000.0,0.2575459143,4054000000.0,0.2158104871,-178000000.0,3876000000.0,0.2063348416,1178000000.0,2698000000.0,0.1436252329,0.84,0.79,3211900000,3413300000,https://www.sec.gov/Archives/edgar/data/80424/000008042406000184/0000080424-06-000184-index.htm,https://www.sec.gov/Archives/edgar/data/80424/000008042406000184/qjas2006.htm,5.8485631557645,0.8400012453687848,0.9193935054017872,0.7419284535633114,2.4153927581805164,19.867679566611663,-7.932376474983655,19.867679566611663,11.741648245586724,199073562000.0,230068562000.0,18.44640122312824,10.597474687250466,67.41400677277345,83.53905245488879,3.1196396032156457,3.1196396032156457,12.247461378759647,47.554477470028935,77.91011242803928,96.54576668065464,0.0135527790475763,0.0119704493959876,0.5909924310093555,0.2751789505943129,6.4065729640347255,1.2387566779990289,0.0,1.0945144551519643,0.0051388039161121,0.3791697553743514,0.0,0.0,0.6515260965056294,0.19302404334575,0.0303433590630822,0.7270408163265306,0.0084109661964333,19.37781464761157,0.0238245764767133,0.0564931529796055,-17.778573430056976,4916000000.0,-25478000000.0,-47730000000.0,112945000000.0,6182500000.0,4708500000.0,6540500000.0,31.81261644929465,45.756345177664976,68.93401015228426,2.829066265060241,1.9669403150654536,1.3055964653902798,0.0422797862504505,0.1774650518384756,2006-10-31,0.78,bmo,18547215189.0,2025-04-25,2006-09-30,0.0128205128205128,63.947704918032784,8730500.704918033
2006-06-30,PG,USD,80424,2006-08-29,2006-08-29 15:05:51,2006,Q4,17842000000.0,8894000000.0,8948000000.0,0.5015132833,0,0.0,0.0,5999000000.0,0.0,5999000000.0,14893000000.0,0.0,0.0,736000000.0,3685000000.0,0.2065351418,2949000000.0,0.165284161,-238000000.0,2711000000.0,0.1519448492,813000000.0,1898000000.0,0.1063782087,0.59,0.59,3209400000,3211900000,https://www.sec.gov/Archives/edgar/data/80424/000095015206007291/0000950152-06-007291-index.htm,https://www.sec.gov/Archives/edgar/data/80424/000095015206007291/l21828ae10vk.htm,5.55929457219418,0.5913877983423693,0.9939552564342244,0.6820589518290023,2.438462017822646,19.60117155854677,-8.138281298685113,19.60117155854677,11.872624166510874,178442640000.0,209853640000.0,23.504035827186517,10.001268916040802,55.93813166144201,81.51788031064413,2.83656514274814,2.83656514274814,11.761777827597802,56.94807055630936,65.78484012539185,95.8673549566012,0.010636471193208,0.0122672473350539,0.6057099256056463,0.2808062198312391,8.524016282225238,1.2173630222667,0.0,1.6807165437302425,0.0059290761445806,0.5574288724973656,0.0,0.0,0.6560816537086849,0.3137931034482759,0.0561035758323057,1.360054347826087,-0.0224190113216007,16.149848547003497,0.0175208874653758,0.0406702665638124,-17.922898361064373,4344000000.0,-26119000000.0,-48458000000.0,112141000000.0,5564500000.0,4486500000.0,6511500000.0,28.878488958636925,49.68518102091297,63.659770631886666,3.1165065502183404,1.8114052953156825,1.4137656970274997,0.0301710434284987,0.3118963046052221,2006-08-02,0.54,bmo,17511592592.0,2025-04-25,2006-06-30,0.0185185185185185,63.36777777777778,6665512.873015873
2006-03-31,PG,USD,80424,2006-05-04,2006-05-04 16:46:41,2006,Q3,17250000000.0,8340000000.0,8910000000.0,0.5165217391,0,0.0,0.0,5559000000.0,0.0,5559000000.0,13899000000.0,0.0,0.0,733000000.0,4084000000.0,0.2367536232,3351000000.0,0.1942608696,-222000000.0,3129000000.0,0.1813913043,918000000.0,2211000000.0,0.128173913,0.67,0.63,3269600000,3510500000,https://www.sec.gov/Archives/edgar/data/80424/000008042406000067/0000080424-06-000067-index.htm,https://www.sec.gov/Archives/edgar/data/80424/000008042406000067/jfm06q.txt,5.275874724736971,0.6762295081967213,1.0518106190359675,0.8569855639833619,3.119341815512601,19.88744800587228,-6.983423048690971,19.88744800587228,11.54667237582579,188427048000.0,217505048000.0,21.305636363636363,10.923307130434782,54.7912323349811,67.24734047109207,2.897807701771653,2.897807701771653,12.608988289855072,53.257847208619,63.24659726664728,77.62492790863669,0.0117339841783224,0.0148704765570598,0.5806010088582677,0.277143192729515,7.119980411361411,1.3278950256947564,0.0,1.5554047942107645,0.0050629673930889,0.4314789687924016,0.0,0.0,0.644954559469102,0.1852282640302413,0.036927536231884,0.869031377899045,0.0,17.39513672400205,0.0197296081200039,0.0457148764602501,-16.387325666748225,6572000000.0,-22833000000.0,-44583000000.0,112902000000.0,5730000000.0,3983500000.0,6584500000.0,28.194782608695657,43.84532374100719,72.64748201438849,3.192079940784604,2.0526704405611618,1.2388591800356503,0.0340028297244094,0.1948250550526058,2006-05-03,0.61,bmo,16684426229.0,2025-04-25,2006-03-31,0.0327868852459016,59.446507936507935,7433848.174603174
2005-12-31,PG,USD,80424,2006-01-30,2006-01-30 16:13:25,2006,Q2,18337000000.0,8732000000.0,9605000000.0,0.52380433,0,0.0,0.0,5713000000.0,0.0,5713000000.0,14445000000.0,0.0,0.0,710000000.0,4602000000.0,0.2509679882,3892000000.0,0.2122484594,-231000000.0,3661000000.0,0.1996509789,1115000000.0,2546000000.0,0.1388449583,0.76,0.72,3307700000,3547000000,https://www.sec.gov/Archives/edgar/data/80424/000008042406000004/0000080424-06-000004-index.htm,https://www.sec.gov/Archives/edgar/data/80424/000008042406000004/ond05q.txt,5.543731293648154,0.7697191401880461,0.778486561659159,0.5886265380778184,2.9664117060192883,20.0786044683617,-6.675030988300027,20.0786044683617,10.884300269069142,191449676000.0,219635676000.0,18.79906480754124,10.44062147570486,74.34938873786407,98.33059887005648,2.8826704610473697,2.8826704610473697,11.977732235371109,47.72613559322034,85.2954081553398,112.80722958397534,0.013298533866414,0.0101697743275366,0.5420845002559701,0.2637084132960255,6.124728378965667,1.28871007071446,0.0,1.011390416339356,0.0050352657687443,0.3786331500392773,0.0,0.0,0.6481958951670793,0.243883495145631,0.0342476959153623,0.8845070422535212,0.0,18.647652366187348,0.0224385183130405,0.0530096400091611,-15.88278864467757,5920000000.0,-22079000000.0,-43683000000.0,112638000000.0,5373000000.0,3663500000.0,5799000000.0,29.723509843485846,40.23820430600092,66.34562528630325,3.027906208718626,2.2366803278688523,1.356532546217182,0.0383352907519498,0.1898600235813405,2006-01-27,0.69,bmo,17539739130.0,2025-04-25,2005-12-31,0.0434782608695652,55.79412698412699,10554304.857142856
2005-09-30,PG,USD,80424,2005-11-02,2005-11-02 15:42:56,2006,Q1,14793000000.0,7159000000.0,7634000000.0,0.5160548908,0,0.0,0.0,4577000000.0,0.0,4577000000.0,11736000000.0,0.0,0.0,448000000.0,3505000000.0,0.2369363888,3057000000.0,0.2066517948,-145000000.0,2912000000.0,0.1968498614,883000000.0,2029000000.0,0.1371594673,0.82,0.77,2474400000,2649700000,https://www.sec.gov/Archives/edgar/data/80424/000008042405000224/0000080424-05-000224-index.htm,https://www.sec.gov/Archives/edgar/data/80424/000008042405000224/jas05cv.txt,5.978419010669253,0.8199967668929842,0.8773844164241836,0.7153249272550921,3.256951180084061,5.873343032654381,-3.918121564823795,5.873343032654381,12.041302942127384,147127824000.0,170612824000.0,18.12812025628388,9.945773271141755,67.7696103178259,83.12306440677966,10.123706323539531,10.123706323539531,11.533348475630364,48.67698259629101,78.58720589590051,96.39142598870056,0.0137907293456606,0.0120303553187872,2.050161700956444,0.4812942202694407,6.700427960057062,0.9767265127766696,0.0,1.0699852143913258,0.0049412815348917,0.358304583538689,0.0,0.0,0.3913675572642393,0.1847075080608014,0.0271074156695734,0.8950892857142857,0.0,10.40974311386576,0.0429433264815868,0.0538510536652688,-13.423860329776916,-490000000.0,-9695000000.0,-26809000000.0,37994000000.0,4437500000.0,3612500000.0,5083500000.0,28.533765970391403,43.03254644503422,64.88196675513339,3.154157782515992,2.091440257084429,1.387134276303042,0.1396132938828872,0.1620594891690915,2005-11-01,0.76,bmo,14598355263.0,2025-04-25,2005-09-30,0.0131578947368421,59.475,8629861.709677419
2005-06-30,PG,USD,80424,2005-08-29,2005-08-29 15:27:31,2005,Q4,14258000000.0,7289000000.0,6969000000.0,0.4887782298,0,0.0,0.0,4670000000.0,0.0,4670000000.0,11959000000.0,0.0,0.0,481000000.0,2780000000.0,0.1949782578,2299000000.0,0.1612428111,-182000000.0,2117000000.0,0.1484780474,620000000.0,1497000000.0,0.1049936878,0.62,0.62,2433000000,2433000000,https://www.sec.gov/Archives/edgar/data/80424/000095015205007351/0000950152-05-007351-index.htm,https://www.sec.gov/Archives/edgar/data/80424/000095015205007351/l15436ae10vk.htm,5.860254829428689,0.6152897657213316,0.8623099054665022,0.5355528154541718,3.342786683107275,7.183312782572955,-2.748047677764077,7.59350595972051,9.999177969584874,128340750000.0,146279750000.0,21.43299098196393,9.001315051199327,61.17290276453766,98.49635456638526,6.9467253044654935,6.9467253044654935,10.259485902651145,52.61861510791367,69.72342707340324,112.26381427475056,0.0116642609615418,0.0101526600086098,1.31680649526387,0.3954036439286817,6.452877697841727,0.8118934462238907,0.0,1.4014696058784235,0.0057113582396861,0.4896459585838343,0.0,0.0,0.3927218944528418,0.378932316491897,0.0557581708514518,1.6528066528066527,0.0,10.25303107947105,0.0339188833017678,0.0400653035006958,-12.443588162762024,-4710000000.0,-6686000000.0,-23721000000.0,33785000000.0,4290500000.0,3604500000.0,5138000000.0,26.41674849207463,46.9447112086706,61.81094800384139,3.4069295101553165,1.9171488690163072,1.4560527367159408,0.0810284167794316,0.3267570900123304,2005-08-01,0.55,bmo,13998763636.0,2025-04-25,2005-06-30,0.0181818181818181,56.87396825396825,8749232.07936508
2005-03-31,PG,USD,80424,2005-05-09,2005-05-09 13:45:53,2005,Q3,14287000000.0,7055000000.0,7232000000.0,0.5061944425,0,0.0,0.0,4690000000.0,0.0,4690000000.0,11745000000.0,0.0,0.0,475000000.0,3017000000.0,0.2111709946,2542000000.0,0.1779239868,-162000000.0,2380000000.0,0.1665850073,766000000.0,1614000000.0,0.1129698327,0.63,0.59,2511000000,2730300000,https://www.sec.gov/Archives/edgar/data/80424/000095015205004141/0000950152-05-004141-index.htm,https://www.sec.gov/Archives/edgar/data/80424/000095015205004141/l13755ae10vq.txt,5.689765033851056,0.6427718040621266,1.053365193150139,0.8641975308641975,3.495818399044205,7.4591796097172445,-2.457984866587017,7.4591796097172445,9.61847869374751,133083000000.0,150163000000.0,20.61384758364312,9.31497165255127,50.31493383742912,61.32857142857143,7.10533902829685,7.10533902829685,10.510464058234758,49.77229035465695,56.77240075614367,69.19953917050691,0.0121277698879646,0.0163056137898905,1.2894821142552055,0.3829031644365527,5.661252900232019,0.8526577679488192,0.0,1.6387856257744733,0.0049818534298144,0.4107806691449814,0.0,0.0,0.3947935823451075,0.1795841209829867,0.0332470077693007,1.0,0.0,10.386403734095412,0.0352023790933567,0.0422800859223555,-11.802469135802468,-3731000000.0,-6172000000.0,-22755000000.0,35452000000.0,4542500000.0,3335500000.0,5223000000.0,27.692307692307693,43.462792345854,67.22891566265059,3.25,2.070736718520693,1.3387096774193548,0.0861719167111585,0.1891676622859418,2005-04-28,0.61,bmo,13833444444.0,2025-04-25,2005-03-31,0.0327868852459016,55.10828125,8663967.59375
2004-12-31,PG,USD,80424,2005-01-31,2005-01-31 16:24:35,2005,Q2,14452000000.0,6871000000.0,7581000000.0,0.5245640742,0,0.0,0.0,4511000000.0,0.0,4511000000.0,11382000000.0,0.0,0.0,448000000.0,3518000000.0,0.2434265154,3070000000.0,0.2124273457,-145000000.0,2925000000.0,0.2023941323,886000000.0,2039000000.0,0.1410877387,0.77,0.72,2752100000,2870400000,https://www.sec.gov/Archives/edgar/data/80424/000008042405000005/0000080424-05-000005-index.htm,https://www.sec.gov/Archives/edgar/data/80424/000008042405000005/ond04q.txt,5.251262672141274,0.740888775843901,0.7488826714145561,0.5679299444060899,2.968642127829657,7.225028160313942,-1.970131899276916,7.225028160313942,8.446640747065876,151585668000.0,167155668000.0,18.58578567925453,10.488905895377805,73.54957205240174,96.98379270633396,7.62349969824985,7.62349969824985,11.566265430390258,47.51440250142126,81.10415720524017,106.94540499040308,0.0134511397212037,0.0103110011693189,1.1690806678736674,0.3687968016245716,4.425810119386015,0.8783834665104798,0.0,1.0107896027464442,0.0042880043250526,0.3187837175085826,0.0,0.0,0.4014786140373144,0.2416302765647743,0.0344588984223636,1.1116071428571428,0.0,10.974570654722031,0.0436839892320602,0.054047606425277,-10.49135205842811,-2907000000.0,-5422000000.0,-22152000000.0,36901000000.0,4587000000.0,3328000000.0,4946500000.0,29.200802657071684,42.753602095764805,67.79799155872507,3.082107059074429,2.1050857843137254,1.3274729520865534,0.1025447596057131,0.1809527270084662,2005-01-27,0.72,bmo,14050555555.0,2025-04-25,2004-12-31,0.0277777777777778,54.70546875,6518656.53125
2004-09-30,PG,USD,80424,2004-10-28,2004-10-28 17:09:38,2005,Q1,13744000000.0,6623000000.0,7121000000.0,0.5181169965,0,0.0,0.0,4332000000.0,0.0,4332000000.0,10955000000.0,0.0,0.0,480000000.0,3269000000.0,0.2378492433,2789000000.0,0.2029249127,1000000.0,2790000000.0,0.2029976717,848000000.0,1942000000.0,0.141298021,0.75,0.7,2540700000,2766100000,https://www.sec.gov/Archives/edgar/data/80424/000008042404000195/0000080424-04-000195-index.htm,https://www.sec.gov/Archives/edgar/data/80424/000008042404000195/jjas04.txt,5.409532805919628,0.764356279765419,0.7549100641555477,0.5923564372023458,2.644153186129807,7.2259613492344625,-2.3816271106388003,7.2259613492344625,8.435470539615066,137502684000.0,152672684000.0,17.701169412976313,10.004560826542493,71.6906590198123,91.36390963455148,7.489660874775315,7.489660874775315,11.108315192083818,46.70317650657694,79.59993952033368,101.4436438538206,0.0141233606756359,0.0109452408943522,1.1673838444359714,0.3620086819924666,4.640562863260936,0.8545338325267099,0.0,0.9585207396301848,0.0049817209386254,0.3527291452111225,0.0,0.0,0.4123101869837677,0.2153284671532846,0.0300494761350407,0.8604166666666667,0.0,11.147744212582433,0.0431381703624801,0.0558158250222746,-11.179497776203409,-3186000000.0,-6051000000.0,-22128000000.0,35208000000.0,4273500000.0,3504500000.0,4558500000.0,29.3691792782305,46.09391514419447,64.09935074739543,3.0644370122630997,1.9525353773584904,1.4040703837184652,0.105779181872651,0.1625536269532018,2004-10-27,0.72,bmo,13553111111.0,2025-04-25,2004-09-30,0.0138888888888889,53.80540983606558,8505948.06557377
2004-06-30,PG,USD,80424,2004-09-09,2004-09-09 14:52:23,2004,Q4,12962000000.0,6479000000.0,6483000000.0,0.5001542972,0,0.0,0.0,4344000000.0,0.0,4344000000.0,10823000000.0,0.0,0.0,454000000.0,2593000000.0,0.2000462892,2139000000.0,0.1650208301,-159000000.0,1980000000.0,0.1527542046,606000000.0,1374000000.0,0.1060021602,0.54,0.54,2540700000,2540700000,https://www.sec.gov/Archives/edgar/data/80424/000095015204006777/0000950152-04-006777-index.htm,https://www.sec.gov/Archives/edgar/data/80424/000095015204006777/l09389ae10vk.htm,5.101743613964655,0.5407958436651317,0.9536741842799228,0.6809147085448892,2.319045932223403,6.800488054473177,-2.606368323690321,6.800488054473177,8.202857480221986,138315708000.0,153687708000.0,25.166613537117904,10.670861595432804,57.084485348741225,79.95127630057803,8.005307790253502,8.005307790253502,11.85678969294862,59.27023062090243,63.42868675196038,88.83682543352602,0.0099337958057518,0.0125076177175769,1.2062159972219006,0.3653239377366428,5.928268414963363,0.7727908971869779,0.0,1.7634643377001455,0.0134836456897578,1.3573508005822417,0.0,0.0,0.4189454494460805,0.2860090796533223,0.0534639716093195,1.526431718061674,0.0,9.09657642643391,0.0343691850429833,0.0414504645830819,-11.269138426417916,-5032000000.0,-6622000000.0,-22655000000.0,32976000000.0,4077500000.0,3332500000.0,4510500000.0,28.203980867150133,50.24386479394968,61.12054329371816,3.191038897095027,1.791263478020459,1.4725,0.0795230929505729,0.2727594757350337,2004-08-02,0.48,bmo,12421916666.0,2025-04-25,2004-06-30,0.0416666666666667,54.14078125,5434980.046875
2004-03-31,PG,USD,80424,2004-04-30,2004-04-30 13:59:03,2004,Q3,13029000000.0,6394000000.0,6635000000.0,0.5092485993,0,0.0,0.0,4332000000.0,0.0,4332000000.0,10726000000.0,0.0,0.0,422000000.0,2725000000.0,0.2091488219,2303000000.0,0.1767595364,-97000000.0,2206000000.0,0.1693146059,678000000.0,1528000000.0,0.117276844,0.58,0.55,2578400000,2790100000,https://www.sec.gov/Archives/edgar/data/80424/000008042404000075/0000080424-04-000075-index.htm,https://www.sec.gov/Archives/edgar/data/80424/000008042404000075/jfm04.txt,5.053133726341917,0.5926155755507291,1.154979832454235,0.9529165373875272,2.230065156686317,7.094322060192368,-0.857120695004654,7.094322060192368,7.1416382252559725,135211296000.0,148260296000.0,22.122267015706807,10.37771862767672,45.40339019476159,55.0310525030525,7.391826809534222,7.391826809534222,11.379253664901372,54.4074480733945,49.78519006044325,60.34200081400081,0.0113008309601588,0.0181715586839726,1.0066695823310736,0.3418355981287592,4.788623853211009,1.010632673441814,0.0,1.948952879581152,0.0045854157037293,0.4057591623036649,0.0,0.0,0.3805970149253731,0.1749496306245802,0.0399877197022027,1.2345971563981042,0.0,9.725977040584176,0.0380622207108311,0.0457951207816339,-9.48097657461992,181000000.0,-2210000000.0,-18372000000.0,34753000000.0,4270000000.0,2935000000.0,4621000000.0,28.27308312226572,42.90272130121989,65.04379105411323,3.183239677498168,2.097769028871391,1.3836831854576932,0.0835337852613164,0.202063295066708,2004-04-30,0.54,bmo,12787722222.0,2025-04-25,2004-03-31,0.0185185185185185,54.68421875,4917595.515625
2003-12-31,PG,USD,80424,2004-02-03,2004-02-03 16:00:41,2004,Q2,13221000000.0,6324000000.0,6897000000.0,0.5216700703,0,0.0,0.0,4155000000.0,0.0,4155000000.0,10479000000.0,0.0,0.0,450000000.0,3192000000.0,0.2414340821,2742000000.0,0.2073973224,-120000000.0,2622000000.0,0.1983208532,804000000.0,1818000000.0,0.1375085092,0.69,0.65,2591100000,2800900000,https://www.sec.gov/Archives/edgar/data/80424/000008042404000025/0000080424-04-000025-index.htm,https://www.sec.gov/Archives/edgar/data/80424/000008042404000025/ond0310q.txt,5.102466134074332,0.7016325112886419,0.908880398286442,0.7367527305005596,2.043147697888928,7.167612211030065,-0.8251321832426383,7.167612211030065,7.147929450812397,129399534000.0,142977534000.0,17.794215346534653,9.787424098025868,54.94672356687898,67.78393609219486,6.9674528322205465,6.9674528322205465,10.814426594054911,44.79246052631579,60.71232866242038,74.89656050288109,0.0140495096373376,0.0147527579195146,0.9972539306482876,0.3438602354164345,4.253759398496241,0.974896348043392,0.0,1.2953795379537951,0.004806817928726,0.3421342134213421,0.0,0.0,0.3845011325238572,0.189384288747346,0.0337342107253611,0.9911111111111112,0.0,10.637347860264963,0.0451163659546091,0.0548383204633204,-9.397649646868125,-442000000.0,-2138000000.0,-18125000000.0,34311000000.0,4290500000.0,2889500000.0,4578500000.0,30.272294077603817,40.16129032258064,65.76375711574953,2.973015516078255,2.240963855421686,1.3685349491452066,0.097889295713978,0.1721276677858824,2004-01-28,0.64,bmo,13014421875.0,2025-04-25,2003-12-31,0.015625,53.73806451612904,6278095.225806451
2003-09-30,PG,USD,80424,2003-10-28,2003-10-28 13:51:51,2004,Q1,12195000000.0,5879000000.0,6316000000.0,0.5179171792,0,0.0,0.0,3673000000.0,0.0,3673000000.0,9552000000.0,0.0,0.0,407000000.0,3050000000.0,0.250102501,2643000000.0,0.2167281673,-101000000.0,2542000000.0,0.2084460845,781000000.0,1761000000.0,0.144403444,0.67,0.63,2593300000,2797700000,https://www.sec.gov/Archives/edgar/data/80424/000008042403000167/0000080424-03-000167-index.htm,https://www.sec.gov/Archives/edgar/data/80424/000008042403000167/jas0310q.txt,4.70250260286122,0.6790575714340801,0.6192881656576563,0.4789264643504415,1.6885821154513554,6.698415146724251,-0.7392125862800293,6.698415146724251,6.662939112327922,120355052999.99998,133585052999.99998,17.086180153321976,9.86921303813038,74.94087982565378,96.90422946859904,6.928504576593172,6.928504576593172,10.954083886838868,43.79837803278688,83.17873785803236,107.5564033816425,0.0146317080679612,0.0103194670189709,0.9947038167060044,0.3421855196451204,4.337704918032787,0.9322507732571972,0.0,0.9119818285065304,0.0051763510087108,0.3537762634866553,0.0,0.0,0.3819708491761723,0.2266500622665006,0.0298482984829848,0.8943488943488943,0.0,10.11650701797889,0.0469840626663735,0.056427839015637,-9.014576022828058,-1139000000.0,-1917000000.0,-17452000000.0,31803000000.0,3586000000.0,2876000000.0,4088000000.0,30.50922509225092,45.26790270454159,69.44038101717979,2.9499274310595065,1.988163679404802,1.2960758377425043,0.1013758563122445,0.1403617013072147,2003-10-27,0.63,bmo,12195000000.0,2025-04-25,2003-09-30,0.0,50.97516129032258,6845270.935483871
2003-06-30,PG,USD,80424,2003-09-11,2003-09-11 14:50:41,2003,Q4,10920000000.0,5768000000.0,5152000000.0,0.4717948718,0,0.0,0.0,3683000000.0,0.0,3683000000.0,9451000000.0,0.0,0.0,472000000.0,1941000000.0,0.1777472527,1469000000.0,0.1345238095,-112000000.0,1357000000.0,0.1242673993,402000000.0,955000000.0,0.0874542125,0.37,0.37,2598496241,2598496241,https://www.sec.gov/Archives/edgar/data/80424/000095015203008195/0000950152-03-008195-index.htm,https://www.sec.gov/Archives/edgar/data/80424/000095015203008195/l02788ae10vk.htm,4.202430554911086,0.367520254573268,0.7546672452546372,0.5564756943591053,2.3906134255593097,6.228987267563263,1.03098090261967,6.228987267563263,5.251883679750145,115866947386.19,123601947386.19,30.331661619421467,10.610526317416667,59.08564374614483,80.1292858825657,7.158467032385395,7.158467032385395,11.31885965075,63.67951951890263,63.03005986037226,85.47852516334025,0.0082422124820199,0.0124798316743463,0.8431360434943779,0.3122454582894797,3.985059247810407,1.231590872309435,0.0,2.0534031413612563,0.004798607476443,0.5821989528795811,0.0,0.0,0.3090422367638311,0.2626211116777154,0.0471611721611721,1.0911016949152543,0.0,7.176961557089543,0.0308419131419687,0.031623563694162,-6.622868922595451,2862000000.0,2679000000.0,-12300000000.0,29473000000.0,2999000000.0,2429500000.0,3701500000.0,25.03846153846154,43.61130374479889,56.79611650485437,3.5944700460829493,2.063685152057245,1.5846153846153843,0.0590016063264549,0.1981915508955319,2003-07-31,0.43,bmo,10920000000.0,2025-04-25,2003-06-30,0.0,48.3325,5818356.34375
2003-03-31,PG,USD,80424,2003-04-29,2003-04-29 15:21:32,2003,Q3,10656000000.0,5394000000.0,5262000000.0,0.4938063063,0,0.0,0.0,3305000000.0,0.0,3305000000.0,8699000000.0,0.0,0.0,387000000.0,2344000000.0,0.21996997,1957000000.0,0.1836524024,-101000000.0,1856000000.0,0.1741741742,583000000.0,1273000000.0,0.1194632132,0.48,0.46,2791600000,2791600000,https://www.sec.gov/Archives/edgar/data/80424/000008042403000021/0000080424-03-000021-index.htm,https://www.sec.gov/Archives/edgar/data/80424/000008042403000021/jfm10q03.txt,3.817165783063476,0.456010889812294,0.864378850838229,0.7386445049434016,2.0866169938386587,5.561326837655825,0.7379280699240579,5.561326837655825,5.0605387591345465,124309948000.0,132923948000.0,24.412794186959932,11.66572334834835,51.51676253626192,60.28610475266731,8.007081996779387,8.007081996779387,12.47409421921922,56.70816894197952,55.08659262329051,64.46360232783705,0.010240531996683,0.0165875702884213,0.909951690821256,0.3309748611859522,3.6749146757679183,1.173154906731549,0.0,1.8955223880597016,0.004512913158004,0.4406912804399057,0.0,0.0,0.315465173488274,0.145462080397845,0.0329391891891891,0.9069767441860463,0.0,7.55384511324991,0.0404945921407564,0.0435690327880073,-6.172625017910876,2135000000.0,2060000000.0,-12693000000.0,28678000000.0,3100000000.0,2042500000.0,3686500000.0,25.0,34.43826473859844,62.78642936596218,3.6,2.613372093023256,1.4334307733191602,0.0819967793880837,0.1257343458948273,2003-04-28,0.48,bmo,10656000000.0,2025-04-25,2003-03-31,0.0,44.76453125,6656347.0625
2002-12-31,PG,USD,80424,2003-01-29,2003-01-29 16:20:36,2003,Q2,11005000000.0,5490000000.0,5515000000.0,0.5011358473,0,0.0,0.0,3267000000.0,0.0,3267000000.0,8757000000.0,0.0,0.0,434000000.0,2682000000.0,0.2437074057,2248000000.0,0.204270786,-69000000.0,2179000000.0,0.1980009087,685000000.0,1494000000.0,0.1357564743,0.56,0.53,2594000000,2805200000,https://www.sec.gov/Archives/edgar/data/80424/000008042403000004/0000080424-03-000004-index.htm,https://www.sec.gov/Archives/edgar/data/80424/000008042403000004/qond02.txt,4.24248265227448,0.5759444872783346,0.8928296067848882,0.7636854279105628,2.0524286815728603,5.719352351580571,0.535851966075559,5.719352351580571,5.792212798766384,111464180000.0,121383180000.0,18.65197121820616,10.128503407542029,48.12788428324698,56.26662291771832,7.513088433540037,7.513088433540037,11.029820990458882,45.258456375838925,52.41069948186529,61.27369005552751,0.0134034090593049,0.01777252566699,1.0127392828255597,0.3540125347533104,3.698359433258762,1.1171376840116507,0.0,1.5502008032128514,0.0050599214922677,0.3775100401606425,0.0,0.0,0.31680882145045,0.1446459412780656,0.0304407087687414,0.771889400921659,0.0,8.609045405742858,0.0463830531830869,0.0515243481859566,-6.957208943716268,1488000000.0,1390000000.0,-13415000000.0,28059000000.0,3175000000.0,2018000000.0,3584500000.0,26.497046796910496,33.131147540983605,59.18032786885246,3.396604938271605,2.7164769915883227,1.520775623268698,0.1007009975734699,0.1291441788743253,2003-01-28,0.56,bmo,11005000000.0,2025-04-25,2002-12-31,0.0,45.12555555555555,6681200.0
2002-09-30,PG,USD,80424,2002-10-31,2002-10-31 14:41:28,2003,Q1,10796000000.0,5489000000.0,5307000000.0,0.4915709522,0,0.0,0.0,3128000000.0,0.0,3128000000.0,8617000000.0,0.0,0.0,410000000.0,2589000000.0,0.2398110411,2179000000.0,0.2018340126,-41000000.0,2138000000.0,0.1980363097,674000000.0,1464000000.0,0.1356057799,0.55,0.52,2600000000,2814600000,https://www.sec.gov/Archives/edgar/data/80424/000008042402000168/0000080424-02-000168-index.htm,https://www.sec.gov/Archives/edgar/data/80424/000008042402000168/jas0210q.txt,4.1523076923076925,0.563076923076923,0.7730769230769231,0.665,1.880384615384615,5.476538461538461,0.3246153846153846,5.476538461538461,5.946923076923077,116194000000.0,126953000000.0,19.84187158469945,10.762689885142644,57.80796019900497,67.203007518797,8.160264063487604,8.160264063487604,11.759262689885142,49.035534955581305,63.16069651741294,73.42567958357432,0.0125996178804413,0.014880286417543,1.0858908631224102,0.3694623655913978,4.155658555426806,1.037640578379619,0.0,1.3729508196721312,0.0048625574470282,0.3859289617486339,0.0,0.0,0.3200716845878136,0.1398009950248756,0.0260281585772508,0.6853658536585366,0.0,8.329677639968956,0.0452445520133302,0.0514496573537163,-7.157692307692308,492000000.0,844000000.0,-14048000000.0,26936000000.0,3100000000.0,2110000000.0,3507500000.0,25.926268988514263,33.03880488249226,58.35489160138459,3.4713826366559486,2.7240694789081887,1.542287159314414,0.1028162090034412,0.108076923076923,2002-10-29,0.55,bmo,9987410714.0,2025-04-25,2002-09-30,0.0181818181818181,42.4172131147541,7501977.606557377
2002-06-30,PG,USD,80424,2002-09-12,2002-09-12 17:14:59,2002,Q4,10169000000.0,5469000000.0,4700000000.0,0.4621890058,0,0.0,0.0,3302000000.0,0.0,3302000000.0,8771000000.0,0.0,0.0,505000000.0,1903000000.0,0.1871373783,1398000000.0,0.1374766447,-104000000.0,1294000000.0,0.1272494837,384000000.0,910000000.0,0.0894876586,0.35,0.35,2603636364,2603636364,https://www.sec.gov/Archives/edgar/data/80424/000095015202006968/0000950152-02-006968-index.htm,https://www.sec.gov/Archives/edgar/data/80424/000095015202006968/l96166ae10vk.htm,3.9056913402366353,0.3495111731355431,0.8876047484793849,0.7128491619116133,1.391515362934146,5.264175976918411,0.1060055865773735,5.264175976918411,5.735055865120803,117215709107.28,128720709107.28,32.20211788661538,11.526768522694464,50.72077417017741,63.15501568280173,8.552145710439225,8.552145710439225,12.658148206045826,67.64094015096164,55.699138514617054,69.35383033797414,0.0077634645298876,0.0158340551290895,1.08944987596673,0.3661958014518344,6.045717288491855,0.9576511335012594,0.0,2.5395604395604394,0.0044703905644627,0.5758241758241758,0.0,0.0,0.3293604080831862,0.1968844655993076,0.0447438292850821,0.900990099009901,0.0,6.434087909634566,0.0309133590529137,0.0332772617567468,-7.451693434713451,-538000000.0,276000000.0,-14904000000.0,26241000000.0,3101500000.0,5671000000.0,3614000000.0,27.347821811387547,36.28634119583105,56.87328579264948,3.290938511326861,2.480272108843537,1.5824652777777777,0.0663942798774259,0.1747555865677715,2002-08-05,0.37,bmo,9901394736.0,2025-04-25,2002-06-30,0.027027027027027,43.8603125,8204897.1875
2002-03-31,PG,USD,80424,2002-05-02,2002-05-02 15:27:24,2002,Q3,9900000000.0,5070000000.0,4830000000.0,0.4878787879,0,0.0,0.0,3176000000.0,0.0,3176000000.0,8246000000.0,0.0,0.0,404000000.0,2058000000.0,0.2078787879,1654000000.0,0.1670707071,-106000000.0,1548000000.0,0.1563636364,509000000.0,1039000000.0,0.1049494949,0.39,0.37,2811400000,2811400000,https://www.sec.gov/Archives/edgar/data/80424/000008042402000020/0000080424-02-000020-index.htm,https://www.sec.gov/Archives/edgar/data/80424/000008042402000020/jfm02.txt,3.5213772497687983,0.3695667638898769,0.8017357899978659,0.603969552536103,1.2559578857508715,4.762395959308529,-0.0021341680301629,4.762395959308529,5.618908728747243,125557123999.99998,138293124000.0,30.211050048123195,12.682537777777776,55.70413664596273,73.94412485276796,9.377632683546194,9.377632683546194,13.969002424242424,67.1978250728863,61.35453593611358,81.44471378091873,0.0082751178658727,0.0135237248664599,1.1798491298827396,0.3871054695157812,6.188532555879495,0.83172504957039,0.0,2.1693936477382096,0.0041733991931831,0.5043310875842156,0.0,0.0,0.3282444618702215,0.2466725820763088,0.0561616161616161,1.376237623762376,0.0,6.29289467721233,0.0350524452916561,0.0379017254587239,-6.995536031870243,-2546000000.0,-6000000.0,-14835000000.0,24082000000.0,3332000000.0,9122000000.0,3755000000.0,28.3,162.19526627218934,66.9585798816568,3.180212014134276,0.5548867243077596,1.3441145281018028,0.0776010157592053,0.1977662374617628,2002-04-30,0.41,bmo,9658536585.0,2025-04-25,2002-03-31,0.024390243902439,44.158125,9220038.0
2001-12-31,PG,USD,80424,2002-02-05,2002-02-05 00:00:00,2002,Q2,10403000000.0,5339000000.0,5064000000.0,0.4867826588,0,0.0,0.0,3200000000.0,0.0,3200000000.0,8539000000.0,0.0,0.0,402000000.0,2266000000.0,0.2178217822,1864000000.0,0.179179083,50000000.0,1914000000.0,0.1839853888,615000000.0,1299000000.0,0.1248678266,0.49,0.47,2803000000,2803000000,https://www.sec.gov/Archives/edgar/data/80424/000008042402000004/0000080424-02-000004-index.htm,https://www.sec.gov/Archives/edgar/data/80424/000008042402000004/ond02a.txt,3.7113806635747415,0.4634320371031038,0.6592936139850161,0.5465572600784874,1.2115590438815556,4.666072065643953,-0.0574384587941491,4.666072065643953,5.939707456296825,110073810000.00002,123529810000.00002,21.184336027713627,10.580967990002886,59.563750000000006,71.8497454308094,8.416072329688815,8.416072329688815,11.874441026626936,54.51447925860547,66.8451352813853,80.63303524804178,0.0118011723224625,0.0139179337936971,1.2729566480617784,0.4024219278739244,5.938217122683142,0.8286704473850032,0.0,1.4226327944572748,0.00474227248062,0.4018475750577367,0.0,0.0,0.3200232040993909,0.170995670995671,0.0303758531192925,0.7860696517412935,0.0,6.975253677082537,0.0392086109010073,0.046175174178871,-7.265340706386015,-2719000000.0,-161000000.0,-15142000000.0,23746000000.0,3302500000.0,8529500000.0,3731000000.0,30.720945880995863,153.517512642817,63.0117999625398,2.929597296536187,0.5862523333699352,1.4283039058319955,0.0993195198409664,0.1127363539065287,2002-01-31,0.51,bmo,10403000000.0,2025-04-25,2001-12-31,0.0,45.24484375,7200422.15625
2001-09-30,PG,USD,80424,2001-10-30,2001-10-30 00:00:00,2002,Q1,9766000000.0,5111000000.0,4655000000.0,0.4766536965,0,0.0,0.0,2893000000.0,0.0,2893000000.0,8004000000.0,0.0,0.0,382000000.0,2144000000.0,0.2195371698,1762000000.0,0.1804218718,-135000000.0,1627000000.0,0.1665984026,523000000.0,1104000000.0,0.1130452591,0.42,0.4,2583132530,2801600000,https://www.sec.gov/Archives/edgar/data/80424/000008042401500074/0000080424-01-500074-index.htm,https://www.sec.gov/Archives/edgar/data/80424/000008042401500074/jas02.txt,3.7806809703255913,0.4273880597214267,0.5144916045016088,0.378222947778835,1.2016417911008228,4.814696828582775,1.5709608209687949,4.814696828582775,4.8952192166462325,92811951802.9,102563951802.9,21.017199230729165,9.503578927186156,69.8359306267118,94.99688004390993,7.462567484353139,7.462567484353139,10.502145382234282,47.83766408717351,77.17377863273137,104.9784562977482,0.0118950197528924,0.0105266615023332,1.0167242904237357,0.3550869113476173,4.548507462686567,1.14133129887469,0.0,1.203804347826087,0.0056565990672722,0.4755434782608695,0.0,0.0,0.2352924658111257,0.2648607975921745,0.0360434159328281,0.9214659685863874,0.0,6.804354381834123,0.0432265873484731,0.0405405405405405,-6.162091884615769,1482000000.0,4058000000.0,-11206000000.0,23070000000.0,2992500000.0,5013500000.0,3554000000.0,28.14458324800328,140.02739189982393,65.57620817843866,3.197773411918795,0.6427313883299799,1.3724489795918366,0.0887673876336737,0.1362686567227737,2001-10-30,0.47,bmo,9562541666.0,2025-04-25,2001-09-30,0.0212765957446808,41.306333333333335,6751214.433333334
2001-06-30,PG,USD,80424,2001-09-12,2001-09-12 00:00:00,2001,Q4,9582000000.0,6203000000.0,3379000000.0,0.3526403674,0,0.0,0.0,3435000000.0,0.0,3435000000.0,9638000000.0,0.0,0.0,838000000.0,782000000.0,0.0816113546,-56000000.0,-0.0058442914,-137000000.0,-193000000.0,-0.0201419328,127000000.0,-320000000.0,-0.0333959507,-0.12,-0.12,2583132530,2583132530,https://www.sec.gov/Archives/edgar/data/80424/000095015201504449/0000950152-01-504449-index.htm,https://www.sec.gov/Archives/edgar/data/80424/000095015201504449/l90238ae10-k.htm,3.709449627038687,-0.1238805970207033,0.7754151119764653,0.5566884328617858,0.9747854478066598,4.649393656933274,1.43624067170878,4.649393656933274,4.65520055991862,81781975899.8,91500975899.8,-63.89216867171875,8.534958870778544,40.82974333489765,56.872027746731575,6.809490083247294,6.809490083247294,9.549256512189524,117.00892058797956,45.68196500239641,63.63072037538248,-0.0039128426096242,0.0175833364769989,1.001248959200666,0.3496961060866025,12.42838874680307,1.1059313426772293,0.0,-6.259375,0.0059181744470566,-1.5125,0.0,0.0,0.2413702852822287,0.2820768846729905,0.0589647255270298,0.6742243436754176,0.0,,-0.0034679069594622,-0.0122666462222562,-6.181932136482367,1043000000.0,3710000000.0,-11488000000.0,22438000000.0,2958000000.0,4342500000.0,3458000000.0,27.52974326862868,30.10640012896985,49.09882315008866,3.269191402251791,2.989397590361446,1.8330378250591013,-0.0266444629475437,0.2187266791146794,2001-08-07,0.29,bmo,9262600000.0,2025-04-25,2001-06-30,0.0344827586206896,37.74203125,6170835.28125
2001-03-31,PG,USD,80424,2001-05-09,2001-05-09 00:00:00,2001,Q3,9511000000.0,5175000000.0,4336000000.0,0.4558931763,0,0.0,0.0,3034000000.0,0.0,3034000000.0,8209000000.0,0.0,0.0,457000000.0,1759000000.0,0.1849437493,1302000000.0,0.1368941226,23000000.0,1325000000.0,0.1393123751,432000000.0,893000000.0,0.0938912838,0.33,0.32,2596800000,2809800000,https://www.sec.gov/Archives/edgar/data/80424/000008042401500008/0000080424-01-500008-index.htm,https://www.sec.gov/Archives/edgar/data/80424/000008042401500008/bodyjfm01.txt,3.66258471965496,0.3438847812692545,0.5914972273567468,0.3334873690696242,1.0948089956869993,4.995378927911276,1.7044054220579177,4.995378927911276,5.128234750462108,80682576000.0,91318576000.0,22.587507278835385,8.483080222899801,52.52771875,93.16694688221708,6.219748381128585,6.219748381128585,9.60136431500368,51.91505173393974,59.45219791666667,105.44870207852192,0.0110680650553348,0.0107334203112206,1.0265957446808511,0.3715680803571428,6.046617396247868,1.159593544530783,0.0,1.7200447928331466,0.0060112111442748,0.5431131019036954,0.0,0.0,0.2384486607142857,0.4361979166666667,0.0704447481863106,1.4660831509846828,0.0,6.21701558423258,0.0300204881260529,0.032717813438851,-6.169227510782502,1602000000.0,4426000000.0,-11228000000.0,23750000000.0,3312000000.0,6695000000.0,3527500000.0,28.24624119440648,114.95652173913044,61.426086956521736,3.186264656616415,0.7829046898638427,1.465175537938845,0.0688405797101449,0.2580098582871226,2001-05-01,0.35,bmo,9246805555.0,2025-04-25,2001-03-31,0.0285714285714286,35.44881355932203,7147008.745762712
2000-12-31,PG,USD,80424,2001-02-01,2001-02-01 00:00:00,2001,Q2,10182000000.0,5417000000.0,4765000000.0,0.4679827146,0,0.0,0.0,3054000000.0,0.0,3054000000.0,8471000000.0,0.0,0.0,473000000.0,2184000000.0,0.2144961697,1711000000.0,0.1680416421,70000000.0,1781000000.0,0.1749165193,587000000.0,1194000000.0,0.1172657631,0.45,0.42,2822000000,2822000000,https://www.sec.gov/Archives/edgar/data/80424/000008042401000004/0000080424-01-000004-index.htm,https://www.sec.gov/Archives/edgar/data/80424/000008042401000004/0000080424-01-000004-0001.txt,3.608079376328845,0.4231041814316088,0.4195605953224663,0.1984408221119773,1.260099220411056,4.612331679659816,1.59851169383416,4.612331679659816,5.081502480510276,109860460000.0,120793460000.0,23.002608877721944,10.78967393439403,92.78755067567567,196.1793928571429,8.440416410571604,8.440416410571604,11.863431545865252,55.30836080586081,102.02150337837838,215.70260714285715,0.0108683324282457,0.0050973753432308,1.101720958819914,0.3894093686354379,5.005952380952381,1.1643005696717603,0.0,0.9916247906197656,0.0044237936014467,0.4070351758793969,0.0,0.0,0.2309572301425662,0.527027027027027,0.0612846199175014,1.3192389006342495,0.0,6.626362384129374,0.0381784426112095,0.0421610169491525,-5.585489014883062,1817000000.0,4511000000.0,-10933000000.0,23916000000.0,3507500000.0,6858000000.0,3557500000.0,32.16558632881556,112.6453756691896,58.53239800627654,2.7980214344600163,0.7989675516224188,1.5376099914845305,0.0917332513829133,0.221119773210489,2001-01-30,0.46,bmo,9960652173.0,2025-04-25,2000-12-31,0.0217391304347825,31.15936507936508,6707280.952380952
2000-09-30,PG,USD,80424,2000-11-02,2000-11-02 00:00:00,2001,Q1,9969000000.0,5307000000.0,4662000000.0,0.4676497141,0,0.0,0.0,2883000000.0,0.0,2883000000.0,8190000000.0,0.0,0.0,503000000.0,2282000000.0,0.2289096198,1779000000.0,0.1784532049,-76000000.0,1703000000.0,0.1708295717,548000000.0,1155000000.0,0.1158591634,0.43,0.41,2613953488,2821600000,https://www.sec.gov/Archives/edgar/data/80424/000008042400000053/0000080424-00-000053-index.htm,https://www.sec.gov/Archives/edgar/data/80424/000008042400000053/0000080424-00-000053-0001.txt,3.813763345738614,0.4418594306678803,0.4135498221229252,0.1736832740460759,0.8316903915774648,4.862366548734856,1.5574110322501653,4.862366548734856,4.843620997130764,86913953476.0,97573953476.0,18.812544042424243,8.718422457217374,80.40143707308049,191.4404261585903,6.838233947757671,6.838233947757671,9.787737333333334,42.75808653637161,90.26267666604996,214.9206023700441,0.0132890054336204,0.0052235571141676,0.9961447678992918,0.3605787030444565,4.671340929009641,1.1445256957139955,0.0,0.935930735930736,0.0056147486161097,0.4225108225108225,0.0,0.0,0.2460342323356022,0.580018501387604,0.0628949744207041,1.246520874751491,0.0,6.952758919001645,0.0428201843180276,0.04362771020624,-6.083122776666636,1423000000.0,4071000000.0,-11134000000.0,23731000000.0,3143000000.0,4572500000.0,3541000000.0,30.478483298224493,117.62577727529678,60.915771622385535,2.952902843601896,0.7651384083044983,1.4774498886414251,0.0908733280881195,0.2398665480768493,2000-10-31,0.5,bmo,11328409090.0,2025-04-25,2000-09-30,-0.12,34.92693548387096,7195747.096774193
2000-06-30,PG,USD,80424,2000-09-13,2000-09-13 00:00:00,2000,Q4,9661000000.0,5418000000.0,4243000000.0,0.4391884898,0,0.0,0.0,3298000000.0,0.0,3298000000.0,8716000000.0,0.0,0.0,603000000.0,1548000000.0,0.1602318601,945000000.0,0.0978159611,-60000000.0,885000000.0,0.0916054239,369000000.0,516000000.0,0.05341062,0.2,0.2,2611734000,2613953488,https://www.sec.gov/Archives/edgar/data/80424/000008042400000040/0000080424-00-000040-index.htm,https://www.sec.gov/Archives/edgar/data/80424/000008042400000040/0000080424-00-000040-0001.txt,3.699075020656774,0.1975698903487108,0.6750304586914287,0.3181794164336797,0.6126198150347624,4.704537292082578,1.3404887327729391,4.704537292082578,4.642892423194705,74199362940.0,84910362940.0,35.94930375,7.680298410102474,42.08698975609756,89.28924541516245,6.038851057214943,6.038851057214943,8.788982811303178,54.85165564599483,48.162429347702776,102.17853542719617,0.0069542376046712,0.0111995570726392,0.986896720110686,0.3546236181786278,6.919250645994832,1.0004930480228775,0.0,3.4166666666666665,0.0060108332784561,0.8643410852713178,0.0,0.0,0.2569456629818096,0.5286443562110039,0.0964703446848152,1.5456053067993367,0.0,4.573093660872141,0.0201530011282903,0.020308564231738,-6.271503912726181,5000000.0,3501000000.0,-11761000000.0,22483000000.0,2946500000.0,4368000000.0,3645000000.0,27.108994928061275,36.69435215946844,57.9734219269103,3.319931271477663,2.4526935264825718,1.5524355300859598,0.041995605111093,0.356851042257749,2000-08-01,0.27,bmo,9315964285.0,2025-04-25,2000-06-30,0.037037037037037,36.1552380952381,7394799.142857143
2000-03-31,PG,USD,80424,2000-04-28,2000-04-28 00:00:00,2000,Q3,9783000000.0,5327000000.0,4456000000.0,0.4554840029,0,0.0,0.0,3136000000.0,0.0,3136000000.0,8463000000.0,0.0,0.0,507000000.0,1827000000.0,0.1867525299,1320000000.0,0.1349279362,-129000000.0,1191000000.0,0.121741797,438000000.0,753000000.0,0.0769702545,0.28,0.26,2628000000,2853400000,https://www.sec.gov/Archives/edgar/data/80424/000008042400000009/0000080424-00-000009-index.html,https://www.sec.gov/Archives/edgar/data/80424/000008042400000009/0000080424-00-000009.txt,3.7226027397260273,0.2865296803652968,0.5353881278538812,0.2941400304414003,0.8207762557077626,4.691019786910198,1.301750380517504,4.691019786910198,5.121765601217656,73689120000.0,85185120000.0,24.46517928286853,7.532364305427783,52.37321961620469,95.32874514877102,5.977378325762492,5.977378325762492,8.707463968107943,46.62568144499179,60.543795309168445,110.20067270375162,0.0102186048632416,0.0104900153509771,1.0918234912394549,0.3818548043916139,6.292282430213465,1.059190031152648,0.0,1.8685258964143423,0.0061067359740488,0.5976095617529881,0.0,0.0,0.2526880195182842,0.4506041222459133,0.0648062966370234,1.2504930966469427,0.0,5.499328959331301,0.0290564443268108,0.0285855288133019,-6.326769406392694,627000000.0,3421000000.0,-11701000000.0,23137000000.0,3279500000.0,6694500000.0,3779500000.0,27.442502299908003,110.27407546461424,64.2012389712784,3.279584311096212,0.8161483070323272,1.401842105263158,0.061080467229072,0.2412480974124809,2000-04-25,0.32,bmo,9783000000.0,2025-04-25,2000-03-31,0.0,29.896349206349207,7855927.428571428
1999-12-31,PG,USD,80424,2000-01-27,2000-01-27 00:00:00,2000,Q2,10588000000.0,5563000000.0,5025000000.0,0.4745938799,0,0.0,0.0,3183000000.0,0.0,3183000000.0,8746000000.0,0.0,0.0,563000000.0,2405000000.0,0.2271439365,1842000000.0,0.1739705327,-127000000.0,1715000000.0,0.1619758217,589000000.0,1126000000.0,0.1063468077,0.42,0.39,2643373494,2812820513,https://www.sec.gov/Archives/edgar/data/80424/000008042400000003/0000080424-00-000003-index.html,https://www.sec.gov/Archives/edgar/data/80424/000008042400000003/0000080424-00-000003.txt,4.005487693673605,0.4259708295312127,0.0597721057423904,-0.2307657247016338,0.8602643573303531,4.804845031861396,1.394430264344627,4.804845031861396,5.100300820372833,143720216868.78,155158216868.78,31.909462004613676,13.573877679333208,909.621625751772,-235.60691289963933,11.315661512383276,11.315661512383276,14.654157241101249,64.51485108888981,982.0140308150632,-254.3577325717705,0.0078346667193528,-0.0042443576365943,1.061491221163688,0.3744895975111802,4.755925155925156,1.0371961171720645,0.0,0.1403197158081705,0.0031171675757282,0.3978685612788632,0.0,0.0,0.2504097108413655,4.860759493670886,0.0725349452210049,1.3641207815275311,0.0,6.786109786895274,0.0415039325432927,0.0417253390647002,-6.228593892377132,433000000.0,3686000000.0,-11226000000.0,22837000000.0,3398500000.0,7310500000.0,3704000000.0,30.39667548167737,111.01563904368146,60.814308826172926,2.960850111856823,0.8106965899154766,1.4799148709763237,0.0886544366585308,0.2905378304440242,2000-01-25,0.44,bmo,10588000000.0,2025-04-25,1999-12-31,0.0,30.72968253968254,10236176.222222222
1999-09-30,PG,USD,80424,1999-11-05,1999-11-05 00:00:00,2000,Q1,9919000000.0,5206000000.0,4713000000.0,0.4751487045,0,0.0,0.0,2866000000.0,0.0,2866000000.0,8072000000.0,0.0,0.0,518000000.0,2365000000.0,0.2384312935,1847000000.0,0.1862082871,-102000000.0,1745000000.0,0.1759249924,598000000.0,1147000000.0,0.1156366569,0.43,0.4,2633000000,2870400000,https://www.sec.gov/Archives/edgar/data/80424/000008042499000033/0000080424-99-000033-index.html,https://www.sec.gov/Archives/edgar/data/80424/000008042499000033/0000080424-99-000033.txt,3.767185719711356,0.4356247626281808,0.51158374477782,0.2518040258260539,0.9384732244587922,4.691226737561717,1.3349791112799088,4.691226737561717,4.606152677554121,122513490000.0,132518490000.0,26.703027462946817,12.35139530194576,90.95285077951004,184.7865610859729,9.91851441062176,9.91851441062176,13.360065530799476,56.03318816067653,98.38046770601336,199.8770588235294,0.0093622343139518,0.0054116489539233,0.9818652849740932,0.3433359755407089,4.230443974630021,0.93301775147929,0.0,1.1743679163034002,0.0036893896337456,0.3940714908456844,0.0,0.0,0.2501698561884271,0.5077951002227171,0.0689585643714084,1.3204633204633205,0.0,6.780953252653288,0.0440429991730928,0.0433042624683807,-6.175750094948728,-849000000.0,3515000000.0,-11146000000.0,21267000000.0,3080500000.0,5029500000.0,3493500000.0,29.225728400040328,134.13561275451403,63.08298117556665,3.0794784228500465,0.6709627529320789,1.4266922444505343,0.0928594559585492,0.259779718951766,1999-10-28,0.44,bmo,9919000000.0,2025-04-25,1999-09-30,0.0,43.14380952380952,14064428.825396825
1999-06-30,PG,USD,80424,1999-09-15,1999-09-15 00:00:00,1999,Q4,9450000000.0,5705000000.0,3745000000.0,0.3962962963,0,0.0,0.0,2868000000.0,0.0,2868000000.0,8573000000.0,0.0,0.0,892000000.0,1769000000.0,0.1871957672,877000000.0,0.0928042328,-87000000.0,790000000.0,0.0835978836,376000000.0,414000000.0,0.0438095238,0.16,0.16,2633000000,2633000000,https://www.sec.gov/Archives/edgar/data/80424/000008042499000027/0000080424-99-000027-index.html,https://www.sec.gov/Archives/edgar/data/80424/000008042499000027/0000080424-99-000027.txt,3.589061906570452,0.1572350930497531,0.7280668439042917,0.3885301936954045,1.0634257500949489,4.579567033801747,1.988606152677554,4.579567033801747,3.562856057728826,116615570000.0,123702570000.0,70.42003019323671,12.340271957671956,60.83232655190402,113.9937145650049,9.671219936971305,9.671219936971305,13.090219047619048,69.92796495195026,64.52924882629108,120.92137829912024,0.0035501262824509,0.0087724134950418,0.7779897163708741,0.2921246847071279,4.006218202374223,1.055478115416783,0.0,4.630434782608695,0.0032928707547371,0.927536231884058,0.0,0.0,0.2124373306760502,0.4663536776212832,0.0946031746031746,1.0022421524663676,0.0,4.025114233840636,0.0187573424644229,0.0163694594915187,-5.08203570072161,597000000.0,5236000000.0,-8697000000.0,20045000000.0,2881000000.0,4671500000.0,3387000000.0,28.0,36.28396143733567,52.65907099035933,3.2142857142857144,2.480434782608695,1.7091072498502098,0.0343340520816055,0.3395366502088872,1999-07-29,0.27,bmo,9100000000.0,2025-04-25,1999-06-30,0.037037037037037,52.4453125,4094744.21875
1999-03-31,PG,USD,80424,1999-04-23,1999-04-23 00:00:00,1999,Q3,9231000000.0,4944000000.0,4287000000.0,0.4644133897,0,0.0,0.0,2622000000.0,0.0,2622000000.0,7566000000.0,0.0,0.0,415000000.0,2080000000.0,0.2253277001,1665000000.0,0.1803704907,-115000000.0,1550000000.0,0.1679124689,510000000.0,1040000000.0,0.1126638501,0.38,0.36,2658800000,2896600000,https://www.sec.gov/Archives/edgar/data/80424/000008042499000004/0000080424-99-000004-index.html,https://www.sec.gov/Archives/edgar/data/80424/0000080424-99-000004.txt,3.471867007672634,0.3911539040168497,0.6175718369189108,0.3151797803520385,1.161050097788476,4.861215585978637,2.2419888671581165,4.861215585978637,3.567398826538288,129217680000.0,136447680000.0,31.06194230769231,13.998232044198897,78.69529841656517,154.19770883054892,9.997499419729207,9.997499419729207,14.781462463438414,65.59984615384616,83.09846528623629,162.8253937947494,0.0080484342390298,0.0064851806656798,0.7338491295938104,0.2885346637057768,3.4759615384615383,1.1609876543209876,0.0,1.5788461538461538,0.0033122402445238,0.4115384615384615,0.0,0.0,0.2118455875642624,0.489646772228989,0.0870978225544361,1.9373493975903613,0.0,6.540900376192087,0.0432505338878273,0.0401404917210235,-4.899390702572589,1630000000.0,5961000000.0,-8193000000.0,21538000000.0,3053000000.0,7207000000.0,3431500000.0,27.513812154696133,128.20995145631068,62.54854368932038,3.2710843373493974,0.7019735907993753,1.438882421420256,0.0804642166344294,0.3023920565668723,1999-04-22,0.35,bmo,8439771428.0,2025-04-25,1999-03-31,0.0857142857142858,46.8703125,4661142.09375
1998-12-31,PG,USD,80424,1999-02-05,1999-02-05 00:00:00,1999,Q2,9934000000.0,5375000000.0,4559000000.0,0.4589289309,0,0.0,0.0,2722000000.0,0.0,2722000000.0,8097000000.0,0.0,0.0,442000000.0,2279000000.0,0.2294141333,1837000000.0,0.1849204751,-106000000.0,1731000000.0,0.1742500503,589000000.0,1142000000.0,0.1149587276,0.42,0.39,2660200000,2902800000,https://www.sec.gov/Archives/edgar/data/80424/000008042499000002/0000080424-99-000002-index.html,https://www.sec.gov/Archives/edgar/data/80424/0000080424-99-000002.txt,3.734305691301406,0.4292910307495677,0.298473798962484,0.039094804901887,1.0510487933238102,4.821066085256748,2.143447861063078,4.821066085256748,3.523419291782573,120560264000.0,127839264000.0,26.39235201401051,12.136124823837326,151.8391234256927,1159.2333076923078,9.40041044834308,9.40041044834308,12.868860881820012,56.09445546292233,161.0066297229219,1229.2236923076923,0.0094724411021528,0.0008626391196356,0.7308382066276803,0.2827365690326083,3.1939447125932428,1.1596362229102166,0.0,0.6952714535901926,0.0033841996231859,0.3572679509632224,0.0,0.0,0.2148653132635516,0.8690176322418136,0.0694584256090195,1.5610859728506787,0.0,6.823995138748428,0.0470105442711939,0.0438758260335023,-5.019735358243741,1650000000.0,5702000000.0,-8340000000.0,21612000000.0,3117000000.0,7282500000.0,3472000000.0,29.752365613046106,123.4213953488372,57.38232558139535,3.024969549330085,0.7292090625423959,1.5684271957980742,0.0890448343079922,0.2593789940605969,1999-01-25,0.39,bmo,9934000000.0,2025-04-25,1998-12-31,0.0,46.29920634920635,5001772.285714285
1998-09-30,PG,USD,80424,1998-11-05,1998-11-05 00:00:00,1999,Q1,9510000000.0,5182000000.0,4328000000.0,0.4550998948,0,0.0,0.0,2454000000.0,0.0,2454000000.0,7636000000.0,0.0,0.0,399000000.0,2273000000.0,0.2390115668,1874000000.0,0.1970557308,-107000000.0,1767000000.0,0.1858044164,600000000.0,1167000000.0,0.1227129338,0.43,0.4,2664800000,2909000000,https://www.sec.gov/Archives/edgar/data/80424/000008042498000043/0000080424-98-000043-index.html,https://www.sec.gov/Archives/edgar/data/80424/0000080424-98-000043.txt,3.568748123686581,0.4379315520864605,0.4469378564995497,0.281822275592915,1.2451215851095767,4.530921645151606,1.8898228760132088,4.530921645151606,3.6141549084359057,94067440000.0,101158440000.0,20.15155098543273,9.891423764458464,78.98189756507136,125.2562450066578,7.79090939208216,7.79090939208216,10.637059936908518,44.50437307523097,84.93571788413098,134.69832223701732,0.0124059929769535,0.0079836338694876,0.7976644028490972,0.2930116523167726,3.119665640123185,1.1762009359182504,0.0,1.0205655526992288,0.0043160523981517,0.3479005998286203,0.0,0.0,0.2141227296236575,0.3694374475230898,0.0462670872765509,1.1027568922305764,0.0,6.681710472624214,0.0482051502472297,0.0451782741666989,-5.068297808465927,1845000000.0,5036000000.0,-8479000000.0,21227000000.0,2865500000.0,4622500000.0,3400500000.0,27.917981072555204,124.94403705133152,61.08259359320726,3.223728813559322,0.7203224909646928,1.4734148421950526,0.0966539672022527,0.1651155809066346,1998-10-22,0.39,bmo,9266153846.0,2025-04-25,1998-09-30,0.0256410256410256,44.93065573770492,5204409.24590164
1998-06-30,PG,USD,80424,1998-09-09,1998-09-09 00:00:00,1998,Q4,9276000000.0,5306000000.0,3970000000.0,0.4279862009,0,0.0,0.0,2858000000.0,0.0,2858000000.0,8164000000.0,0.0,0.0,425000000.0,1537000000.0,0.1656964209,1112000000.0,0.1198792583,-99000000.0,1013000000.0,0.1092065545,326000000.0,687000000.0,0.0740620957,0.26,0.26,2664800000,2664800000,https://www.sec.gov/Archives/edgar/data/80424/000008042498000039/0000080424-98-000039-index.html,https://www.sec.gov/Archives/edgar/data/80424/0000080424-98-000039.txt,3.480936655658961,0.2578054638246773,0.5947913539477634,0.258180726508556,0.9028820174121884,4.5917141999399576,1.9607475232662863,4.5917141999399576,3.019363554488142,120422312000.0,126919312000.0,43.8218020378457,12.982137990513152,75.97622208201894,175.03243023255814,9.841640405361227,9.841640405361227,13.682547649849074,82.576,80.07527570977918,184.4757441860465,0.0057049228551599,0.0057132269641194,0.6575678326250408,0.2598333656268165,4.227065712426805,1.1434594594594594,0.0,2.307132459970888,0.0030309997702086,0.5312954876273653,0.0,0.0,0.2264096105405929,0.5659305993690852,0.0967011642949547,2.110588235294117,0.0,5.160891657841913,0.0314264357082147,0.0286787726988102,-4.726902581807265,1327000000.0,5225000000.0,-8153000000.0,20518000000.0,2769500000.0,4465000000.0,3377000000.0,26.98253557567917,34.78891820580475,55.70297776102526,3.335490830636462,2.5870307167235493,1.6157125456760049,0.0561457992808107,0.3366106274392074,1998-07-30,0.24,bmo,8889500000.0,2025-04-25,1998-06-30,0.0416666666666667,43.02296875,4786086.78125
1998-03-31,PG,USD,80424,1998-05-14,1998-05-14 00:00:00,1998,Q3,8881000000.0,5228000000.0,3653000000.0,0.4113275532,0,0.0,0.0,2137000000.0,0.0,2137000000.0,7365000000.0,0.0,0.0,399000000.0,1915000000.0,0.2156288706,1516000000.0,0.1707014976,-84000000.0,1432000000.0,0.1612431033,471000000.0,961000000.0,0.1082085351,0.35,0.33,2689800000,2935000000,https://www.sec.gov/Archives/edgar/data/80424/000008042498000024/0000080424-98-000024-index.html,https://www.sec.gov/Archives/edgar/data/80424/0000080424-98-000024.txt,3.301732470815674,0.3572756338761246,0.5446501598631869,0.3249312216521674,0.8573128113614396,4.604803331102684,2.014647929214068,4.604803331102684,2.857833296155848,112621926000.0,118844926000.0,29.298107700312176,12.681221258867245,76.87503481228669,128.85803890160184,9.092679315356046,9.092679315356046,13.381930638441617,62.0600135770235,81.12281638225257,135.978176201373,0.0085329742984505,0.0077604781861038,0.6206200549006944,0.2504235079489184,3.249608355091384,1.1851446099912355,0.0,1.5260416666666667,0.0032409319655925,0.3798126951092612,0.0,0.0,0.226967683085744,0.4034129692832764,0.0665465600720639,1.481203007518797,0.0,6.084130229735269,0.0427161904681483,0.0404989675081124,-4.535839095843557,1690000000.0,5419000000.0,-7492000000.0,20456000000.0,2883500000.0,6700500000.0,3354500000.0,27.949555230266864,118.42195868400918,59.73603672532517,3.2200870195794056,0.7599941852013374,1.506628242074928,0.0775875989019861,0.2197189382110194,1998-04-23,0.32,bmo,8603468750.0,2025-04-25,1998-03-31,0.03125,40.068125,5942147.09375
1997-12-31,PG,USD,80424,1998-02-13,1998-02-13 00:00:00,1998,Q2,9641000000.0,5322000000.0,4319000000.0,0.4479825744,0,0.0,0.0,2631000000.0,0.0,2631000000.0,7953000000.0,0.0,0.0,386000000.0,2074000000.0,0.2151229126,1688000000.0,0.175085572,-94000000.0,1594000000.0,0.1653355461,548000000.0,1046000000.0,0.1084949694,0.38,0.36,2692000000,2940600000,https://www.sec.gov/Archives/edgar/data/80424/000008042498000008/0000080424-98-000008-index.html,https://www.sec.gov/Archives/edgar/data/80424/0000080424-98-000008.txt,3.5813521545319467,0.3885586924219911,0.2462852897473997,0.050148588410104,0.9331352154531948,4.50148588410104,2.193536404160476,4.50148588410104,2.787890044576523,106630120000.0,112830120000.0,25.4852103250478,11.060068457628876,160.82974358974357,789.8527407407407,8.799316718930516,8.799316718930516,11.703155274349134,54.4021793635487,170.18117647058824,835.7786666666667,0.009809611017975,0.0012660587833906,0.619326621554712,0.2525660440854787,2.9893924783027965,1.1496822033898304,0.0,0.6338432122370937,0.0034230478217599,0.3489483747609943,0.0,0.0,0.2090863200403836,0.7963800904977375,0.054766103101338,1.3678756476683938,0.0,6.27332113432374,0.0477594021602914,0.0445068504808101,-4.163725854383358,1413000000.0,5905000000.0,-6744000000.0,19130000000.0,2963000000.0,6857500000.0,3286000000.0,28.08940981226014,110.29312288613303,54.77452085682074,3.204054503157195,0.8160073597056118,1.6430997221364618,0.0863178742366727,0.1961367013372957,1998-01-27,0.38,bmo,9641000000.0,2025-04-25,1997-12-31,0.0,42.343492063492064,4069351.523809524
1997-09-30,PG,USD,80424,1997-11-14,1997-11-14 00:00:00,1998,Q1,9355000000.0,5208000000.0,4147000000.0,0.443292357,0,0.0,0.0,2408000000.0,0.0,2408000000.0,7616000000.0,0.0,0.0,388000000.0,2127000000.0,0.2273650454,1739000000.0,0.1858898985,-70000000.0,1669000000.0,0.1784072688,582000000.0,1087000000.0,0.1161945484,0.4,0.37,2696600000,2947800000,https://www.sec.gov/Archives/edgar/data/80424/000008042497000075/0000080424-97-000075-index.html,https://www.sec.gov/Archives/edgar/data/80424/0000080424-97-000075.txt,3.469183416153675,0.4031002002521694,0.4346213750648965,0.2332566936141808,0.9856856782615144,4.490469480086034,2.3481421048728026,4.490469480086034,2.511310539197508,92412482000.00002,97125482000.00002,21.254020699172035,9.878405344735436,78.85024061433448,146.9196852146264,7.6317187216120255,7.6317187216120255,10.382200106894713,45.6631321109544,82.87157167235496,154.41253100158983,0.0117624803108307,0.0068064398486775,0.5592534478487076,0.2285367170626349,2.2157968970380817,1.1104663001425372,0.0,1.078196872125115,0.0039713249991489,0.3376264949402024,0.0,0.0,0.1949581533477321,0.4633105802047781,0.0580438268305718,1.399484536082474,0.0,6.381806625055404,0.0504741821719658,0.0455669670928526,-4.083197359638063,1085000000.0,6332000000.0,-6616000000.0,18283000000.0,2827500000.0,4698000000.0,3210000000.0,28.063067878140032,124.30299539170508,57.59792626728111,3.207062050051422,0.7240372584457111,1.5625562556255626,0.0897679412007597,0.2013646814507157,1997-10-22,0.39,bmo,9121125000.0,2025-04-25,1997-09-30,0.0256410256410256,40.92967213114754,3804360.8852459015
1997-06-30,PG,USD,80424,1997-09-10,1997-09-10 00:00:00,1997,Q4,8948000000.0,5328000000.0,3620000000.0,0.4045596781,0,0.0,0.0,2583000000.0,0.0,2583000000.0,7911000000.0,0.0,0.0,475000000.0,1512000000.0,0.1689763076,1037000000.0,0.1158918194,-41000000.0,996000000.0,0.1113097899,385000000.0,611000000.0,0.0682834153,0.23,0.23,2696600000,2696600000,https://www.sec.gov/Archives/edgar/data/80424/000008042497000062/0000080424-97-000062-index.html,https://www.sec.gov/Archives/edgar/data/80424/0000080424-97-000062.txt,3.318252614403322,0.2265816213008974,0.6945783579322109,0.3953126158866721,1.1533041607950754,4.467106726989543,3.002670028925313,4.467106726989543,1.851220054883928,94515829999.99998,97157829999.99998,38.67259819967266,10.562788332588289,50.46226908702616,88.66400562851781,7.846241906026896,7.846241906026896,10.858049843540456,64.25782407407407,51.87284036305392,91.1424296435272,0.0064645255720655,0.0112785339767952,0.414411422878964,0.1812372930583793,1.7473544973544974,1.383175173121313,0.0,3.065466448445172,0.0035020588614626,0.5417348608837971,0.0,0.0,0.1433706070287539,0.4308595835557928,0.0901877514528386,1.6989473684210523,0.0,4.772179418915671,0.0308886431864871,0.0258953168044077,-3.260031150337462,2988000000.0,8097000000.0,-4712000000.0,18313000000.0,2733000000.0,4297500000.0,3087500000.0,27.539114886008047,37.21283783783784,52.145270270270274,3.2680788897005115,2.418520199727644,1.7259475218658893,0.0507222314461231,0.2992657420455388,1997-07-31,0.21,bmo,8521904761.0,2025-04-25,1997-06-30,0.0476190476190476,37.13890625,3740618.03125
1997-03-31,PG,USD,80424,1997-05-09,1997-05-09 00:00:00,1997,Q3,8771000000.0,4918000000.0,3853000000.0,0.4392885646,0,0.0,0.0,2470000000.0,0.0,2470000000.0,7388000000.0,0.0,0.0,345000000.0,1728000000.0,0.1970128834,1383000000.0,0.1576787139,-53000000.0,1330000000.0,0.1516360734,449000000.0,881000000.0,0.1004446471,0.32,0.3,2725600000,2972000000,https://www.sec.gov/Archives/edgar/data/80424/000008042497000023/0000080424-97-000023-index.html,https://www.sec.gov/Archives/edgar/data/80424/0000080424-97-000023.txt,3.2180070443205167,0.3232315820369826,0.5088787789844438,0.3346052245377164,1.0944379219254476,4.531846199002055,3.0525388905195188,4.531846199002055,1.919944232462577,77597832000.0,80409832000.0,22.019816118047675,8.8470906396078,55.94652631578947,85.08534210526315,6.282207901554404,6.282207901554404,9.167692623418082,46.533467592592594,57.97392357606345,88.1686754385965,0.0113534099767117,0.0117529056739626,0.4236560880829015,0.190533406153286,1.6273148148148149,1.4256295907660022,0.0,1.5743473325766175,0.0042655830900017,0.3757094211123723,0.0,0.0,0.146805024576734,0.3424657534246575,0.0541557405084939,1.3768115942028984,0.0,5.740976038110916,0.0434730469699137,0.0375965518712926,-3.1332550631053717,3245000000.0,8320000000.0,-4244000000.0,18351000000.0,2828000000.0,6619000000.0,3157500000.0,27.99224717820089,116.97437982919884,56.51077673851159,3.215175953079179,0.7693992490613266,1.592616580310881,0.0713244818652849,0.1742735544467273,1997-04-24,0.31,bmo,8496906250.0,2025-04-25,1997-03-31,0.032258064516129,35.4628125,5673368.0625
1996-12-31,PG,USD,80424,1997-02-11,1997-02-11 00:00:00,1997,Q2,9142000000.0,5095000000.0,4047000000.0,0.4426821264,0,0.0,0.0,2526000000.0,0.0,2526000000.0,7621000000.0,0.0,0.0,338000000.0,1859000000.0,0.2033471888,1521000000.0,0.1663749727,-89000000.0,1432000000.0,0.156639685,488000000.0,944000000.0,0.1032596806,0.34,0.32,2728800000,2977200000,https://www.sec.gov/Archives/edgar/data/80424/000008042497000006/0000080424-97-000006-index.html,https://www.sec.gov/Archives/edgar/data/80424/0000080424-97-000006.txt,3.350190559953093,0.3459396071533274,0.4320580474934037,0.268249780123131,0.997141600703606,4.511506889475228,2.971269422456757,4.511506889475228,1.9792582820287303,72886248000.0,76098248000.0,19.30250211864407,7.972680813826297,61.82039694656488,99.57137704918031,5.920416538055397,5.920416538055397,8.324026252461168,40.93504464766004,64.54473960983884,103.95935519125683,0.012951688773992,0.0100430468035616,0.4387133457883194,0.1920697012802276,1.727810650887574,1.3964088397790055,0.0,1.2489406779661016,0.0045687630950628,0.3527542372881356,0.0,0.0,0.1494665718349929,0.3791348600508906,0.0488952089258368,1.3224852071005917,0.0,5.925871304949872,0.0471312583934122,0.0394698331730568,-3.4002125476399883,3157000000.0,8108000000.0,-4688000000.0,18630000000.0,2888000000.0,6856500000.0,3230000000.0,28.825202362721505,120.93032384690872,57.00294406280667,3.1222677595628414,0.7442302074203915,1.578865819646731,0.0766793924132889,0.1638082673702726,1997-01-28,0.33,bmo,8864969696.0,2025-04-25,1996-12-31,0.0303030303030303,32.425,4984651.09375
1996-09-30,PG,USD,80424,1996-11-13,1996-11-13 00:00:00,1997,Q1,8903000000.0,5002000000.0,3901000000.0,0.43816691,0,0.0,0.0,2354000000.0,0.0,2354000000.0,7356000000.0,0.0,0.0,329000000.0,1876000000.0,0.2107154892,1547000000.0,0.1737616534,-56000000.0,1491000000.0,0.1674716388,512000000.0,979000000.0,0.1099629338,0.35,0.33,2735200000,2981200000,https://www.sec.gov/Archives/edgar/data/80424/000008042496000043/0000080424-96-000043-index.html,https://www.sec.gov/Archives/edgar/data/80424/0000080424-96-000043.txt,3.2549722140976893,0.3579262942380813,0.5275665399239544,0.3813249488154431,1.1176513600467972,4.391634980988593,2.8447645510383155,4.391634980988593,2.094910792629424,66164488000.0,69299488000.0,16.895936670071503,7.431707065034258,45.85203603603603,63.43670949185043,5.508199134199135,5.508199134199135,7.783835561046838,36.94002558635395,48.02459320859321,66.44246212847555,0.0147964569755304,0.0157637432333792,0.477022977022977,0.2034512143161482,1.6711087420042643,1.413152610441767,0.0,1.473953013278856,0.0050480251581482,0.3411644535240041,0.0,0.0,0.1502272404487999,0.2772002772002772,0.0449286757272829,1.21580547112462,0.0,5.947044372947826,0.0476954478589305,0.0409058621986378,-3.415655162328166,3292000000.0,7781000000.0,-4892000000.0,18699000000.0,2844500000.0,4551500000.0,3181500000.0,28.790295406042908,123.55657736905238,58.170731707317074,3.126053370786517,0.72841124217271,1.5471698113207548,0.0815018315018315,0.1462415911085112,1996-10-24,0.34,bmo,,2025-04-25,1996-09-30,0.0294117647058822,29.286229508196723,5071737.147540984
1996-06-30,PG,USD,80424,1996-09-11,1996-09-11 00:00:00,1996,Q4,8580000000.0,5260000000.0,3320000000.0,0.3869463869,0,0.0,0.0,2485000000.0,0.0,2485000000.0,7745000000.0,0.0,0.0,383000000.0,1218000000.0,0.141958042,835000000.0,0.0973193473,32000000.0,867000000.0,0.101048951,313000000.0,554000000.0,0.0645687646,0.2,0.2,2735200000,2735200000,https://www.sec.gov/Archives/edgar/data/80424/000008042496000017/0000080424-96-000017-index.html,https://www.sec.gov/Archives/edgar/data/80424/0000080424-96-000017.txt,3.1368821292775664,0.2025446036852881,0.6222579701667155,0.3648727698157356,0.921322023983621,4.285609827434922,2.720459198596081,4.285609827434922,2.1153846153846154,61514647999.99999,65226647999.99999,27.759317689530683,7.169539393939393,36.14256639247943,61.63792384769538,5.247794574304726,5.247794574304726,7.602173426573426,53.55225615763546,38.32352996474735,65.3573627254509,0.0090059850460332,0.0162237781154173,0.4936017744412216,0.2086548864046159,3.047619047619047,1.3810862619808306,0.0,3.072202166064982,0.0048768872090432,0.5415162454873647,0.0,0.0,0.1543815362423368,0.4136310223266745,0.082051282051282,1.8381201044386424,0.0,4.419345057932295,0.0253818790645285,0.0236257409697641,-3.5800855513307983,2982000000.0,7441000000.0,-5201000000.0,18381000000.0,3153000000.0,4447000000.0,3283500000.0,29.800699300699304,38.258555133079845,53.55513307984791,3.020063357972545,2.3524150268336315,1.6805111821086265,0.0472615594608428,0.2573852003509798,1996-08-08,0.19,bmo,,2025-04-25,1996-06-30,0.0,25.56,4141373.5
1996-03-31,PG,USD,80424,1996-05-10,1996-05-10 00:00:00,1996,Q3,8587000000.0,5026000000.0,3561000000.0,0.4146966344,0,0.0,0.0,2368000000.0,0.0,2368000000.0,7394000000.0,0.0,0.0,324000000.0,1517000000.0,0.1766623966,1193000000.0,0.1389309421,-46000000.0,1147000000.0,0.1335740072,387000000.0,760000000.0,0.088505881,0.27,0.26,2746000000,2988800000,https://www.sec.gov/Archives/edgar/data/80424/000008042496000006/0000080424-96-000006-index.html,https://www.sec.gov/Archives/edgar/data/80424/0000080424-96-000006.txt,3.1270939548434087,0.2767662053896577,0.4847050254916242,0.3088128186453022,0.898761835396941,4.2713037144938095,2.696649672250546,4.2713037144938095,2.2432629278951204,58846780000.0,62984780000.0,19.35749342105263,6.853008035402352,44.21245679939894,69.39478773584905,5.017203512660926,5.017203512660926,7.334899266332829,41.51930125247198,47.32139744552968,74.27450471698113,0.0129148952585001,0.0144103041831685,0.5251939636797681,0.2192404883083603,2.7277521423862887,1.4646359001176623,0.0,1.7513157894736842,0.0051149782536954,0.3960526315789474,0.0,0.0,0.1538954336761931,0.3628850488354621,0.056247816466752,1.4907407407407407,0.0,5.157366743345099,0.0368710999472845,0.0319690405081394,-3.489712308812819,3554000000.0,7405000000.0,-5165000000.0,18887000000.0,3682000000.0,6759000000.0,3491000000.0,36.31652497962036,119.22403501790689,61.54596100278551,2.478210678210678,0.7548813457494743,1.4623217922606924,0.0647966578565947,0.1758922068463219,1996-04-25,0.27,bmo,,2025-04-25,1996-03-31,0.0,22.23828125,3775174.9375
1995-12-31,PG,USD,80424,1996-02-13,1996-02-13 00:00:00,1996,Q2,9090000000.0,5265000000.0,3825000000.0,0.4207920792,0,0.0,0.0,2473000000.0,0.0,2473000000.0,7738000000.0,0.0,0.0,328000000.0,1680000000.0,0.1848184818,1352000000.0,0.1487348735,-71000000.0,1281000000.0,0.1409240924,445000000.0,836000000.0,0.0919691969,0.3,0.28,2746000000,2992000000,https://www.sec.gov/Archives/edgar/data/80424/000008042496000003/0000080424-96-000003-index.html,https://www.sec.gov/Archives/edgar/data/80424/0000080424-96-000003.txt,3.310269482884195,0.3044428259286234,0.2869628550619082,0.084122359796067,0.7705753823743627,4.145666423889294,2.578295702840496,4.145666423889294,2.329206117989804,56567600000.00001,61295600000.00001,16.916148325358854,6.223058305830584,71.78629441624366,244.8813852813853,4.969044272663387,4.969044272663387,6.743190319031904,36.48547619047619,77.78629441624366,265.34891774891776,0.0147787779577001,0.0040836096988382,0.561841180604357,0.2266879319510898,2.8142857142857145,1.3823387291616331,0.0,0.9425837320574164,0.0053033892192703,0.3588516746411483,0.0,0.0,0.1525429735956051,0.7068527918781726,0.0612761276127612,1.6981707317073171,0.0,5.328945865041322,0.0413175216695719,0.0349629877462255,-3.648306627822287,3165000000.0,7080000000.0,-5388000000.0,18429000000.0,3938000000.0,7178000000.0,3564500000.0,38.6039603960396,117.26495726495726,60.59829059829059,2.331367017183893,0.7674927113702624,1.4851904090267982,0.0734364019676739,0.2028404952658412,1996-01-25,0.3,bmo,,2025-04-25,1995-12-31,0.0,21.61984126984127,4008969.3333333335
1995-09-30,PG,USD,80424,1995-11-13,1995-11-13 00:00:00,1996,Q1,9027000000.0,5211000000.0,3816000000.0,0.4227318046,0,0.0,0.0,2381000000.0,0.0,2381000000.0,7592000000.0,0.0,0.0,323000000.0,1758000000.0,0.1947490861,1435000000.0,0.1589675418,-61000000.0,1374000000.0,0.1522100366,478000000.0,896000000.0,0.0992577822,0.32,0.3,2746400000,2992000000,https://www.sec.gov/Archives/edgar/data/80424/000008042495000029/0000080424-95-000029-index.html,https://www.sec.gov/Archives/edgar/data/80424/0000080424-95-000029.txt,3.28684823769298,0.3262452665307311,0.1227060879697058,-0.0356830760267987,0.7256772502184679,4.013981939994174,2.39440722400233,4.013981939994174,2.262962423536265,52483704000.0,57109704000.0,14.643890625,5.814080425390495,155.7379940652819,-535.548,4.760858490566037,4.760858490566037,6.326543037554004,32.48561092150171,169.46499703264095,-582.752081632653,0.0170719658048524,-0.0018672462599057,0.5637699564586357,0.2190926076074311,2.631399317406143,1.309789485793167,0.0,0.3761160714285714,0.0057351135125676,0.3359375,0.0,0.0,0.1568019177212958,1.2908011869436202,0.0481887670322366,1.346749226006192,0.0,5.428140443735421,0.0448363158536004,0.0374597600234123,-3.850586221963298,2693000000.0,6576000000.0,-5957000000.0,17987000000.0,3493500000.0,5193500000.0,3518500000.0,39.65104685942173,129.46459412780655,61.89982728842833,2.2698013578073923,0.69517075773746,1.4539620535714286,0.081277213352685,0.1583891639965045,1995-10-25,0.32,bmo,,2025-04-25,1995-09-30,0.0,21.225079365079367,5241238.380952381
1995-06-30,PG,USD,80424,1995-09-13,1995-09-13 00:00:00,1995,Q4,8494000000.0,5316000000.0,3178000000.0,0.3741464563,0,0.0,0.0,2500000000.0,0.0,2500000000.0,7816000000.0,0.0,0.0,339000000.0,1017000000.0,0.1197315752,678000000.0,0.0798210502,-11000000.0,667000000.0,0.0785260184,195000000.0,472000000.0,0.0555686367,0.17,0.17,2746400000,2746400000,https://www.sec.gov/Archives/edgar/data/80424/000008042495000027/0000080424-95-000027-index.html,https://www.sec.gov/Archives/edgar/data/80424/0000080424-95-000027.txt,3.0927759976696767,0.1718613457617244,0.3815904456743373,0.0826536556947276,0.7930381590445674,3.85559277599767,2.190868045441305,3.85559277599767,2.2323769297990097,48995776000.0,53098776000.0,25.95115254237288,5.768280668707323,46.75169465648855,215.840422907489,4.627044668996128,4.627044668996128,6.251327525311985,52.21118584070796,50.66677099236641,233.9153127753304,0.0096334835068231,0.004633052449256,0.5789970724336576,0.2179911111111111,4.03441494591937,1.253700277520814,0.0,2.2203389830508478,0.005408629511246,0.5614406779661016,0.0,0.0,0.16256,0.7833969465648855,0.0966564633859194,2.421828908554572,0.0,3.8612324032390495,0.0234647678361631,0.0200399099902347,-4.141421497232741,2194000000.0,6017000000.0,-6694000000.0,17792000000.0,3244500000.0,5160500000.0,3402000000.0,31.8931010124794,48.94469525959368,58.45936794582393,2.821926910299003,1.8388101003113109,1.5395308427454388,0.044574558504108,0.2989367899796096,1995-08-10,0.16,bmo,,2025-04-25,1995-06-30,0.0,20.692698412698416,3483397.015873016
1995-03-31,PG,USD,80424,1995-05-11,1995-05-11 00:00:00,1995,Q3,8312000000.0,4879000000.0,3433000000.0,0.4130173244,0,0.0,0.0,2376000000.0,0.0,2376000000.0,7255000000.0,0.0,0.0,311000000.0,1368000000.0,0.1645813282,1057000000.0,0.1271655438,-119000000.0,938000000.0,0.1128488932,307000000.0,631000000.0,0.0759143407,0.22,0.21,2742800000,3000000000,https://www.sec.gov/Archives/edgar/data/80424/000008042495000009/0000080424-95-000009-index.html,https://www.sec.gov/Archives/edgar/data/80424/0000080424-95-000009.txt,3.0304798016625347,0.2300568761849205,0.4557386612221088,0.2883914248213504,0.8629867288901852,3.762213796120753,2.171868163920082,3.762213796120753,2.267026396383258,45091632000.0,49051632000.0,17.86514738510301,5.42488354186718,36.0733056,57.00585587863464,4.369767613140809,4.369767613140809,5.901303176130895,35.85645614035088,39.2413056,62.01217699115044,0.0139937272618564,0.017542057470885,0.6025777691636787,0.2236771106874348,2.8947368421052637,1.3066776586974445,0.0,1.9809825673534072,0.00589909897251,0.4215530903328051,0.0,0.0,0.1569121191409763,0.3672,0.0552213666987487,1.4758842443729905,0.0,4.412966230688313,0.0349085492074215,0.0269232410291419,-3.94788172670264,2604000000.0,5957000000.0,-6385000000.0,17574000000.0,3611000000.0,7272000000.0,3233500000.0,37.66963426371511,137.05677392908382,61.81389629022341,2.3891922966369648,0.6566621803499327,1.455983288570576,0.061149336175986,0.1673472364007583,1995-04-27,0.23,bmo,,2025-04-25,1995-03-31,0.0434782608695651,17.490158730158733,4123452.444444445
1994-12-31,PG,USD,80424,1995-02-14,1995-02-14 00:00:00,1995,Q2,8467000000.0,4832000000.0,3635000000.0,0.4293138065,0,0.0,0.0,2445000000.0,0.0,2445000000.0,7277000000.0,0.0,0.0,299000000.0,1489000000.0,0.1758592181,1190000000.0,0.1405456478,-31000000.0,1159000000.0,0.1368843746,409000000.0,750000000.0,0.0885791898,0.27,0.25,2740800000,2982400000,https://www.sec.gov/Archives/edgar/data/80424/000008042495000004/0000080424-95-000004-index.html,https://www.sec.gov/Archives/edgar/data/80424/,3.0892440163455923,0.2736427320490368,0.2477378867483946,0.0576474022183304,0.8614273204903677,3.577422650321074,2.015105078809107,3.577422650321074,2.463514302393462,42153504000.0,46721504000.0,14.051168,4.978564308491792,62.08174374079529,266.79432911392405,4.2991844977052525,4.2991844977052525,5.518070627140664,31.377773002014777,68.80928424153167,295.70572151898733,0.0177921152177527,0.0037482056058732,0.6886282508924019,0.2469912572703661,3.0678307588985896,1.2386144236229415,0.0,0.9053333333333332,0.0063102701972296,0.3546666666666667,0.0,0.0,0.1566375242345539,0.7673048600883653,0.0615330105113971,1.7424749163879598,0.0,4.69319224237397,0.0380784451809263,0.0325309043591411,-3.9425532691185055,2101000000.0,5523000000.0,-6626000000.0,16801000000.0,3666500000.0,7128000000.0,3087000000.0,39.78622888862643,132.5041390728477,58.038079470198674,2.262089233235373,0.679224065223503,1.5507060333761231,0.0764915859255482,0.1900904845300642,1995-01-26,0.26,bmo,,2025-04-25,1994-12-31,0.0384615384615384,17.381587301587302,3171698.571428572
1994-09-30,PG,USD,80424,1994-11-10,1994-11-10 00:00:00,1995,Q1,8161000000.0,4596000000.0,3565000000.0,0.4368337214,0,0.0,0.0,2311000000.0,0.0,2311000000.0,6907000000.0,0.0,0.0,304000000.0,1558000000.0,0.190907977,1254000000.0,0.15365764,-18000000.0,1236000000.0,0.1514520279,444000000.0,792000000.0,0.0970469305,0.28,0.27,2738800000,2977600000,https://www.sec.gov/Archives/edgar/data/80424/000008042494000029/0000080424-94-000029-index.html,https://www.sec.gov/Archives/edgar/data/80424/0000080424-94-000029.txt,2.979772162991091,0.2891777420768219,0.215787936322477,0.0898203592814371,0.9401927851613846,3.4558930918650503,1.9004673579669928,3.4558930918650503,2.451803709653863,40534240000.0,44820240000.0,12.794898989898993,4.96682269329739,68.58585448392554,164.77333333333334,4.2825398837823565,4.2825398837823565,5.4920034309520895,28.767804878048786,75.83796954314721,182.1960975609756,0.0195390366268122,0.0060689431946916,0.7094558901215002,0.2474937343358396,2.7509627727856225,1.2321977896775664,0.0,0.7462121212121212,0.0065376827097288,0.3345959595959596,0.0,0.0,0.1570101724900486,0.583756345177665,0.04227423109913,1.1348684210526316,0.0,4.741915818126626,0.0401967974278401,0.0346274921301154,-3.9690740470278953,2038000000.0,5205000000.0,-6852000000.0,16512000000.0,3352500000.0,5203000000.0,2967500000.0,39.59073642935915,139.85639686684073,59.882506527415146,2.273259052924791,0.643517222066648,1.5029431000654023,0.0836767036450079,0.1259675770410398,1994-10-26,0.27,bmo,,2025-04-25,1994-09-30,0.037037037037037,16.21253968253968,3366579.1428571427
1994-06-30,PG,USD,80424,1994-09-14,1994-09-14 00:00:00,1994,Q4,7503000000.0,4233000000.0,3270000000.0,0.4358256697,0,0.0,0.0,2429000000.0,292000000.0,2721000000.0,6954000000.0,0.0,0.0,292000000.0,841000000.0,0.1120884979,549000000.0,0.0731707317,12000000.0,561000000.0,0.074770092,155000000.0,406000000.0,0.0541116887,0.15,0.15,2738800000,2738800000,https://www.sec.gov/Archives/edgar/data/80424/000008042494000021/0000080424-94-000021-index.html,https://www.sec.gov/Archives/edgar/data/80424/0000080424-94-000021.txt,2.7395209580838324,0.1482401051555425,0.4852490141667884,0.2471885497298086,0.8664378559953264,3.2247699722506207,1.8540966846794216,3.2247699722506207,2.320359281437126,36261712000.0,40243712000.0,22.328640394088676,4.832961748633879,27.284960120391272,53.56235155096011,4.105719202898551,4.105719202898551,5.363682793549247,47.852214030915576,30.281197893152747,59.44418316100443,0.011196382564618,0.0186698300400157,0.7195425724637681,0.2488740943802624,4.734839476813318,1.2422885572139304,0.0,3.273399014778325,0.0065633966758105,0.5862068965517241,0.0,0.0,0.1470139024867828,0.4905944319036869,0.0868985739037718,2.232876712328767,0.0,3.2796197028389638,0.0210554058304923,0.0186400991690005,-3.853968891485322,1948000000.0,5078000000.0,-6715000000.0,15726000000.0,3176500000.0,4769000000.0,2916000000.0,37.36505397840863,69.39759036144578,61.169383416017006,2.408667736757625,1.296875,1.4713242961418145,0.0459692028985507,0.2380604644369797,1994-08-10,0.13,bmo,,2025-04-25,1994-06-30,0.0769230769230769,15.436984126984129,3272207.523809524
1994-03-31,PG,USD,80424,1994-05-13,1994-05-13 00:00:00,1994,Q3,7441000000.0,3787000000.0,3654000000.0,0.4910630292,0,0.0,0.0,2310000000.0,421000000.0,2731000000.0,6518000000.0,0.0,0.0,285000000.0,1344000000.0,0.1806208843,923000000.0,0.1240424674,-197000000.0,726000000.0,0.0975675312,244000000.0,482000000.0,0.0647762398,0.17,0.17,2763636364,2763636364,https://www.sec.gov/Archives/edgar/data/80424/000008042494000012/0000080424-94-000012-index.html,https://www.sec.gov/Archives/edgar/data/80424/0000080424-94-000012.txt,2.6924671049088857,0.1744078947138937,0.3618421052155471,0.2066118420780774,0.8771052630424861,3.1049671048546097,1.7364802629294105,3.1049671048546097,2.515164473353268,36701090913.92,41228090913.92,19.03583553626556,4.932279386362048,36.70109091392,64.27511543593695,4.277017936594802,4.277017936594802,5.540665355989786,30.67566288238095,41.22809091392,72.20331158304728,0.0131331246019498,0.0155581206384094,0.8100454492483393,0.2702776265650517,3.368303571428572,1.3000247341083353,0.0,2.074688796680498,0.0064575737150666,0.491701244813278,0.0,0.0,0.1470565362780931,0.429,0.0576535411907001,1.5052631578947369,0.0,3.4906220732207154,0.0315156672294186,0.0219730123997082,-3.9104276310644175,2426000000.0,4799000000.0,-6625000000.0,15914000000.0,3286500000.0,6255500000.0,2934500000.0,39.1640908480043,149.1048323210985,70.22709268550304,2.298023471278567,0.6036021676761237,1.2815566835871404,0.0561706094860738,0.1552302631374697,1994-04-27,0.2,bmo,,2025-04-25,1994-03-31,0.0,14.098125,2921274.46875
1993-12-31,PG,USD,80424,1994-02-09,1994-02-09 00:00:00,1994,Q2,7788000000.0,4115500000.0,3672500000.0,0.4715588084,0,0.0,0.0,2371000000.0,278500000.0,2649500000.0,6765000000.0,0.0,0.0,280000000.0,1303000000.0,0.16730868,1023000000.0,0.1313559322,-18000000.0,1005000000.0,0.1290446841,352000000.0,653000000.0,0.083846944,0.23,0.22,2730434783,2920930233,https://www.sec.gov/Archives/edgar/data/80424/000008042494000002/0000080424-94-000002-index.html,https://www.sec.gov/Archives/edgar/data/80424/0000080424-94-000002.txt,2.852292993221805,0.23915605092114,0.338407643263604,0.1886146496544979,0.8833757960517455,3.027722929502396,1.6612738851122375,3.027722929502396,2.6164331206441416,38608347831.62,43340347831.62,14.781143886531394,4.957414975811505,41.78392622469697,74.96766569246603,4.67017634348857,4.67017634348857,5.565016413921418,33.26197070730622,46.90513834590909,84.15601520702913,0.0169134406592036,0.0133390841339814,0.8641587032780936,0.2796852366597502,3.631619339984651,1.3110781404549952,0.0,1.4150076569678407,0.0061644699492962,0.3644716692189892,0.0,0.0,0.146067415730337,0.4426406926406926,0.0525166923472008,1.4607142857142856,0.0,4.036361087640886,0.0344294790421661,0.0299376490005501,-3.9941441077078457,2516000000.0,4536000000.0,-6672000000.0,15736000000.0,3393500000.0,6260500000.0,2963500000.0,38.54006163328197,136.3941197910339,63.724942291337626,2.335232383808096,0.6598524931858265,1.4123198352779684,0.0789887504536107,0.1497929936091061,1994-01-28,0.23,bmo,,2025-04-25,1993-12-31,0.0,13.749354838709678,3013754.2580645164
1993-09-30,PG,USD,80424,1993-09-30,1993-09-29 20:00:00,1994,Q1,7564000000.0,3951000000.0,3613000000.0,0.4776573242,0,0.0,0.0,2251000000.0,277000000.0,2528000000.0,6479000000.0,0.0,0.0,277000000.0,1362000000.0,0.1800634585,1085000000.0,0.143442623,-31000000.0,1054000000.0,0.1393442623,384000000.0,670000000.0,0.0885774722,0.24,0.23,2687500000,2866666667,,,2.8145116279069766,0.2493023255813953,0.1473488372093023,0.0167441860465116,0.8241860465116279,2.9413953488372093,1.5531162790697677,2.9413953488372093,2.666046511627907,31685625000.0,36635625000.0,11.822994402985074,4.189003833950291,80.01420454545453,704.1249999999999,4.008301707779886,4.008301707779886,4.843419487043892,26.89840308370044,92.51420454545456,814.125,0.0211452354182693,0.0014202023788389,0.9063883617963314,0.2818424986232397,3.634361233480176,1.272617319787131,0.0,0.591044776119403,0.0074481724756888,0.3522388059701492,0.0,0.0,0.1467626465266304,0.8863636363636364,0.0464040190375462,1.2671480144404332,0.0,4.061917745435874,0.0360385558758982,0.0308883868885712,-4.169860465116279,2254000000.0,4174000000.0,-6995000000.0,15532000000.0,3281500000.0,4276500000.0,2958000000.0,41.07350608143839,143.14350797266516,68.63325740318906,2.191193511008111,0.6287396562698918,1.3113176236309323,0.0847564832384566,0.1306046511627906,1993-10-26,0.23,bmo,,2025-04-25,1993-09-30,0.0434782608695651,14.215396825396828,3319191.904761905
1993-06-30,PG,USD,80424,1993-06-30,1993-06-29 20:00:00,1993,Q4,7365000000.0,3783000000.0,3582000000.0,0.4863543788,0,0.0,0.0,5185000000.0,321000000.0,5506000000.0,9289000000.0,0.0,0.0,321000000.0,-1603000000.0,-0.2176510523,-1924000000.0,-0.2612355737,-52000000.0,-1976000000.0,-0.2682959946,-708000000.0,-2193000000.0,-0.2977596741,-0.8,-0.8,2733333333,2733333333,,,2.6945121954505504,-0.8023170732685753,0.4379268293216984,0.2114634146599345,0.8495121952255502,2.7223170735027216,1.345975609920241,2.7223170735027216,2.555853658848275,35259999995.700005,39923999995.700005,-4.0196078426470585,4.787508485498982,29.45697576917293,61.003460200173016,4.738610401249832,4.738610401249832,5.420773930169722,-24.90580161927636,33.353383455054306,69.07266435242215,-0.0621951219588042,0.016392512764336,0.9388523047977424,0.2801684379386405,-2.909544603867748,1.20369253046941,0.0,-0.944006309148265,0.0061259217250805,-0.0984952120383036,0.0,0.0,0.150872267896531,0.5171261487050961,0.0840461642905634,1.928348909657321,0.0,,-0.066881450647203,-0.1035753081755065,-4.166067073678788,1688000000.0,3679000000.0,-7519000000.0,14935000000.0,3098500000.0,3783500000.0,2952000000.0,38.016293279022406,53.980967486122125,69.06423473433782,2.3674059787849564,1.667254297047157,1.3031346882535308,-0.2947184518209918,0.2264634146617638,1993-08-10,0.12,bmo,,2025-04-25,1993-06-30,0.0,13.5109375,3522999.59375
1993-03-31,PG,USD,80424,1993-03-31,1993-03-30 19:00:00,1993,Q3,7350000000.0,4079000000.0,3271000000.0,0.4450340136,0,0.0,0.0,2238000000.0,273000000.0,2511000000.0,6590000000.0,0.0,0.0,257000000.0,1033000000.0,0.1405442177,760000000.0,0.1034013605,0.0,760000000.0,0.1034013605,244000000.0,516000000.0,0.0702040816,0.18,0.17,2733333333,2894117647,,,2.689024390571832,0.1887804878279,0.531585365918486,0.3263414634544319,1.003170731829655,3.624146341905384,2.258048780763177,3.624146341905384,2.6839024393516957,33838666662.54,38432666662.54,16.39470284037791,4.603900226195918,23.28882770993805,37.935724958004485,3.415976848631133,3.415976848631133,5.228934239801361,37.20490480400775,26.45056205267722,43.08594917325112,0.0152488277728513,0.0263603766926035,0.7405612759943468,0.3005941405449703,4.447241045498548,1.2974691930568438,0.0,2.815891472868217,0.0062650222632645,0.4108527131782946,0.0,0.0,0.1530014341323499,0.3860977288368892,0.0763265306122449,2.1828793774319064,0.0,3.923491120628853,0.027005809389229,0.0249625078612549,-2.905609756451903,2245000000.0,6172000000.0,-4707000000.0,15206000000.0,3182500000.0,5148000000.0,3091000000.0,37.78775510204081,116.89629811228242,66.21475851924491,2.3817239144523654,0.769913174782937,1.3592135954681772,0.0520896426408237,0.2052439024640541,1993-04-27,0.17,bmo,,2025-04-25,1993-03-31,0.0588235294117645,12.0790625,4193313.0
1992-12-31,PG,USD,80424,1992-12-31,1992-12-30 19:00:00,1993,Q2,7839000000.0,4214000000.0,3625000000.0,0.4624314326,0,0.0,0.0,2435000000.0,283000000.0,2718000000.0,6932000000.0,0.0,0.0,283000000.0,1190000000.0,0.1518050772,907000000.0,0.1157035336,-12000000.0,895000000.0,0.1141727261,305000000.0,590000000.0,0.0752647021,0.21,0.2,2695238095,2902564103,,,2.908462897783433,0.2189045936589138,0.1595406360564965,0.0189222614857705,0.8143992933581625,3.542915194659268,2.1489752652075067,3.542915194659268,2.7589399295723447,35873619044.450005,41114619044.450005,15.2006860357839,4.57630042664243,83.42702103360466,703.4042949892158,3.7567932814378473,3.7567932814378473,5.244880602685292,34.55010003735295,95.61539312662792,806.1690008715688,0.0164466261201287,0.0014216575120789,0.7787202848465808,0.311377245508982,4.404201680672269,1.2924077515264136,0.0,0.7288135593220338,0.0058817595107579,0.3576271186440678,0.0,0.0,0.1573217201959716,0.8813953488372093,0.0483480035718841,1.3392226148409894,0.0,4.177332791235907,0.0316639630633447,0.0293182269926455,-3.000569788250934,2203000000.0,5792000000.0,-4595000000.0,15159000000.0,3383000000.0,5443500000.0,3376000000.0,37.64638346727899,106.74418604651164,67.93782629330802,2.3906678865507778,0.8431372549019608,1.3247406475950958,0.0617865745104199,0.140618374570726,1992-12-30,,bmo,,2025-04-25,1992-12-31,,12.116666666666667,3573874.380952381
1992-09-30,PG,USD,80424,1992-09-30,1992-09-29 20:00:00,1993,Q1,7879000000.0,4451000000.0,3428000000.0,0.435080594,0,0.0,0.0,2436000000.0,279000000.0,2715000000.0,7166000000.0,0.0,0.0,279000000.0,992000000.0,0.1259043026,713000000.0,0.0904937175,-43000000.0,670000000.0,0.0850361721,239000000.0,431000000.0,0.0547023734,0.15,0.14,2713333333,2907142857,,,2.903808354165087,0.158845208864723,0.0950859950976764,-0.0346437346479906,0.5970515971249449,3.4404176908403463,2.017813268061156,3.4404176908403463,2.6679361182638743,33238333329.25,38857333329.25,19.27977571302204,4.2185979603058765,128.8307493381783,-353.59929073670213,3.560614175602571,3.560614175602571,4.931759529032872,39.17069892061492,150.60981910562015,-413.37588648138296,0.0129669558256916,-0.0028280599712645,0.7754686663095876,0.2937667397126856,5.664314516129032,1.2046298588759594,0.0,0.5986078886310905,0.0063480920631576,0.4895591647331787,0.0,0.0,0.1566431296161025,1.3643410852713178,0.0446757202690696,1.2616487455197132,0.0,3.506581241091815,0.0244580170655282,0.0207391011452218,-3.4224508603713084,1653000000.0,5475000000.0,-5576000000.0,15394000000.0,3414000000.0,4399500000.0,3441000000.0,39.83119685239243,119.07661199730398,72.2062457874635,2.259535417264124,0.7558159280013584,1.2464295715485858,0.0461703267273701,0.129729729745667,1993-01-28,0.21,bmo,,2025-04-25,1992-09-30,0.0,12.700967741935484,3331582.3870967743
1992-06-30,PG,USD,80424,1992-06-30,1992-06-29 20:00:00,1992,Q4,7167000000.0,4142000000.0,3025000000.0,0.4220733919,0,0.0,0.0,2338000000.0,273000000.0,2611000000.0,6753000000.0,0.0,0.0,273000000.0,687000000.0,0.0958560067,414000000.0,0.0577647551,83000000.0,497000000.0,0.0693456118,158000000.0,339000000.0,0.0473001256,0.13,0.13,2647058824,2647058824,,,2.707533332851994,0.1280666666438992,0.4023333332618074,0.1669777777480928,0.6709333332140563,3.4268222216130093,1.968222221872316,3.4268222216130093,2.72944444395921,30202941181.84,35651941181.84,22.27355544383481,4.214167878029859,28.35956918482629,68.33244611276018,3.3296153877014665,3.3296153877014665,4.974458097089437,51.89511089059679,33.47600110970892,80.66050041140271,0.0112240724490709,0.0146343363495261,0.7964943225664205,0.3007284079084287,7.931586608442504,1.2255953938759487,0.0,3.1415929203539825,0.006886746517424,0.6135693215339233,0.0,0.0,0.1607075962539021,0.5849765258215962,0.086926189479559,2.282051282051282,0.0,3.142353931342305,0.0153596039112017,0.0168121404483237,-3.4063277771722085,1724000000.0,5210000000.0,-5588000000.0,15281000000.0,3262000000.0,4134000000.0,3483500000.0,41.95479280033487,63.23032351521004,71.943505552873,2.145166117928764,1.4233676975945018,1.250981576562972,0.0373718443391026,0.2353555555137145,1992-06-29,,bmo,,2025-04-25,1992-06-30,,13.081875,2458646.375
1992-03-31,PG,USD,80424,1992-03-31,1992-03-30 19:00:00,1992,Q3,7483000000.0,4114000000.0,3369000000.0,0.4502204998,0,0.0,0.0,2414000000.0,268000000.0,2682000000.0,6796000000.0,0.0,0.0,268000000.0,955000000.0,0.1276226113,687000000.0,0.0918080984,38000000.0,725000000.0,0.0968862756,251000000.0,474000000.0,0.0633435788,0.17,0.16,2647058824,2903225806,,,2.826911110608549,0.1790666666348326,0.4756222221376671,0.302977777723915,0.6497777776622617,3.352022221626308,1.8858666663314017,3.352022221626308,2.867333332823585,33591176476.56,39461176476.56,17.716865230253163,4.488998593687024,26.680839139444004,41.88425994583541,3.785774425398399,3.785774425398399,5.273443335100895,41.32060364037696,31.343269639841143,49.20346194084788,0.0141108484345809,0.0238753173935315,0.8554040347120477,0.3183591292311564,6.146596858638744,1.1836085626911317,0.0,2.656118143459916,0.00577532615255,0.4092827004219409,0.0,0.0,0.1627867958558785,0.3629864972200158,0.0610717626620339,1.705223880597015,0.0,3.6749554457886218,0.0243010259194376,0.0237474949899799,-3.4123722216155783,1501000000.0,4992000000.0,-5292000000.0,14469000000.0,3322500000.0,5205000000.0,3631000000.0,38.28277428838701,117.21438988818667,79.98055420515314,2.3509267986176563,0.7678238148562897,1.12527352297593,0.0534204891243097,0.1726444444137521,1992-03-30,,bmo,,2025-04-25,1992-03-31,,12.1046875,2897783.34375
1991-12-31,PG,USD,80424,1991-12-31,1991-12-30 19:00:00,1992,Q2,7507000000.0,4107000000.0,3400000000.0,0.4529106168,0,0.0,0.0,2271000000.0,261000000.0,2532000000.0,6639000000.0,0.0,0.0,261000000.0,1129000000.0,0.1503929666,868000000.0,0.1156254163,-47000000.0,821000000.0,0.109364593,298000000.0,523000000.0,0.0696683096,0.19,0.18,2691891892,2845714286,,,2.788744979807681,0.1942871485865748,0.1337349397536652,-0.0404919678698597,0.5237951807018556,3.208524096256686,1.779046184667508,3.208524096256686,2.9837751002817763,31360540541.8,37982540541.8,14.99069815573614,4.1775063996003725,87.11261261611111,-287.7113811174312,3.630952939886535,3.630952939886535,5.059616430238444,33.64263998387954,105.50705706055555,-348.46367469541286,0.0166770084623669,-0.0034757053965544,0.9299525298135928,0.3384317195466228,5.865367581930912,1.130007027406887,0.0,0.6883365200764818,0.0061861178617575,0.3709369024856596,0.0,0.0,0.1621371086672565,1.3027777777777778,0.0624750233115758,1.7969348659003832,0.0,3.745121820614537,0.0295990748186375,0.0263012320844857,-3.449804216728924,1110000000.0,4789000000.0,-5448000000.0,14043000000.0,3480500000.0,5082000000.0,3460500000.0,41.50526175569469,110.70854638422206,79.02118334550767,2.168399768919699,0.8129453681710214,1.1389351081530783,0.0605534329049438,0.174226907623525,1991-12-30,,bmo,,2025-04-25,1991-12-31,,12.473650793650794,3549200.8253968256
1991-09-30,PG,USD,80424,1991-09-30,1991-09-29 20:00:00,1992,Q1,7205000000.0,3910000000.0,3295000000.0,0.4573213046,0,0.0,0.0,2148000000.0,249000000.0,2397000000.0,6307000000.0,0.0,0.0,249000000.0,1147000000.0,0.1591950035,898000000.0,0.1246356697,-56000000.0,842000000.0,0.1168632894,306000000.0,536000000.0,0.0743927828,0.19,0.18,2700000000,2850000000,,,2.6685185185185185,0.1985185185185185,0.1429629629629629,0.0088888888888888,0.4959259259259259,3.035925925925926,1.6174074074074074,3.035925925925926,2.7911111111111118,28431000000.0,34628000000.0,13.2607276119403,3.946009715475365,73.65544041450777,1184.625,3.4684640722215443,3.4684640722215443,4.806106870229008,30.190061028770707,89.70984455958549,1442.8333333333333,0.0188526608279694,0.0008441489922971,0.919360741734781,0.3307439104674127,5.402789886660854,1.1359832635983265,0.0,0.7201492537313433,0.0067531919383771,0.3582089552238806,0.0,0.0,0.1680930436690805,0.9378238341968912,0.0502428868841082,1.4538152610441768,0.0,3.682454227251504,0.0323458640896852,0.0282774993405433,-3.321203703703704,1105000000.0,4367000000.0,-5357000000.0,13629000000.0,3261500000.0,3766000000.0,3252500000.0,43.70714781401804,117.66751918158567,76.30434782608695,2.059159759931409,0.764866979655712,1.1794871794871795,0.0653897767475905,0.134074074074074,1991-09-29,,bmo,,2025-04-25,1991-09-30,,12.254444444444443,4071536.095238095
1991-06-30,PG,USD,80424,1991-06-30,1991-06-29 20:00:00,1991,Q4,6722000000.0,3990000000.0,2732000000.0,0.4064266587,0,0.0,0.0,2089000000.0,232000000.0,2321000000.0,6311000000.0,0.0,0.0,232000000.0,643000000.0,0.0956560547,411000000.0,0.0611425171,30000000.0,441000000.0,0.0656054746,137000000.0,304000000.0,0.0452246355,0.11,0.11,2751724138,2751724138,,,2.4428320801392776,0.1104761904734216,0.2547493734271993,0.021804511277649,0.5029573934711038,2.811328320731546,1.763984962361805,2.811328320731546,2.209523809468433,27132000000.68,31828000000.68,22.312500000559208,4.036298720720024,38.70470756159772,452.2000000113333,3.507238883231644,3.507238883231644,4.734900327384707,49.49922239608088,45.40370898813124,530.466666678,0.0112044817924362,0.0022114108800861,0.7859358841778697,0.2970490521790111,7.303265940902022,1.2527847913263033,0.0,2.3059210526315788,0.0072976559042841,0.6513157894736842,0.0,0.0,0.1408051592730115,0.9144079885877318,0.0953585242487354,2.7629310344827585,0.0,2.643512619319305,0.0180412460450303,0.0172864778801319,-2.720112781886714,1702000000.0,4854000000.0,-4297000000.0,12857000000.0,2926000000.0,3474000000.0,3294500000.0,40.487950014876525,54.58646616541353,71.95488721804512,2.2228835978835977,1.6487603305785123,1.250783699059561,0.0392967942088934,0.2329448621495502,1991-06-29,,bmo,,2025-04-25,1991-06-30,,10.370625,3468217.09375
1991-03-31,PG,USD,80424,1991-03-31,1991-03-30 19:00:00,1991,Q3,6795000000.0,3800000000.0,2995000000.0,0.4407652686,0,0.0,0.0,2160000000.0,241000000.0,2401000000.0,6201000000.0,0.0,0.0,241000000.0,835000000.0,0.1228844739,594000000.0,0.0874172185,30000000.0,624000000.0,0.0918322296,200000000.0,424000000.0,0.0623988227,0.14,0.14,2751724138,2850000000,,,2.4693609021937504,0.1540852130287196,0.2798245613964956,0.106478696739186,0.4669799498629829,2.999937343283209,1.9391478696255853,2.999937343283209,1.952957393434763,28893103449.0,32982103449.0,17.036027977004718,4.252112354525386,37.52351097272727,98.61127456996589,3.5000731010296797,3.5000731010296797,4.853878358940397,39.499525088622754,42.833900583116886,112.56690596928328,0.0146747821932113,0.0101408282608748,0.6509993943064809,0.2666997518610421,4.8970059880239525,1.4550347222222222,0.0,1.8160377358490567,0.0068528464015468,0.4669811320754717,0.0,0.0,0.1448635235732009,0.6194805194805195,0.0701986754966887,1.979253112033195,0.0,3.2249859928042484,0.0258363451936618,0.0246068133016075,-2.4673621553266325,2621000000.0,5336000000.0,-3514000000.0,13602000000.0,2924500000.0,4527000000.0,3381000000.0,37.45695364238411,107.2421052631579,80.50263157894736,2.4027581329561527,0.8392226148409894,1.1179758752574287,0.0513628104179285,0.1733458646573096,1991-03-30,,bmo,,2025-04-25,1991-03-31,,10.13984375,3431834.0
1990-12-31,PG,USD,80424,1990-12-31,1990-12-30 19:00:00,1991,Q2,6857000000.0,3780000000.0,3077000000.0,0.4487385154,0,0.0,0.0,2031000000.0,247000000.0,2278000000.0,6058000000.0,0.0,0.0,247000000.0,1046000000.0,0.1525448447,799000000.0,0.1165232609,-40000000.0,759000000.0,0.110689806,269000000.0,490000000.0,0.0714598221,0.17,0.16,2788235294,2962500000,,,2.459261603479294,0.1757383966318877,0.1423839662507335,-0.0344303797482882,0.5490928270273879,2.9947257385229844,1.9528481013482213,2.9947257385229844,2.036413502195629,29973529410.5,34120529410.5,15.292617046173469,4.371230773005688,75.50007408186399,-312.22426469270835,3.589644240778443,3.589644240778443,4.976014205993875,32.62000899665392,85.94591791057934,-355.422181359375,0.0163477578262221,-0.0032028260230965,0.68,0.2755374387344106,3.964627151051625,1.5187036717807274,0.0,0.810204081632653,0.0063389265040453,0.3877551020408163,0.0,0.0,0.1409715145338962,1.2418136020151134,0.0718973311943998,1.9959514170040489,0.0,3.441146137830561,0.0320765780679316,0.0276804880804428,-2.4311972574865486,3009000000.0,5445000000.0,-3447000000.0,13957000000.0,3064000000.0,4631000000.0,3260500000.0,39.65145107189733,107.76190476190476,80.07142857142857,2.269778219132738,0.8351745470614229,1.1239964317573594,0.0586826347305389,0.1768143459990217,1990-12-30,,bmo,,2025-04-25,1990-12-31,,10.3478125,5627828.09375
1990-09-30,PG,USD,80424,1990-09-30,1990-09-29 20:00:00,1991,Q1,6652000000.0,3555000000.0,3097000000.0,0.4655742634,0,0.0,0.0,1963000000.0,236000000.0,2199000000.0,5754000000.0,0.0,0.0,236000000.0,1134000000.0,0.1704750451,898000000.0,0.1349969934,-35000000.0,863000000.0,0.1297354179,308000000.0,555000000.0,0.0834335538,0.2,0.19,2715000000,2857894737,,,2.450092081031308,0.2044198895027624,0.0740331491712707,-0.0615101289134438,0.4979742173112338,2.9528545119705343,1.880294659300184,2.9528545119705343,1.916390423572744,25928250000.000004,29779250000.000004,11.679391891891893,3.8978126879134094,128.99626865671644,-155.25898203592817,3.234158662841462,3.234158662841462,4.476736319903789,26.260361552028225,148.15547263681594,-178.3188622754491,0.0214052240317028,-0.006440851195125,0.6489958837470375,0.2605799569289327,3.395943562610229,1.3157484001872952,0.0,0.3621621621621622,0.006440851195125,0.3009009009009009,0.0,0.0,0.1458406370511343,1.8308457711442787,0.0553217077570655,1.5593220338983051,0.0,3.685308581887259,0.0379166627676539,0.0325417766051011,-2.4636279926335174,2023000000.0,5105000000.0,-3520000000.0,12695000000.0,2877000000.0,3560500000.0,3011500000.0,42.03698135898978,119.8987341772152,79.9493670886076,2.1409719987125846,0.7506334459459459,1.1257124762507915,0.069227890732194,0.1355432780847145,1990-09-29,,bmo,,2025-04-25,1990-09-30,,10.230491803278689,6905017.1147540985
1990-06-30,PG,USD,80424,1990-06-30,1990-06-29 20:00:00,1990,Q4,6216000000.0,3595000000.0,2621000000.0,0.4216537967,0,0.0,0.0,1926000000.0,229000000.0,2155000000.0,5750000000.0,0.0,0.0,229000000.0,695000000.0,0.1118082368,466000000.0,0.074967825,-57000000.0,409000000.0,0.0657979408,125000000.0,284000000.0,0.0456885457,0.11,0.11,2703448276,2703448276,,,2.299285714168404,0.1050510204028035,0.254859693864548,0.0932142857095298,0.5204464285448752,2.7808928570009748,1.8213775509274808,2.7808928570009748,1.658992346854133,29224275863.56,32302275863.56,25.725594950316903,4.701460081010296,42.41549472214804,115.96934866492064,3.8872407373716418,3.8872407373716418,5.1966338261840415,46.47809476771224,46.88283869892598,128.18363437920635,0.0097179482333768,0.0086229681507428,0.5965682362330407,0.2426029101530805,4.428776978417266,1.4111131622669375,0.0,2.426056338028169,0.0057144273062462,0.5880281690140845,0.0,0.0,0.1403148158165197,0.6342525399129173,0.0703024453024453,1.908296943231441,0.0,2.563796350302311,0.0231674276582436,0.0178695022966085,-2.2727455355983293,2227000000.0,4924000000.0,-3325000000.0,12257000000.0,2628000000.0,3442500000.0,2832500000.0,38.32528957528957,59.70792767732962,71.72461752433935,2.348318851530034,1.5073375262054507,1.2547993019197208,0.0377760042564511,0.1616454081550181,1990-06-29,,bmo,,2025-04-25,1990-06-30,,10.0946875,4849602.875
1990-03-31,PG,USD,80424,1990-03-31,1990-03-30 19:00:00,1990,Q3,6123000000.0,3456000000.0,2667000000.0,0.4355707986,0,0.0,0.0,1859000000.0,210000000.0,2069000000.0,5525000000.0,0.0,0.0,210000000.0,808000000.0,0.1319614568,598000000.0,0.0976645435,-3000000.0,595000000.0,0.0971745876,191000000.0,404000000.0,0.0659807284,0.14,0.14,2703448276,2903703704,,,2.2648852039660774,0.1494387755025796,0.2433928571304391,0.1257653061160323,0.5074999999741071,2.728367346799573,1.843201530518204,2.728367346799573,1.671938775424901,22736000001.16,25884000001.16,14.069306931410893,3.7132124777331375,34.55319149112462,66.87058823870588,3.0824295012418657,3.0824295012418657,4.2273395396309,32.03465346678218,39.33738602,76.12941176811765,0.0177691766352651,0.014954257564332,0.6127982646420824,0.2479021554324576,3.896039603960396,1.36950623982637,0.0,1.6287128712871286,0.0073891625611993,0.4158415841584158,0.0,0.0,0.1312455437942192,0.4832826747720364,0.0519353258206761,1.5142857142857142,0.0,3.0288260427278386,0.0295665167690902,0.0255050505050505,-2.2668271682516923,2043000000.0,4983000000.0,-3285000000.0,11766000000.0,2608500000.0,4392000000.0,2719000000.0,38.34884860362568,117.1875,72.91666666666667,2.346876197776926,0.768,1.2342857142857142,0.0547722342733188,0.1176275510144067,1990-03-30,,bmo,,2025-04-25,1990-03-31,,10.016031746031748,5274233.142857143
1989-12-31,PG,USD,80424,1989-12-31,1989-12-30 19:00:00,1990,Q2,6025000000.0,3598000000.0,2427000000.0,0.4028215768,0,0.0,0.0,1759000000.0,214000000.0,1973000000.0,5571000000.0,0.0,0.0,214000000.0,668000000.0,0.1108713693,454000000.0,0.0753526971,89000000.0,543000000.0,0.0901244813,193000000.0,350000000.0,0.0580912863,0.13,0.12,2712000000,2825000000,,,2.2216076696165192,0.1290560471976401,,,0.5859144542772862,2.642699115044248,1.7566371681415929,2.642699115044248,1.7319321533923304,23648640000.0,26756640000.0,16.891885714285717,3.925085477178423,0.0,0.0,3.299656760150691,3.299656760150691,4.440936099585063,40.0548502994012,0.0,0.0,0.0148000054125734,,0.6553648667503837,0.2610024449877751,4.652694610778443,1.4284370885837878,0.0,0.0,0.0064506880733944,0.4358571428571428,0.0,0.0,0.1335296732607246,0.0,,0.0,,2.770156455636942,0.0213414175536315,0.022445969345219,-2.19948377581121,2278000000.0,4764000000.0,-3234000000.0,11871000000.0,,,,38.957676348547714,107.15953307392996,65.98665925514175,2.310199386503068,0.8398692810457516,1.3639120545868082,0.0488349379098646,,1989-12-30,,bmo,,2025-04-25,1989-12-31,,9.487619047619049,4739718.158730159
1989-09-30,PG,USD,80424,1989-09-30,1989-09-29 20:00:00,1990,Q1,5575000000.0,0.0,5575000000.0,1.0,0,0.0,0.0,0.0,5575000000.0,5575000000.0,5575000000.0,0.0,0.0,0.0,5575000000.0,1.0,5575000000.0,1.0,-5575000000.0,0.0,0.0,-551000000.0,0.0,0.0,0.21,0.2,2639568000,2639568000,,,2.1120880386487486,0.0,,,,,,,,19638385920.0,,0.0,3.5225804340807176,0.0,0.0,0.0,0.0,,,0.0,0.0,0.0,,0.0,0.0,,0.0,0.0,0.0,0.0067204301075268,0.0,0.0,0.0,0.0,0.0,,0.0,,,0.0,0.0,,,,,,,,,,0.0,0.0,0.0,0.0,0.0,0.0,,1989-09-29,,bmo,,2025-04-25,1989-09-30,,8.203968253968254,4758998.158730159
1989-06-30,PG,USD,80424,1989-06-30,1989-06-29 20:00:00,1989,Q4,5433000000.0,0.0,5433000000.0,1.0,0,0.0,0.0,0.0,5433000000.0,5433000000.0,5433000000.0,0.0,0.0,0.0,-13926000000.0,-2.5632247377,-13926000000.0,-2.5632247377,13926000000.0,0.0,0.0,-171000000.0,0.0,0.0,0.0,0.0,2591840000,2701280000,,,2.096194209519106,0.0,,,0.6123063152046423,2.012084079264152,1.122754491017964,2.012084079264152,1.6710136428174578,17417164800.0,20161164800.0,0.0,3.2058098288238543,0.0,0.0,3.33982067114094,3.33982067114094,3.710871489048408,-1.4477355163004453,0.0,0.0,0.0,,0.8304889741131352,0.2648767659470368,-0.1970415050983771,1.4128006872852237,0.0,0.0,0.0074404761904761,0.0,0.0,0.0,0.1409699712555807,0.0,,0.0,,0.0,,0.0,-2.628634483610099,1922000000.0,2910000000.0,-4558000000.0,11020000000.0,,,,34.62175593594699,0.0,0.0,2.5995215311004785,0.0,0.0,0.0,,1989-06-29,,bmo,,2025-04-25,1989-06-30,,,
1989-03-31,PG,USD,80424,1989-03-31,1989-03-30 19:00:00,1989,Q3,5430000000.0,0.0,5430000000.0,1.0,0,0.0,0.0,0.0,5430000000.0,5430000000.0,5430000000.0,0.0,0.0,0.0,5430000000.0,1.0,5430000000.0,1.0,-5430000000.0,0.0,0.0,-310000000.0,0.0,0.0,0.12,0.12,2701280000,2701280000,,,2.010158147248712,0.0,,,,,,,,15505347200.0,,0.0,2.855496721915286,0.0,0.0,0.0,0.0,,,0.0,0.0,0.0,,0.0,0.0,,0.0,0.0,0.0,0.0087108013937282,0.0,0.0,0.0,0.0,0.0,,0.0,,,0.0,0.0,,,,,,,,,,0.0,0.0,0.0,0.0,0.0,0.0,,1989-03-30,,bmo,,2025-04-25,1989-03-31,,,
1988-12-31,PG,USD,80424,1988-12-31,1988-12-30 19:00:00,1989,Q2,5268000000.0,0.0,5268000000.0,1.0,0,0.0,0.0,0.0,5268000000.0,5268000000.0,5268000000.0,0.0,0.0,0.0,5268000000.0,1.0,5268000000.0,1.0,-5268000000.0,0.0,0.0,-325000000.0,0.0,0.0,0.12,0.12,2709856000,2709856000,,,1.9440147373144552,0.0,,,,,,,,14633222400.000002,,0.0,2.777756719817768,0.0,0.0,0.0,0.0,,,0.0,0.0,0.0,,0.0,0.0,,0.0,0.0,0.0,0.0081018518518518,0.0,0.0,0.0,0.0,0.0,,0.0,,,0.0,0.0,,,,,,,,,,0.0,0.0,0.0,0.0,0.0,0.0,,1988-12-30,,bmo,,2025-04-25,1988-12-31,,,
1988-09-30,PG,USD,80424,1988-09-30,1988-09-29 20:00:00,1989,Q1,5267000000.0,0.0,5267000000.0,1.0,0,0.0,0.0,0.0,5267000000.0,5267000000.0,5267000000.0,0.0,0.0,0.0,5267000000.0,1.0,5267000000.0,1.0,-5267000000.0,0.0,0.0,-400000000.0,0.0,0.0,0.15,0.15,2709856000,2709856000,,,1.9436457140158,0.0,,,,,,,,13440885760.0,,0.0,2.5519054034554776,0.0,0.0,0.0,0.0,,,0.0,0.0,0.0,,0.0,0.0,,0.0,0.0,0.0,0.008820564516129,0.0,0.0,0.0,0.0,0.0,,0.0,,,0.0,0.0,,,,,,,,,,0.0,0.0,0.0,0.0,0.0,0.0,,1988-09-29,,bmo,,2025-04-25,1988-09-30,,,
1988-06-30,PG,USD,80424,1988-06-30,1988-06-29 20:00:00,1988,Q4,4973000000.0,0.0,4973000000.0,1.0,0,0.0,0.0,0.0,4973000000.0,4973000000.0,4973000000.0,0.0,0.0,0.0,-12567000000.0,-2.5270460487,-12567000000.0,-2.5270460487,12567000000.0,0.0,0.0,-140000000.0,0.0,0.0,0.0,0.0,2709856000,2709984000,,,1.835152864211235,0.0,,,0.3930098130675578,2.3385006435766327,1.6211193509913442,2.3385006435766327,1.2413943766753657,13034407359.999998,15333407359.999998,0.0,2.621035061331188,0.0,0.0,2.056873498500868,2.056873498500868,3.0833314618942285,-1.2201326776478076,0.0,0.0,0.0,,0.5308505602019883,0.2269905533063427,-0.1829394445770669,1.324100378787879,0.0,0.0,0.009095634095634,0.0,0.0,0.0,0.1311740890688259,0.0,,0.0,,0.0,,0.0,-1.8276801424134712,1369000000.0,4393000000.0,-2890000000.0,10091000000.0,,,,31.83390307661372,0.0,0.0,2.827174530983513,0.0,0.0,0.0,,1988-06-29,,bmo,,2025-04-25,1988-06-30,,,
1988-03-31,PG,USD,80424,1988-03-31,1988-03-30 19:00:00,1988,Q3,4860000000.0,0.0,4860000000.0,1.0,0,0.0,0.0,0.0,4860000000.0,4860000000.0,4860000000.0,0.0,0.0,0.0,4860000000.0,1.0,4860000000.0,1.0,-4860000000.0,0.0,0.0,-263000000.0,0.0,0.0,0.1,0.1,2709984000,2709984000,,,1.7933685217329696,0.0,,,,,,,,13089222720.0,,0.0,2.6932557037037035,0.0,0.0,0.0,0.0,,,0.0,0.0,0.0,,0.0,0.0,,0.0,0.0,0.0,0.0090579710144927,0.0,0.0,0.0,0.0,0.0,,0.0,,,0.0,0.0,,,,,,,,,,0.0,0.0,0.0,0.0,0.0,0.0,,1988-03-30,,bmo,,2025-04-25,1988-03-31,,,
1987-12-31,PG,USD,80424,1987-12-31,1987-12-30 19:00:00,1988,Q2,4839000000.0,0.0,4839000000.0,1.0,0,0.0,0.0,0.0,4839000000.0,4839000000.0,4839000000.0,0.0,0.0,0.0,4839000000.0,1.0,4839000000.0,1.0,-4839000000.0,0.0,0.0,-261000000.0,0.0,0.0,0.05,0.05,2707152000,2707152000,,,1.7874873667972837,0.0,,,,,,,,14347905600.0,,0.0,2.9650559206447613,0.0,0.0,0.0,0.0,,,0.0,0.0,0.0,,0.0,0.0,,0.0,0.0,0.0,0.0079599056603773,0.0,0.0,0.0,0.0,0.0,,0.0,,,0.0,0.0,,,,,,,,,,0.0,0.0,0.0,0.0,0.0,0.0,,1987-12-30,,bmo,,2025-04-25,1987-12-31,,,
1987-09-30,PG,USD,80424,1987-09-30,1987-09-29 20:00:00,1988,Q1,4664000000.0,0.0,4664000000.0,1.0,0,0.0,0.0,0.0,4664000000.0,4664000000.0,4664000000.0,0.0,0.0,0.0,4664000000.0,1.0,4664000000.0,1.0,-4664000000.0,0.0,0.0,-356000000.0,0.0,0.0,0.07,0.07,2704480000,2704480000,,,1.7245459385907826,0.0,,,,,,,,16957089599.999998,,0.0,3.635739622641509,0.0,0.0,0.0,0.0,,,0.0,0.0,0.0,,0.0,0.0,,0.0,0.0,0.0,0.0067284688995215,0.0,0.0,0.0,0.0,0.0,,0.0,,,0.0,0.0,,,,,,,,,,0.0,0.0,0.0,0.0,0.0,0.0,,1987-09-29,,bmo,,2025-04-25,1987-09-30,,,
1987-06-30,PG,USD,80424,1987-06-30,1987-06-29 20:00:00,1987,Q4,4167000000.0,0.0,4167000000.0,1.0,0,0.0,0.0,0.0,4167000000.0,4167000000.0,4167000000.0,0.0,0.0,0.0,-12026000000.0,-2.8860091193,-12026000000.0,-2.8860091193,12026000000.0,0.0,0.0,324000000.0,0.0,0.0,0.0,0.0,2692256000,2692256000,,,1.5477725743762851,0.0,,,0.275233855918605,2.132040935185956,1.5069146470469377,2.132040935185956,1.1232215658540643,16368916480.0,18651916480.0,0.0,3.928225697144229,0.0,0.0,2.851727609756097,2.851727609756097,4.476101867050636,-1.5509659471145851,0.0,0.0,0.0,,0.526829268292683,0.2204885162231133,-0.1898386828538167,1.440427993059572,0.0,0.0,0.0069387335526315,0.0,0.0,0.0,0.122712358731316,0.0,,0.0,,0.0,,0.0,-1.851328402648188,1523000000.0,4057000000.0,-2994000000.0,9737000000.0,,,,33.628509719222464,0.0,0.0,2.6763005780346822,0.0,0.0,0.0,,1987-06-29,,bmo,,2025-04-25,1987-06-30,,,
1987-03-31,PG,USD,80424,1987-03-31,1987-03-30 19:00:00,1987,Q3,4222000000.0,0.0,4222000000.0,1.0,0,0.0,0.0,0.0,4222000000.0,4222000000.0,4222000000.0,0.0,0.0,0.0,4222000000.0,1.0,4222000000.0,1.0,-4222000000.0,0.0,0.0,-188000000.0,0.0,0.0,0.07,0.07,2692256000,2692256000,,,1.5682015380409589,0.0,,,,,,,,15372781760.0,,0.0,3.641113633349123,0.0,0.0,0.0,0.0,,,0.0,0.0,0.0,,0.0,0.0,,0.0,0.0,0.0,0.0073883537653239,0.0,0.0,0.0,0.0,0.0,,0.0,,,0.0,0.0,,,,,,,,,,0.0,0.0,0.0,0.0,0.0,0.0,,1987-03-30,,bmo,,2025-04-25,1987-03-31,,,
1986-12-31,PG,USD,80424,1986-12-31,1986-12-30 19:00:00,1987,Q2,4255000000.0,0.0,4255000000.0,1.0,0,0.0,0.0,0.0,4255000000.0,4255000000.0,4255000000.0,0.0,0.0,0.0,4255000000.0,1.0,4255000000.0,1.0,-4255000000.0,0.0,0.0,-190000000.0,0.0,0.0,0.07,0.07,2692256000,2692256000,,,1.580458916239763,0.0,,,,,,,,12761293440.0,,0.0,2.99912889306698,0.0,0.0,0.0,0.0,,,0.0,0.0,0.0,,0.0,0.0,,0.0,0.0,0.0,0.0089004219409282,0.0,0.0,0.0,0.0,0.0,,0.0,,,0.0,0.0,,,,,,,,,,0.0,0.0,0.0,0.0,0.0,0.0,,1986-12-30,,bmo,,2025-04-25,1986-12-31,,,
1986-09-30,PG,USD,80424,1986-09-30,1986-09-29 20:00:00,1987,Q1,4356000000.0,0.0,4356000000.0,1.0,0,0.0,0.0,0.0,4356000000.0,4356000000.0,4356000000.0,0.0,0.0,0.0,4356000000.0,1.0,4356000000.0,1.0,-4356000000.0,0.0,0.0,-273000000.0,0.0,0.0,0.11,0.11,2692256000,2692256000,,,1.6179739222421643,0.0,,,,,,,,11307475200.0,,0.0,2.5958391184573,0.0,0.0,0.0,0.0,,,0.0,0.0,0.0,,0.0,0.0,,0.0,0.0,0.0,0.0100447619047619,0.0,0.0,0.0,0.0,0.0,,0.0,,,0.0,0.0,,,,,,,,,,0.0,0.0,0.0,0.0,0.0,0.0,,1986-09-29,,bmo,,2025-04-25,1986-09-30,,,
1986-06-30,PG,USD,80424,1986-06-30,1986-06-29 20:00:00,1986,Q4,3888000000.0,0.0,3888000000.0,1.0,0,0.0,0.0,0.0,3888000000.0,3888000000.0,3888000000.0,0.0,0.0,0.0,-10246000000.0,-2.6352880658,-10246000000.0,-2.6352880658,10246000000.0,0.0,0.0,-127000000.0,0.0,0.0,0.0,0.0,2681344000,2681344000,,,1.4500190949016614,0.0,,,0.2107152234103494,2.127291388199351,1.505588242314302,2.127291388199351,1.2005173524918846,13326279680.0,15980279680.0,0.0,3.427541069958848,0.0,0.0,2.336304291725105,2.336304291725105,4.110154238683128,-1.559660324028889,0.0,0.0,0.0,,0.5643408134642356,0.2465721945614707,-0.259027913332032,1.3147885325007096,0.0,0.0,0.0084885311871227,0.0,0.0,0.0,0.1276905400229797,0.0,,0.0,,0.0,,0.0,-1.7030638366431163,1109000000.0,4037000000.0,-2719000000.0,9098000000.0,,,,37.03703703703704,0.0,0.0,2.43,0.0,0.0,0.0,,1986-06-29,,bmo,,2025-04-25,1986-06-30,,,
1986-03-31,PG,USD,80424,1986-03-31,1986-03-30 19:00:00,1986,Q3,4081000000.0,0.0,4081000000.0,1.0,0,0.0,0.0,0.0,4081000000.0,4081000000.0,4081000000.0,0.0,0.0,0.0,4081000000.0,1.0,4081000000.0,1.0,-4081000000.0,0.0,0.0,-167000000.0,0.0,0.0,0.065,0.065,2681344000,2681344000,,,1.5219979234294445,0.0,,,,,,,,12253742080.0,,0.0,3.0026322175937272,0.0,0.0,0.0,0.0,,,0.0,0.0,0.0,,0.0,0.0,,0.0,0.0,0.0,0.0088894967177242,0.0,0.0,0.0,0.0,0.0,,0.0,,,0.0,0.0,,,,,,,,,,0.0,0.0,0.0,0.0,0.0,0.0,,1986-03-30,,bmo,,2025-04-25,1986-03-31,,,
1985-12-31,PG,USD,80424,1985-12-31,1985-12-30 19:00:00,1986,Q2,3865000000.0,0.0,3865000000.0,1.0,0,0.0,0.0,0.0,3865000000.0,3865000000.0,3865000000.0,0.0,0.0,0.0,3865000000.0,1.0,3865000000.0,1.0,-3865000000.0,0.0,0.0,-165000000.0,0.0,0.0,0.065,0.065,2681344000,2681344000,,,1.4414413070460188,0.0,,,,,,,,11610219520.0,,0.0,3.0039377800776195,0.0,0.0,0.0,0.0,,,0.0,0.0,0.0,,0.0,0.0,,0.0,0.0,0.0,0.0093822170900692,0.0,0.0,0.0,0.0,0.0,,0.0,,,0.0,0.0,,,,,,,,,,0.0,0.0,0.0,0.0,0.0,0.0,,1985-12-30,,bmo,,2025-04-25,1985-12-31,,,
1985-09-30,PG,USD,80424,1985-09-30,1985-09-29 20:00:00,1986,Q1,3605000000.0,0.0,3605000000.0,1.0,0,0.0,0.0,0.0,3605000000.0,3605000000.0,3605000000.0,0.0,0.0,0.0,3605000000.0,1.0,3605000000.0,1.0,-3605000000.0,0.0,0.0,-250000000.0,0.0,0.0,0.095,0.095,2678864000,2678864000,,,1.34571967819195,0.0,,,,,,,,9376024000.0,,0.0,2.6008388349514564,0.0,0.0,0.0,0.0,,,0.0,0.0,0.0,,0.0,0.0,,0.0,0.0,0.0,0.0116071428571428,0.0,0.0,0.0,0.0,0.0,,0.0,,,0.0,0.0,,,,,,,,,,0.0,0.0,0.0,0.0,0.0,0.0,,1985-09-29,,bmo,,2025-04-25,1985-09-30,,,
