date,symbol,reportedCurrency,cik,fillingDate,acceptedDate,calendarYear,period,revenue,costOfRevenue,grossProfit,grossProfitRatio,researchAndDevelopmentExpenses,generalAndAdministrativeExpenses,sellingAndMarketingExpenses,sellingGeneralAndAdministrativeExpenses,otherExpenses,operatingExpenses,costAndExpenses,interestIncome,interestExpense,depreciationAndAmortization,ebitda,ebitdaratio,operatingIncome,operatingIncomeRatio,totalOtherIncomeExpensesNet,incomeBeforeTax,incomeBeforeTaxRatio,incomeTaxExpense,netIncome,netIncomeRatio,eps,epsdiluted,weightedAverageShsOut,weightedAverageShsOutDil,link,finalLink,revenuePerShare,netIncomePerShare,operatingCashFlowPerShare,freeCashFlowPerShare,cashPerShare,bookValuePerShare,tangibleBookValuePerShare,shareholdersEquityPerShare,interestDebtPerShare,marketCap,enterpriseValue,peRatio,priceToSalesRatio,pocfratio,pfcfRatio,pbRatio,ptbRatio,evToSales,enterpriseValueOverEBITDA,evToOperatingCashFlow,evToFreeCashFlow,earningsYield,freeCashFlowYield,debtToEquity,debtToAssets,netDebtToEBITDA,currentRatio,interestCoverage,incomeQuality,dividendYield,payoutRatio,salesGeneralAndAdministrativeToRevenue,researchAndDdevelopementToRevenue,intangiblesToTotalAssets,capexToOperatingCashFlow,capexToRevenue,capexToDepreciation,stockBasedCompensationToRevenue,grahamNumber,roic,returnOnTangibleAssets,grahamNetNet,workingCapital,tangibleAssetValue,netCurrentAssetValue,investedCapital,averageReceivables,averagePayables,averageInventory,daysSalesOutstanding,daysPayablesOutstanding,daysOfInventoryOnHand,receivablesTurnover,payablesTurnover,inventoryTurnover,roe,capexPerShare,report_date,epsEstimated,time,revenueEstimated,updatedFromDate,fiscalDateEnding,surprise(%),QuarterAvgPrice,QuarterAvgVolume
2024-12-31,PODD,USD,1145197,2025-02-21,2025-02-20 17:36:54,2024,Q4,597500000.0,166600000.0,430900000.0,0.7211715481,60600000,0.0,0.0,261000000.0,0.0,321600000.0,488200000.0,10300000.0,8700000.0,21500000.0,141500000.0,0.2368200837,109300000.0,0.1829288703,2000000.0,111300000.0,0.1862761506,10600000.0,100700000.0,0.1685355649,1.44,1.39,70164000,74079000,https://www.sec.gov/Archives/edgar/data/1145197/000114519725000007/0001145197-25-000007-index.htm,https://www.sec.gov/Archives/edgar/data/1145197/000114519725000007/podd-20241231.htm,8.51576306938031,1.4352089390570664,2.105068126104555,1.3069380308990366,13.588164870873952,17.26811470269654,15.130266233396044,17.26811470269654,19.964654238640897,18317715480.0,18756415480.0,45.47595700099305,30.65726440167364,124.01973920108328,199.75698451472192,15.11861627599868,15.11861627599868,31.391490343096237,132.55417300353358,126.9899490859851,204.54106303162487,0.0054974104227106,0.0050060827781784,1.148976559920766,0.4508533860154808,3.1003533568904595,3.5792959878879635,12.563218390804598,1.4667328699106257,0.0,0.0,0.0,0.1014225941422594,0.0485798490786021,0.3791469194312796,0.0937238493723849,2.604651162790698,0.0334728033472803,23.614093950316803,0.0374145799214846,0.034278517207339,-6.176600535887349,1362900000.0,1061600000.0,15200000.0,2236000000.0,313600000.0,30050000.0,437650000.0,55.054393305439326,10.696278511404564,232.50900360144053,1.6347469220246238,8.414141414141413,0.3870817843866171,0.0831132386926378,0.7981300952055185,2025-02-20,1.0,amc,582539473.0,2025-05-12,2024-12-31,0.1499999999999999,251.844375,538462.78125
2024-09-30,PODD,USD,1145197,2024-11-08,2024-11-07 17:41:11,2024,Q3,372600000.0,-4500000.0,377100000.0,1.0120772947,54900000,0.0,0.0,234100000.0,0.0,289000000.0,284500000.0,10500000.0,12300000.0,21300000.0,116500000.0,0.3126677402,88100000.0,0.2364465915,-5200000.0,82900000.0,0.2224906065,5400000.0,77500000.0,0.2079978529,1.14,1.08,70123000,73951000,https://www.sec.gov/Archives/edgar/data/1145197/000114519724000045/0001145197-24-000045-index.htm,https://www.sec.gov/Archives/edgar/data/1145197/000114519724000045/podd-20240930.htm,5.313520528214709,1.105200861343639,1.404674643127077,1.0852359425580764,12.87166835417766,15.943413715899206,13.785776421430914,15.943413715899206,20.11608174208177,16321128250.0,16816828250.0,52.64880080645161,43.80335010735373,165.69673350253808,214.46949080157688,14.59850469588551,14.59850469588551,45.13373121309716,144.35045708154507,170.72922081218277,220.98328843626803,0.0047484462356332,0.0046626678520218,1.2507155635062612,0.462186818271964,4.254935622317596,3.676214934808376,7.162601626016261,1.270967741935484,0.0,0.0,0.0,0.1473429951690821,0.0500099160441594,0.2274111675126903,0.0601180891035963,1.051643192488263,0.0485775630703166,19.911433345199445,0.032157300737535,0.0269649629449218,-8.357814126606106,1354700000.0,966700000.0,-46500000.0,2208900000.0,305150000.0,58550000.0,437900000.0,63.21256038647343,-806.0,-8898.0,1.4237676729079098,-0.1116625310173697,-0.0101146325016857,0.0693202146690518,0.3194387005690002,2024-11-07,0.76,amc,519513162.0,2025-04-25,2024-09-30,0.1842105263157895,205.34765625,722350.1875
2024-06-30,PODD,USD,1145197,2024-08-09,2024-08-08 17:50:44,2024,Q2,488500000.0,154300000.0,334200000.0,0.6841351075,53900000,0.0,0.0,220000000.0,-5700000.0,279600000.0,433900000.0,9300000.0,11000000.0,19200000.0,81300000.0,0.1664278403,54600000.0,0.1117707267,-3500000.0,51100000.0,0.1046059365,-137500000.0,188600000.0,0.3860798362,2.73,2.59,70062000,73802000,https://www.sec.gov/Archives/edgar/data/1145197/000114519724000039/0001145197-24-000039-index.htm,https://www.sec.gov/Archives/edgar/data/1145197/000114519724000039/podd-20240630.htm,6.972395877936685,2.691901458708001,1.3773514886814535,1.021951985384374,11.718192458108533,14.250235505694956,12.106420027975222,14.250235505694956,20.107904427507066,13743361920.0,14425661920.0,18.217605938494167,28.1338012691914,142.41825823834196,191.94639553072625,13.765386538461538,13.765386538461538,29.53052593654043,177.4374159901599,149.4887245595855,201.4757251396648,0.0137229886761215,0.0052097878537131,1.400040064102564,0.4850777345918934,8.392373923739237,3.5619341563786007,4.963636363636364,0.5116648992576882,0.0,0.0,0.0,0.1103377686796315,0.0521238200999444,0.2580310880829015,0.0509723643807574,1.296875,0.0348004094165813,29.378651590160462,0.0828098657157091,0.0690488394230065,-8.35402928834461,1245100000.0,848200000.0,-152100000.0,2073200000.0,334550000.0,76350000.0,430750000.0,64.22517911975434,44.79585223590408,251.3350615683733,1.4013195639701663,2.009114583333333,0.3580877233696913,0.1889022435897435,0.3553995032970797,2024-08-08,0.564,amc,488000000.0,2025-04-25,2024-06-30,-0.0248226950354608,180.20253968253968,844601.4444444445
2024-03-31,PODD,USD,1145197,2024-05-10,2024-05-09 17:55:06,2024,Q1,441700000.0,131800000.0,309900000.0,0.7016074259,50200000,0.0,0.0,197300000.0,-5500000.0,253000000.0,384800000.0,9400000.0,10700000.0,18800000.0,103900000.0,0.23522753,56900000.0,0.1288204664,-2000000.0,54900000.0,0.1242925062,3400000.0,51500000.0,0.116594974,0.74,0.73,69957000,73741000,https://www.sec.gov/Archives/edgar/data/1145197/000114519724000022/0001145197-24-000022-index.htm,https://www.sec.gov/Archives/edgar/data/1145197/000114519724000022/podd-20240331.htm,6.313878525379876,0.7361665022799719,1.2521977786354477,0.9091298940777908,10.73802478665466,11.302657346655804,9.155624169132468,11.302657346655804,20.18668610718013,11759771700.0,12464371700.0,57.08627038834952,26.62388883857822,134.24396917808218,184.902070754717,14.87260870115088,14.87260870115088,28.21908920081503,119.96507892204042,142.287348173516,195.98068710691825,0.0043793367179058,0.0054082682574526,1.7724800809409385,0.534108231707317,6.781520692974014,3.703977798334875,5.317757009345795,1.7009708737864078,0.0,0.0,0.0,0.1136517998641612,0.0572408536585365,0.273972602739726,0.0543355218474077,1.2765957446808511,0.0321485170930495,13.68262945564646,0.02393012258844,0.0208181744684291,-8.954429149334592,1169200000.0,640500000.0,-231700000.0,1987100000.0,340100000.0,47550000.0,416600000.0,65.30450532035317,51.82852807283763,294.03641881638845,1.3781591263650546,1.7364953886693018,0.3060845332094751,0.0651321613759959,0.3430678845576568,2024-05-09,0.39,amc,424053459.0,2025-04-25,2024-03-31,0.8717948717948717,186.4877049180328,914916.475409836
2023-12-31,PODD,USD,1145197,2024-02-23,2024-02-22 17:49:33,2023,Q4,509800000.0,148600000.0,361200000.0,0.7085131424,42000000,0.0,0.0,212800000.0,-300000.0,254800000.0,403400000.0,6200000.0,6700000.0,18800000.0,127100000.0,0.2493134563,123800000.0,0.2428403295,1400000.0,107800000.0,0.2114554727,-12100000.0,103300000.0,0.2026284818,1.48,1.48,69860000,69860000,https://www.sec.gov/Archives/edgar/data/1145197/000114519724000011/0001145197-24-000011-index.htm,https://www.sec.gov/Archives/edgar/data/1145197/000114519724000011/podd-20231231.htm,7.297452046951045,1.47867162897223,0.6427139994274262,0.1903807615230461,10.080160320641282,10.488119095333523,8.33524191239622,10.488119095333523,20.83452619524764,15158222800.0,15956322800.0,36.68495353339787,29.73366575127501,337.59961692650336,1139.716,20.68817087484646,20.68817087484646,31.29918163985877,125.54148544453186,355.37467260579064,1199.7235187969925,0.0068147830628271,0.0008774115656882,1.9773440698785312,0.5597712696082219,6.279307631785995,3.471409574468085,18.47761194029851,0.4346563407550823,0.0,0.0,0.0,0.0823852491173009,0.0581098833165906,0.7037861915367484,0.0619850921930168,1.680851063829787,0.0247155747351902,18.67995967126028,0.0628777197270307,0.042374271884486,-9.736973947895793,1115100000.0,582300000.0,-289200000.0,1958300000.0,315000000.0,48500000.0,406700000.0,63.50137308748529,11.628532974427996,243.83580080753703,1.4172921879343898,7.739583333333333,0.3691008445106806,0.1409853964787771,0.4523332379043802,2024-02-22,0.66,amc,461050000.0,2025-04-25,2023-12-31,1.1212121212121209,171.52507936507936,1269155.5555555555
2023-09-30,PODD,USD,1145197,2023-11-03,2023-11-02 17:45:24,2023,Q3,432700000.0,139400000.0,293300000.0,0.6778368385,57800000,0.0,0.0,180700000.0,700000.0,238500000.0,377900000.0,8600000.0,1800000.0,18700000.0,82800000.0,0.1913565981,54800000.0,0.1266466374,-1100000.0,53700000.0,0.1241044604,1800000.0,51900000.0,0.1199445343,0.74,0.7,69823000,73624000,https://www.sec.gov/Archives/edgar/data/1145197/000114519723000076/0001145197-23-000076-index.htm,https://www.sec.gov/Archives/edgar/data/1145197/000114519723000076/podd-20230930.htm,6.197098377325523,0.7433080789997565,0.8020279850479068,0.4812167910287441,11.3157555533277,8.700571444939346,6.535095885309998,8.700571444939346,20.36864643455595,11136070270.0,11871070270.0,53.64195698458575,25.73623820198752,198.85839767857144,331.43066279761905,18.33097986831276,18.33097986831276,27.43487467067252,143.3704138888889,211.98339767857144,353.30566279761905,0.0046605309361073,0.0030172223401388,2.3381069958847736,0.5755967094865665,8.876811594202898,3.2589720868409398,30.444444444444443,1.0789980732177264,0.0,0.0,0.0,0.1335798474693783,0.0612716294525266,0.4,0.0517679685694476,1.1978609625668448,0.0242662352669285,12.062840194419596,0.0256343490109966,0.0224044895316209,-9.480758489323003,1019700000.0,456300000.0,-389100000.0,1820100000.0,260400000.0,92650000.0,411050000.0,56.2214005084354,50.22955523672884,265.22238163558103,1.6008139104698482,1.7917737789203083,0.3393378773125609,0.0854320987654321,0.3208111940191627,2023-11-02,0.4,amc,414380000.0,2025-04-25,2023-09-30,0.7749999999999998,223.9145238095238,1066221.9523809524
2023-06-30,PODD,USD,1145197,2023-08-09,2023-08-08 17:53:32,2023,Q2,396500000.0,131600000.0,264900000.0,0.6680958386,55100000,0.0,0.0,178700000.0,-200000.0,233800000.0,365400000.0,7300000.0,2400000.0,18100000.0,56300000.0,0.1419924338,31100000.0,0.0784363178,-2600000.0,28500000.0,0.0718789407,1200000.0,27300000.0,0.068852459,0.39,0.39,69741000,70142000,https://www.sec.gov/Archives/edgar/data/1145197/000114519723000059/0001145197-23-000059-index.htm,https://www.sec.gov/Archives/edgar/data/1145197/000114519723000059/podd-20230630.htm,5.685321403478585,0.3914483589280337,0.6309057799572705,0.3713740841112115,10.946215282258642,7.942243443598457,5.774221763381655,7.942243443598457,20.077142570367503,20109119940.0,20846819940.0,184.14945,50.71656983606557,457.0254531818181,776.4138972972974,36.30460361076006,36.30460361076006,52.5770994703657,370.2809936056838,473.79136227272727,804.8965227799227,0.0013575929767914,0.0012879728241354,2.523560209424084,0.5858831419230447,13.103019538188278,3.344705882352941,12.958333333333334,1.6117216117216118,0.0,0.0,0.0,0.1389659520807061,0.0633749685640037,0.4113636363636364,0.0456494325346784,1.0,0.0330390920554855,8.363731741847051,0.0149701137265273,0.012216951579701,-9.678309746060425,996500000.0,402700000.0,-410400000.0,1749200000.0,233850000.0,96700000.0,398700000.0,56.86002522068095,73.51823708206686,281.2841945288754,1.5828343313373254,1.224186046511628,0.3199610989545344,0.0492868748871637,0.259531695846059,2023-08-08,0.26,amc,384950000.0,2025-04-25,2023-06-30,0.4615384615384615,303.7433870967742,575269.2419354839
2023-03-31,PODD,USD,1145197,2023-05-05,2023-05-04 17:52:25,2023,Q1,358100000.0,117600000.0,240500000.0,0.6716001117,50100000,0.0,0.0,162700000.0,0.0,212800000.0,330400000.0,6500000.0,9400000.0,17200000.0,51200000.0,0.1429768221,27700000.0,0.0773526948,-3100000.0,24600000.0,0.068695895,800000.0,23800000.0,0.0664618822,0.34,0.34,70096072,70096000,https://www.sec.gov/Archives/edgar/data/1145197/000114519723000039/0001145197-23-000039-index.htm,https://www.sec.gov/Archives/edgar/data/1145197/000114519723000039/podd-20230331.htm,5.108702810051896,0.3395340041307878,0.007133067313672,-0.5221405273607913,8.854989763192437,7.173012490628576,5.005986640735019,7.173012490628576,20.0581852860457,22357843125.12,23133743125.12,234.8512933310924,62.43463592605417,44715.68625024,-610.8700307409836,44.46667288210024,44.46667288210024,64.60134913465512,451.8309204125,46267.48625024,-632.0694842928962,0.0010645033989553,-0.0016370094286455,2.777645186953063,0.6101087763749945,15.154296875,3.4698669449517348,2.9468085106382977,0.0210084033613445,0.0,0.0,0.0,0.1399050544540631,0.0663579572757852,74.2,0.1036023457134878,2.1569767441860463,0.0337894442893046,7.402589897057901,0.0138597367562422,0.0111360658805914,-11.55057590102909,946700000.0,350900000.0,-456300000.0,1695200000.0,211400000.0,58350000.0,366450000.0,54.58810388159732,65.73979591836735,295.484693877551,1.6487108655616942,1.369033760186263,0.3045843045843046,0.0473349244232299,0.5292735946744633,2023-05-04,0.09,amc,330840000.0,2025-04-25,2023-03-31,1.5555555555555558,296.40983870967744,834834.7741935484
2022-12-31,PODD,USD,1145197,2023-02-24,2023-02-23 18:36:18,2022,Q4,369700000.0,152400000.0,217300000.0,0.5877738707,49500000,0.0,0.0,144300000.0,1500000.0,193800000.0,346200000.0,6500000.0,2700000.0,16200000.0,47700000.0,0.1290235326,8800000.0,0.0238030836,-1200000.0,22300000.0,0.0603191777,5300000.0,17000000.0,0.0459832296,0.24,0.24,69472000,70020000,https://www.sec.gov/Archives/edgar/data/1145197/000114519723000020/0001145197-23-000020-index.htm,https://www.sec.gov/Archives/edgar/data/1145197/000114519723000020/podd-20221231.htm,5.321568401658222,0.2447029018885306,0.7297904191616766,-0.5426646706586826,10.443056195301704,6.857438968217411,5.026485490557347,6.857438968217411,20.216777982496545,20451862080.0,21178962080.0,300.7626776470588,55.32015710035163,403.3897846153846,-542.4897103448276,42.930021158690174,42.930021158690174,57.28688688125507,444.0033979035639,417.731007495069,-561.7761824933687,0.000831220156556,-0.0018433529354213,2.9424853064651555,0.6227177824174848,15.243186582809225,3.6029613380860974,3.259259259259259,2.9823529411764707,0.0,0.0,0.0,0.1338923451447119,0.0565057083203767,1.7435897435897436,0.2391127941574249,5.45679012345679,0.0302948336489045,6.14457421946725,0.0035051571029689,0.0080041433212486,-10.386918470750809,949300000.0,349200000.0,-460700000.0,1676400000.0,203500000.0,46450000.0,337200000.0,50.05139302136868,18.18897637795276,204.80314960629923,1.7981517509727627,4.9480519480519485,0.4394463667820069,0.0356842989084802,1.2724550898203593,2023-02-23,0.24,amc,332447226.0,2025-04-25,2022-12-31,1.291666666666667,275.79555555555555,441560.9682539682
2022-09-30,PODD,USD,1145197,2022-11-04,2022-11-03 17:46:14,2022,Q3,340800000.0,152500000.0,188300000.0,0.5525234742,45000000,0.0,0.0,140400000.0,-1800000.0,185400000.0,337900000.0,2400000.0,6800000.0,12400000.0,15900000.0,0.0466549296,-14800000.0,-0.04342723,-8600000.0,-5700000.0,-0.0167253521,-500000.0,-5200000.0,-0.015258216,-0.0749,-0.0749,69418000,69418000,https://www.sec.gov/Archives/edgar/data/1145197/000114519722000060/0001145197-22-000060-index.htm,https://www.sec.gov/Archives/edgar/data/1145197/000114519722000060/podd-20220930.htm,4.909389495519894,-0.0749085251663833,0.816791034025757,0.3284450718833732,11.126797084329713,6.165547840617707,4.648650205998444,6.165547840617707,20.36215390820825,15924489200.0,16609189200.0,-765.6004423076923,46.72678755868544,280.855188712522,698.4425087719299,37.20675046728972,37.20675046728972,48.7358838028169,1044.6030943396229,292.9310264550265,728.4732105263158,-0.0003265410861655,0.0014317570701106,3.286682242990654,0.6493860216046533,43.06289308176101,3.976959904248953,-2.176470588235294,-10.903846153846152,0.0,0.0,0.0,0.1320422535211267,0.0486104699473732,0.5978835978835979,0.0994718309859155,2.1320754716981134,0.0264084507042253,,-0.0072633032363036,-0.0025231694890581,-9.377250857126391,994900000.0,322700000.0,-409100000.0,1653300000.0,204000000.0,59650000.0,324000000.0,53.18661971830986,36.64918032786885,193.3377049180328,1.692154915590864,2.455716586151369,0.4655067155067155,-0.0121495327102803,0.4883459621423838,2022-11-03,0.17,amc,312105796.0,2025-04-25,2022-09-30,1.647058823529412,250.46,394355.015625
2022-06-30,PODD,USD,1145197,2022-08-05,2022-08-04 17:43:34,2022,Q2,299400000.0,109100000.0,190300000.0,0.6356045424,42600000,0.0,0.0,174400000.0,-1100000.0,217000000.0,326100000.0,800000.0,8300000.0,17500000.0,-9500000.0,-0.0317301269,-26700000.0,-0.0891783567,-9400000.0,-36100000.0,-0.1205744823,-1100000.0,-35000000.0,-0.1169004676,-0.5,-0.5,69356000,69356000,https://www.sec.gov/Archives/edgar/data/1145197/000114519722000046/0001145197-22-000046-index.htm,https://www.sec.gov/Archives/edgar/data/1145197/000114519722000046/podd-20220630.htm,4.316857950285484,-0.5046427129592249,0.3647845896533825,0.0893938520099198,10.937770344310517,6.090316627256474,4.548993598246727,6.090316627256474,20.47119211027164,15115446640.0,15818346640.0,-107.967476,50.485793720774886,597.4484837944664,2437.975264516129,35.78467481060606,35.78467481060606,52.833489111556446,-1665.08912,625.2310924901186,2551.3462322580644,-0.0023155121270038,0.0004101764339264,3.3416193181818183,0.6677863462175332,-73.98947368421052,4.687074829931973,-3.216867469879518,-0.7228571428571429,0.0,0.0,0.0,0.1422845691382765,0.0505748214032265,0.7549407114624506,0.0637942551770207,1.2088607594936709,0.0374081496325985,,-0.0139121978786466,-0.0174407016145106,-8.904060211084838,1029800000.0,315500000.0,-382200000.0,1672500000.0,197950000.0,54700000.0,317600000.0,62.10420841683367,47.18606782768103,264.307974335472,1.4491771539206195,1.9073426573426573,0.3405118601747815,-0.0828598484848484,0.2753907376434627,2022-08-04,0.21,amc,291454686.0,2025-04-25,2022-06-30,-1.2857142857142858,227.30870967741936,536257.2741935484
2022-03-31,PODD,USD,1145197,2022-05-06,2022-05-05 17:55:28,2022,Q1,295400000.0,85700000.0,209700000.0,0.7098849018,43100000,0.0,0.0,128700000.0,300000.0,171800000.0,257500000.0,100000.0,8900000.0,17100000.0,55400000.0,0.1875423155,22900000.0,0.0775220041,-8600000.0,29300000.0,0.0991875423,1500000.0,27800000.0,0.0941096818,0.4,0.4,69254000,69858000,https://www.sec.gov/Archives/edgar/data/1145197/000114519722000027/0001145197-22-000027-index.htm,https://www.sec.gov/Archives/edgar/data/1145197/000114519722000027/podd-20220331.htm,4.2654575908972765,0.401420856557022,-0.1978225084471655,-0.4274121350391313,10.24633956161377,6.450168943310134,4.939786871516446,6.450168943310134,20.57787275825223,18448573060.0,19155173060.0,165.90443399280574,62.45285396073121,-1346.6111722627736,-623.2626033783783,41.299693440788,41.299693440788,64.84486479350034,345.76124657039713,-1398.1878145985402,-647.134225,0.0015068916121364,-0.0016044601337855,3.1703604208641147,0.6844190991687609,12.75451263537906,5.978604651162791,2.5730337078651684,-0.4928057553956834,0.0,0.0,0.0,0.1459038591740013,0.0505509375604098,-1.1605839416058394,0.0538253215978334,1.03921568627451,0.0321597833446174,7.632675002816754,0.0115578727864219,0.0141504631986154,-8.859055072631184,1070400000.0,342100000.0,-337100000.0,1713200000.0,175150000.0,44950000.0,309000000.0,57.67433987813135,54.819136522753794,330.5950991831972,1.560486001056524,1.6417624521072798,0.2722363405336722,0.0622341616297291,0.2295896265919658,2022-05-05,0.23,amc,288022302.0,2025-04-25,2022-03-31,0.7391304347826088,245.43548387096772,673758.0483870967
2021-12-31,PODD,USD,1145197,2022-02-24,2022-02-23 18:06:58,2021,Q4,307700000.0,94500000.0,213200000.0,0.6928826779,41800000,0.0,0.0,121700000.0,-400000.0,163500000.0,258000000.0,0.0,15100000.0,14900000.0,63400000.0,0.2060448489,49700000.0,0.161520962,-16300000.0,33400000.0,0.1085472863,4200000.0,29200000.0,0.0948976276,0.42,0.42,69070000,69814000,https://www.sec.gov/Archives/edgar/data/1145197/000114519722000012/0001145197-22-000012-index.htm,https://www.sec.gov/Archives/edgar/data/1145197/000114519722000012/podd-20211231.htm,4.454900825249747,0.4227595193282177,-0.3691906761256696,-0.9034313015781092,11.460836832199218,8.054147965831765,6.948023744027798,8.054147965831765,18.29882727667584,18377454900.0,18834654900.0,157.3412234589041,59.725235294117645,-720.6845058823528,-294.5104951923077,33.03515171669962,33.03515171669962,61.21109814754631,297.0765757097792,-738.6139176470588,-301.8374182692308,0.0015889033687684,-0.0033954647332585,2.244831925220205,0.6095275283092542,7.211356466876971,5.812062937062937,3.2913907284768213,-0.8732876712328768,0.0,0.0,0.0,0.1358466038349041,0.0372901210464662,-1.4470588235294115,0.1199220019499512,2.476510067114094,0.0279493012674683,8.752815190511624,0.0235490214087028,0.0148042993307645,-6.204575068770812,1101000000.0,479900000.0,-162700000.0,1713900000.0,137650000.0,47850000.0,281100000.0,47.09132271693208,35.904761904761905,288.7619047619048,1.9111801242236024,2.506631299734748,0.3116754617414248,0.0524896638504404,0.5342406254524396,2022-02-23,0.32,amc,299334899.0,2025-04-25,2021-12-31,0.3124999999999999,290.1125,376922.484375
2021-09-30,PODD,USD,1145197,2021-11-05,2021-11-04 17:59:43,2021,Q3,275600000.0,86900000.0,188700000.0,0.6846879536,37500000,0.0,0.0,117500000.0,-700000.0,155000000.0,241900000.0,100000.0,16300000.0,14500000.0,46100000.0,0.1672714078,33700000.0,0.1222786647,-18500000.0,15200000.0,0.0551523948,2600000.0,12600000.0,0.0457184325,0.18,0.18,68869000,69619000,https://www.sec.gov/Archives/edgar/data/1145197/000114519721000041/0001145197-21-000041-index.htm,https://www.sec.gov/Archives/edgar/data/1145197/000114519721000041/podd-20210930.htm,4.001800519827499,0.1829560469877593,-0.3746242866892215,-0.7986176654227591,12.45262745211924,7.229667920254396,6.111603188662533,7.229667920254396,18.48872497059635,19574635870.0,19974535870.0,388.3856323412699,71.02552928156749,-758.7068166666668,-355.9024703636364,39.314392187186186,39.314392187186186,72.4765452467344,433.2871121475054,-774.2068166666667,-363.1733794545455,0.0006436901347069,-0.0028097585245145,2.524603334002812,0.6288458652258743,8.674620390455532,5.716972878390202,2.067484662576687,-2.047619047619047,0.0,0.0,0.0,0.1360667634252539,0.0385211866526589,-1.131782945736434,0.1059506531204644,2.013793103448276,0.0297532656023222,5.455365059626082,0.0155266375699141,0.006556012279515,-6.21723852531618,1078300000.0,420900000.0,-194100000.0,1670700000.0,107300000.0,53650000.0,228400000.0,37.32583454281568,60.06904487917146,268.23935558112777,2.4111986001749783,1.4982758620689656,0.3355212355212355,0.0253062864028921,0.4239933787335376,2021-11-04,0.24,amc,272820000.0,2025-04-25,2021-09-30,-0.25,285.2209375,347800.90625
2021-06-30,PODD,USD,1145197,2021-08-06,2021-08-05 18:04:35,2021,Q2,263200000.0,80500000.0,182700000.0,0.6941489362,40100000,0.0,0.0,116300000.0,1800000.0,156400000.0,236900000.0,200000.0,16400000.0,15200000.0,3400000.0,0.0129179331,26300000.0,0.0999240122,-54700000.0,-28400000.0,-0.1079027356,-3400000.0,-25000000.0,-0.0949848024,-0.37,-0.37,66696000,66696000,https://www.sec.gov/Archives/edgar/data/1145197/000114519721000030/0001145197-21-000030-index.htm,https://www.sec.gov/Archives/edgar/data/1145197/000114519721000030/podd-20210630.htm,3.9462636439966414,-0.37483507256807,0.2743792731198273,-0.0734676742233417,13.338131222262204,6.883471272640039,5.784454839870457,6.883471272640039,18.76574307304785,18308718960.0,18671818960.0,-183.0871896,69.56200212765957,1000.4764459016392,-3736.473257142857,39.87958823785667,39.87958823785667,70.94156139817629,5491.711458823529,1020.3179759562842,-3810.575297959184,-0.0013654696461625,-0.0002676320506478,2.690481376606404,0.6420959609086656,106.79411764705884,5.8738865447726205,1.603658536585366,-0.732,0.0,0.0,0.0,0.1523556231003039,0.0381036544159692,1.26775956284153,0.0881458966565349,1.5263157894736843,0.0341945288753799,,0.0133722684980674,-0.0135105923043666,-6.010480388629003,1039600000.0,385800000.0,-211700000.0,1618400000.0,99100000.0,54200000.0,183950000.0,34.29711246200608,55.118012422360245,221.1428571428571,2.624127617148554,1.6328600405679514,0.4069767441860465,-0.0544543672402526,0.347846947343169,2021-08-05,0.12,amc,259080000.0,2025-04-25,2021-06-30,-0.1666666666666666,271.825873015873,537299.9047619047
2021-03-31,PODD,USD,1145197,2021-05-07,2021-05-06 17:56:17,2021,Q1,252300000.0,84800000.0,167500000.0,0.6638921918,40700000,0.0,0.0,110500000.0,-2600000.0,151200000.0,236000000.0,200000.0,13400000.0,12800000.0,26700000.0,0.1058263971,16300000.0,0.0646056282,-16000000.0,300000.0,0.0011890606,300000.0,600000.0,0.0023781213,0.0091,0.0091,66113000,66113000,https://www.sec.gov/Archives/edgar/data/1145197/000114519721000016/0001145197-21-000016-index.htm,https://www.sec.gov/Archives/edgar/data/1145197/000114519721000016/podd-20210331.htm,3.8161934869087775,0.0090753709557878,-0.5309092009135874,-1.036104850785776,13.306006383010905,8.853024367371017,7.801793898325594,8.853024367371017,16.108783446523375,17250203960.0,17451603960.0,7187.584983333334,68.37179532302814,-491.4588022792023,-251.82779503649635,29.47241407825047,29.47241407825047,69.17005136741975,653.6181258426966,-497.196694017094,-254.7679410218978,3.478219743901509e-05,-0.0039709675409542,1.7966854604476337,0.5714906798543558,7.543071161048689,6.424797843665768,1.2164179104477613,0.0,0.0,0.0,0.0,0.1613158937772493,0.0377696864300853,-0.9515669515669516,0.1323820848196591,2.609375,0.0340864050733254,1.3445262380581189,0.0,0.0003388681802778,-3.276587055495894,1006300000.0,515800000.0,-63000000.0,1573700000.0,90850000.0,56600000.0,162200000.0,34.92271105826397,62.72405660377358,180.5306603773585,2.57711950970378,1.4348561759729273,0.4985302763080541,0.0010251153254741,0.5051956498721886,2021-05-06,0.07,amc,246220000.0,2025-04-25,2021-03-31,-0.8702857142857143,267.8055737704918,475008.0327868852
2020-12-31,PODD,USD,1145197,2021-02-24,2021-02-23 17:55:47,2020,Q4,246100000.0,85000000.0,161100000.0,0.6546119464,38300000,0.0,0.0,130100000.0,1300000.0,168400000.0,253400000.0,300000.0,12500000.0,25700000.0,20000000.0,0.0812677773,-7300000.0,-0.0296627387,-11200000.0,-18500000.0,-0.075172694,-1400000.0,-17100000.0,-0.0694839496,-0.26,-0.26,65945000,65945000,https://www.sec.gov/Archives/edgar/data/1145197/000114519721000009/0001145197-21-000009-index.htm,https://www.sec.gov/Archives/edgar/data/1145197/000114519721000009/podd-20201231.htm,3.731897793615892,-0.2593069982561225,-0.0151641519448024,-1.072105542497536,14.982182121464858,9.153082113882782,8.11433770566381,9.153082113882782,16.016377284100386,16857520350.0,16953620350.0,-246.454975877193,68.49866050386022,-16857.52035,-238.43734582743988,27.928297465208743,27.928297465208743,68.88915217391305,847.6810175,-16953.62035,-239.79661032531823,-0.0010143840639053,-0.0041939738782519,1.7291252485089463,0.557264135832132,4.805,6.009143407122233,-0.584,0.0584795321637426,0.0,0.0,0.0,0.1556277935798456,0.0365742965454642,-69.7,0.2832182039821211,2.7120622568093387,0.0633888663145063,,-0.0040147364595511,-0.0094768344047882,-2.1426946698005915,1040900000.0,535100000.0,-20600000.0,1588100000.0,84600000.0,55550000.0,139600000.0,30.64607882974401,57.28235294117647,163.3764705882353,2.9367541766109784,1.5711645101663585,0.5508749189889826,-0.0283300198807157,1.0569413905527334,2021-02-23,-0.06,amc,996705000.0,2025-04-25,2020-12-31,3.333333333333333,248.1003125,413000.75
2020-09-30,PODD,USD,1145197,2020-11-05,2020-11-04 18:02:26,2020,Q3,234000000.0,82200000.0,151800000.0,0.6487179487,38800000,0.0,0.0,89200000.0,1000000.0,128000000.0,210200000.0,500000.0,11400000.0,10900000.0,36200000.0,0.1547008547,23800000.0,0.1017094017,-10400000.0,13400000.0,0.0572649573,1800000.0,11600000.0,0.0495726496,0.18,0.17,65718000,66828000,https://www.sec.gov/Archives/edgar/data/1145197/000114519720000037/0001145197-20-000037-index.htm,https://www.sec.gov/Archives/edgar/data/1145197/000114519720000037/podd-20200930.htm,3.5606683100520407,0.1765117623786481,0.9464682430993032,0.26781094981588,14.536352293131255,9.053836087525488,8.291487872424602,9.053836087525488,14.195501993365593,15548221620.0,15573021620.0,335.0909831896552,66.44539153846154,249.971408681672,883.4216829545454,26.131464907563025,26.131464907563025,66.55137444444445,430.1939674033149,250.37012250803852,884.8307738636364,0.000746066031441,0.0011319622546002,1.5487394957983194,0.5386998713901555,0.6850828729281768,6.623287671232877,2.087719298245614,5.362068965517241,0.0,0.0,0.0,0.1658119658119658,0.0292879691336373,0.7170418006430869,0.1905982905982906,4.091743119266055,0.0282051282051282,5.996452508956599,0.0133785617367706,0.0069858476362541,-0.5143187558964059,985200000.0,544900000.0,44800000.0,1484500000.0,81700000.0,46300000.0,114300000.0,32.84615384615385,62.40875912408759,136.75182481751824,2.740046838407494,1.4421052631578948,0.6581265012009607,0.0194957983193277,0.6786572932834231,2020-11-04,0.08,amc,162885937.0,2025-04-25,2020-09-30,1.125,210.606015625,427908.515625
2020-06-30,PODD,USD,1145197,2020-08-07,2020-08-06 18:13:52,2020,Q2,226300000.0,83800000.0,142500000.0,0.629695095,34200000,0.0,0.0,80800000.0,1000000.0,115000000.0,198800000.0,700000.0,11100000.0,9900000.0,39100000.0,0.1727794962,27500000.0,0.1215201061,-10100000.0,17400000.0,0.0768890853,3000000.0,14400000.0,0.0636323464,0.22,0.22,64371000,65579000,https://www.sec.gov/Archives/edgar/data/1145197/000114519720000026/0001145197-20-000026-index.htm,https://www.sec.gov/Archives/edgar/data/1145197/000114519720000026/podd-20200630.htm,3.515558248279505,0.2237032203942769,0.410122570722841,0.0248559133771418,14.132140249491233,8.750835003340013,7.966320237373971,8.750835003340013,14.31234562147551,12504710460.0,12570510460.0,217.09566770833337,55.25722695536898,473.663275,7815.4440375,22.19902442748091,22.19902442748091,55.54799142730888,321.49643120204604,476.15569924242425,7856.5690375,0.0011515660475356,0.0001279517830595,1.6158352565240546,0.5595377143910986,1.682864450127877,8.078125,2.477477477477477,1.8333333333333333,0.0,0.0,0.0,0.1511268228015908,0.0310444458105366,0.9393939393939394,0.1095890410958904,2.505050505050505,0.0256296950950066,6.636699055719476,0.015250700723484,0.0091358964598401,-0.6734399030619378,951300000.0,512800000.0,22300000.0,1425000000.0,79050000.0,36000000.0,99700000.0,31.02076889085285,38.233890214797135,111.37231503579952,2.901282051282051,2.353932584269663,0.8081002892960463,0.0255636428191017,0.3852666573456991,2020-08-06,0.0014,amc,,2025-04-25,2020-06-30,156.14285714285714,191.17222222222225,559961.1746031746
2020-03-31,PODD,USD,1145197,2020-05-08,2020-05-07 18:01:17,2020,Q1,198000000.0,71100000.0,126900000.0,0.6409090909,35500000,0.0,0.0,83900000.0,0.0,119400000.0,190500000.0,1500000.0,10100000.0,8900000.0,17900000.0,0.0904040404,7500000.0,0.0378787879,-10100000.0,-2600000.0,-0.0131313131,-500000.0,-2100000.0,-0.0106060606,-0.0334,-0.0334,62884000,62884000,https://www.sec.gov/Archives/edgar/data/1145197/000114519720000009/0001145197-20-000009-index.htm,https://www.sec.gov/Archives/edgar/data/1145197/000114519720000009/podd-2020x03x3110q.htm,3.148654665733732,-0.0333948222123274,-0.0572482666497042,-0.4929711850391196,7.025634501622034,0.9382354812034858,0.1113160740410915,0.9382354812034858,14.456777558679471,10418621120.0,10996021120.0,-1240.3120380952382,52.61929858585859,-2894.061422222222,-336.0845522580645,176.5867986440678,176.5867986440678,55.53546020202021,614.3028558659217,-3054.450311111111,-354.7103587096774,-0.0002015621813877,-0.0029754417252481,15.23728813559322,0.8112254105757084,32.25698324022346,4.151073619631902,0.7425742574257426,1.7142857142857142,0.0,0.0,0.0,0.1792929292929292,0.0469229380978162,-7.611111111111111,0.1383838383838384,3.0786516853932584,0.0398989898989899,,0.0061952263322686,-0.0019882597992804,-7.94279944023917,410900000.0,7000000.0,-507900000.0,875300000.0,74700000.0,45450000.0,98350000.0,36.40909090909091,46.07594936708861,121.13924050632912,2.4719101123595504,1.9532967032967032,0.7429467084639498,-0.035593220338983,0.4357229183894154,2020-05-07,-0.00358,amc,,2025-04-25,2020-03-31,7.379888268156424,182.7353225806452,686854.7096774194
2019-12-31,PODD,USD,1145197,2020-02-26,2020-02-25 19:39:27,2019,Q4,209400000.0,75300000.0,134100000.0,0.6404011461,34700000,32900000.0,48300000.0,81200000.0,0.0,115900000.0,191200000.0,0.0,9100000.0,9116000.0,26889000.0,0.1284097421,18200000.0,0.0869149952,-11400000.0,6800000.0,0.0324737345,1800000.0,4968000.0,0.0237249284,0.08,0.08,62397000,63887000,https://www.sec.gov/Archives/edgar/data/1145197/000114519720000004/0001145197-20-000004-index.htm,https://www.sec.gov/Archives/edgar/data/1145197/000114519720000004/podd-2019x12x3110xk.htm,3.3559305735852685,0.0796192124621376,0.7521675721589179,-0.0479510232863759,8.6302226068561,1.2164046348382134,0.3670048239498694,1.2164046348382134,14.375691138997068,10682366400.0,11194166400.0,537.5586956521739,51.01416618911175,227.6088551765282,-3570.30962566845,140.74264031620552,140.74264031620552,53.45829226361032,416.31025326341626,238.51376217160632,-3741.3657754010696,0.0004650654933536,-0.0002800877528409,11.69828722002635,0.7768833668737423,19.03380564543122,3.7476220672162337,2.0,9.447061191626409,0.0,0.0,0.1571155682903534,0.1657115568290353,0.0463732610027124,1.063750452773102,0.2384192932187201,5.476634488810882,0.0381852913085004,1.4761797075136327,0.0135833870698096,0.0045582163501238,-6.827651970447297,433300000.0,22900000.0,-476000000.0,885700000.0,73418500.0,37872500.0,95603500.0,29.785100286532952,65.1394422310757,120.7171314741036,3.0216450216450217,1.381651376146789,0.7455445544554455,0.0654545454545454,0.8001185954452938,2020-02-25,0.11,amc,287916750.0,2025-04-25,2019-12-31,-0.2727272727272727,166.62375,775089.921875
2019-09-30,PODD,USD,1145197,2019-11-06,2019-11-05 18:05:56,2019,Q3,192115000.0,69035000.0,123080000.0,0.6406579393,30779000,27548000.0,47749000.0,75297000.0,-53000.0,106076000.0,175111000.0,1700000.0,9423000.0,7800000.0,17600000.0,0.091611795,17004000.0,0.0885094865,-15874000.0,1130000.0,0.0058818937,278000.0,800000.0,0.0041641725,0.01,0.01,60743211,62335679,https://www.sec.gov/Archives/edgar/data/1145197/000114519719000037/0001145197-19-000037-index.htm,https://www.sec.gov/Archives/edgar/data/1145197/000114519719000037/podd-2019x09x3010q.htm,3.162740277263248,0.0131701960898971,0.5134730200548667,0.1173629099060963,13.024105689770003,2.4787626060795502,1.6136947386597655,2.4787626060795502,16.38362515936143,10018377790.23,10398644790.23,3130.743059446875,52.14781662145069,321.2048025081757,1405.2991710239864,66.5372309536555,66.5372309536555,54.12718835192462,590.8320903539773,333.3967550570696,1458.6400322948518,7.985324737705203e-05,0.0007115922506887,6.547015302056214,0.7771828853901402,21.606079545454545,7.008183118235907,1.804520853231455,36.60798122065728,0.0,0.0,0.1433932800666267,0.1602113317544179,0.0414281096508171,0.7714331516511702,0.1252426931785649,3.1014436710492395,0.0344897587382557,0.8570474115259762,0.0110991483430534,0.0006579796898119,-3.6784316522220073,680619000.0,98021000.0,-323921000.0,1089031000.0,78138000.0,22998500.0,87658000.0,36.32371235978451,27.696820453393208,117.6016513362787,2.4777203141725885,3.2494704636385032,0.7652953761903178,0.0053132139631262,0.3961101101487703,2019-11-05,0.2919,amc,576344999.0,2025-04-25,2019-09-30,-0.6916752312435765,140.536875,857000.96875
2019-06-30,PODD,USD,1145197,2019-08-06,2019-08-05 17:57:09,2019,Q2,177136000.0,60718000.0,116418000.0,0.657223828,32264000,29150000.0,47401000.0,76551000.0,1923000.0,108815000.0,169533000.0,1900000.0,5719000.0,5900000.0,15417000.0,0.0870348207,7603000.0,0.0429218228,-5719000.0,1884000.0,0.0106358956,482000.0,1400000.0,0.0079035317,0.02,0.02,59844991,61486325,https://www.sec.gov/Archives/edgar/data/1145197/000114519719000033/0001145197-19-000033-index.htm,https://www.sec.gov/Archives/edgar/data/1145197/000114519719000033/podd-2019x06x3010q.htm,2.959913554001537,0.0233937707501702,0.2324338222391912,-0.6307796086058397,8.348718775811998,4.17378289855537,3.2918544511102024,4.17378289855537,10.24429930986204,7091631433.5,7389234433.5,1266.362755982143,40.03495299374491,509.82253296189793,-187.862762814909,28.391510263031467,28.391510263031467,41.71503496465992,479.2913299280016,531.2174287203451,-195.74649483430025,0.0001974157869212,-0.0053230346717792,2.4315437585074866,0.6211892325331407,19.3035610040864,4.715825399676666,1.3294282217170834,9.92154065620542,0.0,0.0,0.1645628217866498,0.1821425345497245,0.0539815469207536,3.713803019410496,0.2916346761810134,8.769139365133254,0.0468227802366543,1.4821982682894244,0.0064887422570564,0.0015136051479873,-2.117223979530718,393034000.0,197001000.0,-229136000.0,779838000.0,78448500.0,25792500.0,79465500.0,40.00604055640864,36.688955499192986,126.15385882275436,2.249660270005969,2.453054298642534,0.713414562502203,0.0056049323404596,0.863213430845031,2019-08-05,0.02483,amc,265704000.0,2025-04-25,2019-06-30,-0.1945227547321788,102.52571428571429,617602.4920634921
2019-03-31,PODD,USD,1145197,2019-05-03,2019-05-02 17:50:18,2019,Q1,159555000.0,52859000.0,106696000.0,0.6687098493,31954000,25861000.0,41616000.0,67477000.0,4054000.0,99431000.0,152290000.0,1800000.0,6615000.0,5100000.0,16454000.0,0.1031243145,7265000.0,0.0455328883,-2561000.0,4704000.0,0.0294819968,326000.0,4400000.0,0.0275766977,0.07,0.07,59355031,61148428,https://www.sec.gov/Archives/edgar/data/1145197/000114519719000020/0001145197-19-000020-index.htm,https://www.sec.gov/Archives/edgar/data/1145197/000114519719000020/podd-2019x03x31_10q.htm,2.688146182587285,0.074130194624951,0.1072697611766052,-0.6551761383125215,5.330196862335057,3.7676671418131344,2.9054318916959203,3.7676671418131344,10.213388651081658,5664250608.330001,6134597608.330001,321.83242092784093,35.500301515652914,889.6262931254909,-145.65548776820614,25.328670609175877,25.328670609175877,38.448169022155376,372.8332082369029,963.498917595414,-157.75040136623124,0.0007768017879592,-0.0068655154386725,2.6812189777757904,0.6294283506821245,28.585571897410965,4.355259579023102,1.0982615268329554,1.4543170397441754,0.0,0.0,0.1620820406756291,0.2002694995456112,0.0537238665899652,7.107743050102089,0.2836326031775876,8.81304771178189,0.0362508226003572,2.506831210184366,0.0080624866376265,0.0048811116509916,-5.342066117360801,382409000.0,172452000.0,-232600000.0,741478000.0,70726000.0,26166500.0,72618000.0,44.08649055184733,45.68701640212641,125.69250269585122,2.0414416950280203,1.9699250922371707,0.7160331608463602,0.0196753566158386,0.7624458994891267,2019-05-02,0.01328,amc,22793571.0,2025-04-25,2019-03-31,4.271084337349398,85.7111475409836,750561.8196721311
2018-12-31,PODD,USD,1145197,2019-02-26,2019-02-25 17:58:57,2018,Q4,164907000.0,54595000.0,110312000.0,0.6689346116,28514000,25904000.0,39661000.0,65565000.0,0.0,94079000.0,148674000.0,6705000.0,5345000.0,4392000.0,22128000.0,0.1341847223,16233000.0,0.098437301,-5345000.0,10888000.0,0.0660250929,995000.0,9893000.0,0.0599913891,0.17,0.16,59097000,61077000,https://www.sec.gov/Archives/edgar/data/1145197/000114519719000003/0001145197-19-000003-index.htm,https://www.sec.gov/Archives/edgar/data/1145197/000114519719000003/podd-2018x12x31_10xk.htm,2.790446215543936,0.1674027446401678,0.5150684467908693,-0.0737093253464643,7.851261485354587,3.588997749462748,2.742440394605479,3.588997749462748,10.107501226796623,4687574040.0,4990606040.0,118.45683917921762,28.42556131637832,153.99895003120994,-1076.1189256198347,22.100877609041056,22.100877609041056,30.263154626547085,225.53353398409257,163.9543362134104,-1145.6855004591368,0.0021104733313183,-0.0009292653220683,2.79104569092735,0.6373963115777868,13.694504699927691,3.988396724798326,3.037043966323667,3.076821995350248,0.0,0.0,0.1570824767899482,0.1729095793386575,0.0538673735711886,1.1431058838989454,0.2109977138629651,7.92235883424408,0.0383003753630834,3.676707992180997,0.0181401831736223,0.011258485401979,-2.8678528520906306,345629000.0,162070000.0,-255359000.0,654037000.0,71603500.0,26172500.0,64732000.0,34.54346995579326,42.03681655829288,117.72616539976188,2.6054128353398425,2.140980392156863,0.7644859551348475,0.046643312792611,0.5887777721373335,2019-02-25,0.07,amc,116612806.0,2025-04-25,2018-12-31,1.2857142857142856,84.62761904761905,627167.5079365079
2018-09-30,PODD,USD,1145197,2018-11-02,2018-11-01 17:33:37,2018,Q3,151076000.0,49107000.0,101969000.0,0.6749516799,21762000,38420000.0,34922000.0,73342000.0,1834000.0,95104000.0,144211000.0,0.0,6846000.0,4123000.0,12822000.0,0.0848711907,6865000.0,0.0454407053,-5012000.0,1853000.0,0.0122653499,194000.0,1659000.0,0.010981228,0.03,0.03,59016863,61146466,https://www.sec.gov/Archives/edgar/data/1145197/000114519718000015/0001145197-18-000015-index.htm,https://www.sec.gov/Archives/edgar/data/1145197/000114519718000015/podd-2018x09x30_10q.htm,2.559878521499864,0.0281106096743908,0.2686520291666468,-0.3688267876928667,4.911206480086887,3.353770260544008,2.547814173044067,3.353770260544008,10.019695557183375,6207983818.97,6665905818.97,935.500876879144,41.09179365994599,391.5473868792179,-285.20162718656684,31.36470056924453,31.36470056924453,44.12286411455162,519.88034775932,420.4292537981709,-306.23906918592365,0.000267236521289,-0.0035062913555743,2.953003349685998,0.6594618562889115,35.71377320230853,4.584382457006501,1.0027753432661408,9.556962025316457,0.0,0.0,0.2543090894649051,0.1440467049696841,0.0536665666259734,2.3728792179123306,0.2490269797982472,9.124909046810576,0.1064894490190367,1.4564415029323996,0.0077891375214584,0.0019779645921685,-5.245505000833406,348488000.0,150364000.0,-242665000.0,625486000.0,71773500.0,26018000.0,49429000.0,47.60630411183775,49.19970676278331,106.39012768037142,1.890505925193648,1.8292791953808905,0.8459431524547804,0.0083817934713963,0.6374788168595136,2018-11-01,0.00294,amc,,2025-04-25,2018-09-30,9.20408163265306,93.63285714285716,642640.8888888889
2018-06-30,PODD,USD,1145197,2018-08-02,2018-08-02 17:30:27,2018,Q2,124262000.0,42190000.0,82072000.0,0.660475447,18418000,23724000.0,35605000.0,59329000.0,1686000.0,77747000.0,119937000.0,0.0,7290000.0,3609000.0,9620000.0,0.0774170704,4325000.0,0.0348054916,-5604000.0,-1279000.0,-0.0102927685,412000.0,-1691000.0,-0.0136083437,-0.03,-0.0287,56366666,58833498,https://www.sec.gov/Archives/edgar/data/1145197/000114519718000011/0001145197-18-000011-index.htm,https://www.sec.gov/Archives/edgar/data/1145197/000114519718000011/podd-2018x06x30_10q.htm,2.20452989005949,-0.0300000003548196,-0.1087344779270784,-1.0767356721080503,5.3186044390136535,3.1782614213868885,2.3714370475628272,3.1782614213868885,10.36798947803654,4830623276.2,5271496276.2,-714.1666582199882,38.874501265068965,-788.1584722140643,-79.59242200289988,26.96442760287584,26.96442760287584,42.42243224960165,547.9725858835759,-860.0907613313753,-86.85652600342713,-0.0003500583471974,-0.0125640101762899,3.221464934021033,0.6879833964351451,45.828794178794176,5.541959558002339,0.593278463648834,3.62448255470136,0.0,0.0,0.1909191868793356,0.1482190854806779,0.0542143109186797,-8.90243106542666,0.4390964252949413,15.118592407869215,0.0558175467962852,,0.0074968473304905,-0.0021313926022652,-5.176579008593484,345684000.0,133670000.0,-237915000.0,588726000.0,59731500.0,29518500.0,33571000.0,46.08858701775281,53.73761554870823,87.0519080350794,1.9527611025552376,1.6748044936683737,1.0338659086453637,-0.0094391229597874,0.9680011941809722,2018-08-02,-0.13,amc,538468666.0,2025-04-25,2018-06-30,-0.7692307692307693,89.68984375,551729.234375
2018-03-31,PODD,USD,1145197,2018-05-04,2018-05-03 17:37:57,2018,Q1,123578000.0,47763000.0,75815000.0,0.6134991665,19912000,23770000.0,32133000.0,55903000.0,1682000.0,75815000.0,123578000.0,0.0,7918000.0,3522000.0,5204000.0,0.0421110473,1682000.0,0.0136108369,-6236000.0,-6236000.0,-0.0504620564,333000.0,-6569000.0,-0.0531567107,-0.11,-0.11,58482786,58482786,https://www.sec.gov/Archives/edgar/data/1145197/000114519718000008/0001145197-18-000008-index.htm,https://www.sec.gov/Archives/edgar/data/1145197/000114519718000008/podd-2018x03x31_10q.htm,2.1130662277272494,-0.1123236502447062,-0.0729445413219541,-0.6778062864515381,6.018848007685544,2.9165505213790603,2.1583274093679465,2.9165505213790603,9.879744785072312,5069287890.4800005,5436018890.4800005,-192.924641896788,41.0209575367784,-1188.3000212095642,-127.88314557214936,29.720040631771493,29.720040631771493,43.988565039732,1044.5849221877254,-1274.2660315236758,-137.13468442179618,-0.0012958427577838,-0.007819638745403,3.341054594062192,0.6867949040870707,70.47099740026853,5.479784987987478,0.2124273806516797,0.6494139138377226,0.0,0.0,0.1923481525837932,0.1611290035443202,0.0534405607384277,-8.292076887013597,0.2862483613588179,10.043725156161273,0.066201103756332,,0.0023599069694485,-0.0083636780321356,-4.31164907225863,369197000.0,126225000.0,-207584000.0,566569000.0,54601000.0,29129500.0,30063500.0,40.65942157989286,63.77614471452798,49.62125494629734,2.213509108169589,1.4111859599361816,1.8137388926862608,-0.0385124994137235,0.6048617451295839,2018-05-03,-0.19,amc,213452909.0,2025-04-25,2018-03-31,-0.4210526315789473,77.68032786885246,523292.7540983607
2017-12-31,PODD,USD,1145197,2018-02-22,2018-02-21 17:47:11,2017,Q4,130524000.0,51016000.0,79508000.0,0.6091446784,18782000,26165000.0,35329000.0,61494000.0,0.0,80276000.0,131292000.0,2633000.0,6153000.0,3321000.0,3099000.0,0.02374276,-768000.0,-0.0058839754,-6153000.0,-6921000.0,-0.0530247311,-61000.0,-6860000.0,-0.0525573841,-0.12,-0.12,57177149,58236415,https://www.sec.gov/Archives/edgar/data/1145197/000114519718000004/0001145197-18-000004-index.htm,https://www.sec.gov/Archives/edgar/data/1145197/000114519718000004/podd-2017x12x31_10xk.htm,2.28280007455426,-0.1199780003021836,0.381271196295569,-0.1331475971283563,10.625486066120576,2.772366282201304,1.999487592499584,2.772366282201304,10.009698105094396,3945223281.0,4071340281.0,-143.77635863702625,30.2260372115473,180.973545,-518.2218942598188,24.888486215902496,24.888486215902496,31.192273306058656,1313.7593678606002,186.75872848623857,-534.7878997766977,-0.0017388115985823,-0.0019296753207008,3.571708849579853,0.6932074187260635,40.69603097773475,6.244359197907585,-0.1248171623598244,-3.177842565597667,0.0,0.0,0.2004612178603168,0.143896907848365,0.0541063050356047,1.3492201834862383,0.2253455303239251,8.85666967780789,0.0642793662468205,,-0.0010417561825783,-0.0088796496809927,0.109016453408686,451146000.0,114325000.0,-121057000.0,603201000.0,50273000.0,26530500.0,34423500.0,36.802197297048814,43.06825309706758,59.61600282264387,2.445506154797369,2.089706304018351,1.5096617642707069,-0.0432763885033687,0.5144187934239254,2018-02-21,-0.08,amc,87016000.0,2025-04-25,2017-12-31,0.4999999999999999,65.62904761904763,657938.1111111111
2017-09-30,PODD,USD,1145197,2017-11-03,2017-11-02 18:16:16,2017,Q3,121775000.0,48151000.0,73624000.0,0.6045904332,20141000,22718000.0,28718000.0,51436000.0,556000.0,71577000.0,119728000.0,0.0,4153000.0,3826000.0,6429000.0,0.0527940875,2047000.0,0.01680969,-4153000.0,-2106000.0,-0.0172941901,121000.0,-2227000.0,-0.0182878259,-0.04,-0.0383,55675000,58099593,https://www.sec.gov/Archives/edgar/data/1145197/000114519717000017/0001145197-17-000017-index.htm,https://www.sec.gov/Archives/edgar/data/1145197/000114519717000017/podd-2017x09x30_10q.htm,2.18724741805119,-0.04,0.4181050740907049,0.2610327795240234,8.069672204759767,1.3337045352492145,0.5393982936686125,1.3337045352492145,6.270426582846879,3066579000.0,3135776000.0,-344.25,25.182336275918704,131.73721969241345,211.00798183444576,41.29850243757912,41.29850243757912,25.750572777663724,487.75486078705865,134.7098547985222,215.76935250808503,-0.0007262164124909,0.0047391572172117,4.645581382821128,0.6894261593930624,10.763260227095971,4.884174005871364,0.49289670117987,-10.452626852267624,0.0,0.0,0.1865571751180455,0.1653951960583042,0.0883844843988583,0.3756766045192886,0.0718127694518579,2.2856769472033456,0.0730527612399917,,0.005088315596894,-0.0048824335434365,1.3667130669061518,291080000.0,30031000.0,-60074000.0,423794000.0,42463000.0,20445500.0,34505000.0,34.86405255594334,53.54655147348964,65.52013457664431,2.581455493608632,1.6807805082379224,1.3736235522336966,-0.0299916502814663,0.1570722945666816,2017-11-02,-0.1,amc,304437500.0,2025-04-25,2017-09-30,-0.6,54.60214285714286,365239.8888888889
2017-06-30,PODD,USD,1145197,2017-08-04,2017-08-03 18:20:37,2017,Q2,109756000.0,45117000.0,64639000.0,0.5889336346,18029000,20493000.0,29475000.0,49968000.0,488000.0,67997000.0,113114000.0,0.0,4308000.0,3384000.0,514000.0,0.0046831153,-3358000.0,-0.0305951383,-4308000.0,-7666000.0,-0.0698458399,101000.0,-7767000.0,-0.0707660629,-0.13,-0.13,57977000,57977000,https://www.sec.gov/Archives/edgar/data/1145197/000114519717000013/0001145197-17-000013-index.htm,https://www.sec.gov/Archives/edgar/data/1145197/000114519717000013/podd-2017x06x30_10q.htm,1.8930955378857133,-0.1339669179157252,0.3098470082963934,0.0789106024802939,7.653414284975076,1.1163909826310434,0.372216568639288,1.1163909826310434,5.953119340428101,2974799870.0,3057030870.0,-95.75125112656109,27.10375624111666,165.59785515475397,650.2294797814208,45.960600540749326,45.960600540749326,27.852972684864607,5947.530875486382,170.17539913159652,668.203468852459,-0.0026109319414485,0.0015379185827381,5.265909617612978,0.742033453291446,159.98249027237355,7.054542046732475,-0.7794800371402043,-2.312862108922364,0.0,0.0,0.1867141659681475,0.164264368234994,0.0939309032562858,0.7453239812959251,0.1219887751011334,3.956560283687943,0.0686158387696344,,-0.0082717417978141,-0.0186625082295726,1.6284517998516652,290727000.0,21580000.0,-55857000.0,409750000.0,39200500.0,9328000.0,34144500.0,30.957487517766687,24.422501496110115,67.73588669459406,2.9072126718406484,3.6851261945601568,1.328690069501708,-0.12,0.2309364058160994,2017-08-03,-0.13,amc,109756000.0,2025-04-25,2017-06-30,-0.0,43.41968253968254,442904.98412698414
2017-03-31,PODD,USD,1145197,2017-05-09,2017-05-08 17:32:49,2017,Q1,101713000.0,42315000.0,59398000.0,0.5839764828,17500000,19111000.0,28095000.0,47206000.0,434000.0,64706000.0,107021000.0,0.0,5007000.0,3323000.0,-1551000.0,-0.0152487883,-5308000.0,-0.0521860529,-4573000.0,-9881000.0,-0.0971458909,96000.0,-9977000.0,-0.098089723,-0.17,-0.17,57693930,57693930,https://www.sec.gov/Archives/edgar/data/1145197/000114519717000009/0001145197-17-000009-index.htm,https://www.sec.gov/Archives/edgar/data/1145197/000114519717000009/podd-2017x03x31_10q.htm,1.7629757584550056,-0.1729298038805815,-0.3784626909624635,-0.8235528416940916,4.4030281868473855,1.1021090086946754,0.3757760998427391,1.1021090086946754,5.923829421916656,2486031443.7000003,2746755443.7000003,-62.29406243610304,24.44162932663475,-113.8553443416533,-52.32208283242834,39.09776588346309,39.09776588346309,27.00495948108895,-1770.957732882012,-125.79599009388598,-57.80939183609042,-0.0040132235757851,-0.0191123889926686,5.296249115357395,0.7568416723413723,-168.10058027079305,8.562127022016812,-1.060115837827042,2.188533627342889,0.0,0.0,0.1878914199758143,0.1720527366216707,0.0941776396370885,-1.176047629951912,0.2524652699261648,7.727655732771592,0.0700402111824447,,-0.0132146479562918,-0.0247536298045909,-1.381280491725906,297789000.0,21680000.0,-44204000.0,404973000.0,34725500.0,9786500.0,34923500.0,35.96708385358804,13.6398440269408,73.02304147465438,2.5022879354457785,6.598315920785904,1.232487694055282,-0.1569080758040418,0.4450901507316281,2017-05-08,-0.16,amc,89746764.0,2025-04-25,2017-03-31,0.0625,42.8908064516129,519453.1935483871
2016-12-31,PODD,USD,1145197,2017-02-28,2017-02-27 18:03:39,2016,Q4,103575000.0,42638000.0,60937000.0,0.5883369539,16034000,23674000.0,25364000.0,49038000.0,315000.0,65072000.0,107710000.0,0.0,5136000.0,3359000.0,-494000.0,-0.0047694907,-4135000.0,-0.0399227613,-4821000.0,-8956000.0,-0.0864687425,197000.0,-9119000.0,-0.0880424813,-0.16,-0.16,55723313,57435894,https://www.sec.gov/Archives/edgar/data/1145197/000114519717000005/0001145197-17-000005-index.htm,https://www.sec.gov/Archives/edgar/data/1145197/000114519717000005/podd-2016x12x31_10xk.htm,1.8587372936709632,-0.1636478434080184,0.3601724111414552,0.3079501033974774,8.254462544249657,1.1332779154749826,0.4117666155276877,1.1332779154749826,6.068788479967084,2099654433.84,2134121433.84,-57.56262840881676,20.271826539608977,104.61656371898356,122.35748448951048,33.24868462137767,33.24868462137767,20.60459989225199,-4320.08387417004,106.33390303139014,124.36605092307693,-0.0043430956318476,0.0081727734447313,5.273745051464767,0.7293095104095724,-69.77125506072875,6.642368529723324,-0.805101246105919,-2.200899221405856,0.0,0.0,0.2285686700458604,0.1548056963552981,0.0880439376586291,0.1449925261584454,0.0280955829109341,0.8663292646621018,0.0653342988172821,,-0.0105257323395646,-0.0218974070818985,1.8991736905521035,314263000.0,22945000.0,-23537000.0,400734000.0,33675500.0,15686000.0,34088500.0,25.02795076031861,27.77803836952953,74.96270932032459,3.595979585459848,3.239969604863222,1.200596947682604,-0.1444022169437846,0.0522223077439778,2017-02-27,-0.05,amc,32367187.0,2025-04-25,2016-12-31,2.2,37.25190476190476,633957.5238095238
2016-09-30,PODD,USD,1145197,2016-11-04,2016-11-04 09:09:07,2016,Q3,94871000.0,39230000.0,55641000.0,0.5864911301,13734000,17342000.0,22147000.0,39489000.0,211000.0,53223000.0,92453000.0,0.0,3029000.0,3629000.0,3707000.0,0.0390741112,2418000.0,0.0254872406,-5369000.0,-2951000.0,-0.0311053957,66000.0,-3081000.0,-0.0324756775,-0.0537,-0.0537,57341000,57341000,https://www.sec.gov/Archives/edgar/data/1145197/000114519716000100/0001145197-16-000100-index.htm,https://www.sec.gov/Archives/edgar/data/1145197/000114519716000100/podd-2016x09x30_10q.htm,1.6545055021712214,-0.0537311871087005,0.0466856176208995,-0.1852601105666103,4.930067490975044,1.1352261034861617,0.4310005057463246,1.1352261034861617,5.808269824383949,2347540540.0,2462161540.0,-190.48527588445307,24.744553551664893,876.9296002988419,-220.986589475666,36.06330040709731,36.06330040709731,25.95273097152976,664.192484488805,919.7465595816212,-231.776479337287,-0.0013124373988446,-0.0045251614696289,5.069867117290115,0.7282109104870509,30.92015106555166,6.669007594190076,0.7982832618025751,-0.8688737422914639,0.0,0.0,0.182795585584636,0.1447649966797019,0.089102531570156,4.968248038849459,0.1401903637571017,3.6649214659685865,0.0639394546278631,,0.0061637564176414,-0.0074633735126545,-1.0492405085366492,307555000.0,24714000.0,-26295000.0,398847000.0,38624000.0,19908500.0,28574500.0,36.5688144954728,41.78128982921234,74.93423400458833,2.4611134170384976,2.154074236766967,1.2010531794385084,-0.0473308241800445,0.2319457281875098,2016-11-03,-0.08,amc,170767799.0,2025-04-25,2016-09-30,-0.375,39.5375,562538.0
2016-06-30,PODD,USD,1145197,2016-08-04,2016-08-04 14:17:14,2016,Q2,87330000.0,36873000.0,50457000.0,0.5777739608,12953000,15842000.0,22950000.0,38792000.0,129000.0,51745000.0,88618000.0,0.0,3127000.0,3423000.0,2135000.0,0.024447498,-1288000.0,-0.0147486545,-2998000.0,-4286000.0,-0.0490782091,65000.0,-4198000.0,-0.048070537,-0.0734,-0.0734,57196000,57196000,https://www.sec.gov/Archives/edgar/data/1145197/000114519716000094/0001145197-16-000094-index.htm,https://www.sec.gov/Archives/edgar/data/1145197/000114519716000094/podd-2016x06x30_10q.htm,1.526855024826911,-0.0733967410308413,0.0643576473879292,0.0163647807538988,2.5678543954122666,0.4798237638995734,-0.228897125673124,0.4798237638995734,3.1668648157213792,1729607040.0,1796346040.0,-103.00184849928536,19.805416695293715,469.8742298288509,1847.8707692307687,63.02313948404023,63.02313948404023,20.569632886751403,841.3798782201405,488.0049008421624,1919.1731196581195,-0.0024271409071045,0.0005411633847188,6.486117184083953,0.6767093082932578,31.259484777517564,3.285369964299306,-0.4118963863127598,-0.876846117198666,0.0,0.0,0.1814038703767319,0.1483224550555364,0.1541029101484536,0.7457212713936431,0.0314324974235657,0.8019281332164768,0.0631283636780029,,-0.0062210466528167,-0.0188666525848392,-0.8298132736555004,126109000.0,-13092000.0,-54311000.0,207776000.0,39587000.0,17543500.0,19255000.0,39.8832016489179,52.73370759092018,59.76568220649256,2.256589147286822,1.7066882666049523,1.505880911541289,-0.1529660399358694,0.0479928666340303,2016-08-03,-0.16,amc,185576250.0,2025-04-25,2016-06-30,-0.5,31.1090625,617462.484375
2016-03-31,PODD,USD,1145197,2016-04-29,2016-04-29 14:18:28,2016,Q1,81213000.0,37162000.0,44051000.0,0.5424131605,12989000,14739000.0,24022000.0,38761000.0,170000.0,51750000.0,88912000.0,0.0,3096000.0,3422000.0,-4277000.0,-0.0526639824,-7699000.0,-0.0948000936,-2926000.0,-10625000.0,-0.1308288082,64000.0,-12481000.0,-0.1536822922,-0.22,-0.22,57030000,57030000,https://www.sec.gov/Archives/edgar/data/1145197/000114519716000088/0001145197-16-000088-index.htm,https://www.sec.gov/Archives/edgar/data/1145197/000114519716000088/podd-2016x03x31_10q.htm,1.424039978958443,-0.2188497282132211,-0.1844117131334385,-0.2398211467648606,1.9574785200771525,0.4628441171313344,-0.2498684902682798,0.4628441171313344,3.1776959495002632,1891114800.0,1957607800.0,-37.87987340757952,23.2858631007351,-179.8150423124465,-138.2697082693573,71.64399151386573,71.64399151386573,24.104611330698283,-457.7058218377367,-186.137472663307,-143.13137383929222,-0.0065998108628836,-0.0072322420616664,6.748295196241855,0.6991608248879398,-15.546644844517186,3.452435961828227,-2.4867571059431524,0.8426408140373367,0.0,0.0,0.1814857227291197,0.1599374484380579,0.1595374724265427,-0.3004659123324142,0.0389100267198601,0.92343658679135,0.064903402164678,,-0.0369802963672792,-0.0582875663154748,-1.3918200946870067,122070000.0,-14250000.0,-56533000.0,204411000.0,41502000.0,14347500.0,13024000.0,44.85316390233091,32.651095204779075,33.963726387169686,2.006547413154124,2.7564159620234387,2.649885909868796,-0.4728367934535535,0.055409433631422,2016-04-28,-0.23,amc,81213000.0,2025-04-25,2016-03-31,-0.1739130434782609,31.398688524590163,450729.1639344262
2015-12-31,PODD,USD,1145197,2016-02-29,2016-02-29 07:38:30,2015,Q4,100119000.0,54798000.0,45321000.0,0.4526713211,12897000,31518000.0,24946000.0,56464000.0,-2000.0,69361000.0,124159000.0,3087000.0,0.0,4432000.0,-24042000.0,-0.2401342403,-24040000.0,-0.240114264,-3147000.0,-27187000.0,-0.2715468592,140000.0,-27327000.0,-0.2729451952,-0.48,-0.48,56928956,56933133,https://www.sec.gov/Archives/edgar/data/1145197/000114519716000083/0001145197-16-000083-index.htm,https://www.sec.gov/Archives/edgar/data/1145197/000114519716000083/podd-2015x12x31_10xk.htm,1.7586656604066304,-0.4800193420023371,-0.3266351836840289,-0.3877991368750904,2.1548260958799244,0.5981314675786431,-0.1139841735372768,0.5981314675786431,3.11767530042181,2152483826.36,2207297826.36,-19.69191483111941,21.49925415116012,-115.75605411992473,-97.49892767857952,63.21352754280345,63.21352754280345,22.046742639858568,-91.81007513351636,-118.70383578166174,-99.98178313901346,-0.0126955657763114,-0.0102565230593782,5.212357933687704,0.6451080595799743,-2.279926794775809,2.9277579961937503,0.0,0.6804625461997292,0.0,0.0,0.3148053815959009,0.1288167081173403,0.1473506684210143,-0.1872546383436407,0.0347786134499945,0.7856498194945848,0.0531966959318411,,-0.1121347004282714,-0.1164903276410357,-1.4139289678876248,125605000.0,-6489000.0,-50314000.0,207938000.0,37166500.0,15413500.0,12521500.0,38.23150450963354,24.985765903865108,19.748165991459544,2.3540794733129555,3.602050877538947,4.557385229540918,-0.8025314968723386,0.0611639531910615,2016-02-25,-0.26,amc,85775025.0,2025-04-25,2015-12-31,0.0384615384615384,33.6634375,483888.4375
2015-09-30,PODD,USD,1145197,2015-11-06,2015-11-06 16:48:14,2015,Q3,87303000.0,51652000.0,35651000.0,0.408359392,10035000,17156000.0,24194000.0,41350000.0,-10000.0,51385000.0,103037000.0,46000.0,3167000.0,4292000.0,-10482000.0,-0.1200646026,-15734000.0,-0.1802229018,-2207000.0,-18865000.0,-0.2160865033,62000.0,-18927000.0,-0.2167966737,-0.33,-0.33,56898281,56898281,https://www.sec.gov/Archives/edgar/data/1145197/000114519715000066/0001145197-15-000066-index.htm,https://www.sec.gov/Archives/edgar/data/1145197/000114519715000066/podd-2015x09x30_10xq.htm,1.5343697290257328,-0.3326462534079017,0.1537129039100495,0.1093354648095607,2.5566150232201217,0.968974792050396,0.0399133323553307,0.968974792050396,3.235914983090614,1474234460.71,1509718460.71,-19.47263777553231,16.886412388004995,168.56099482163276,236.977087399132,26.73960170333557,26.73960170333557,17.2928589018705,-144.02961846117154,172.61816381317175,242.6809935235493,-0.0128385277270513,0.0042198172446762,3.2820815119801208,0.6173273744541484,-3.385231825987407,3.269646852970372,-4.968108620145248,-0.4620911924763565,0.0,0.0,0.1965110019128781,0.1149445036253049,0.1803425218340611,0.2887034072718957,0.0289222592579865,0.5883038210624417,0.0483603083513739,,-0.0658552873307407,-0.0787778138501111,-1.0924451302843403,134901000.0,2271000.0,-43649000.0,229299000.0,31814500.0,16765000.0,18227000.0,32.7854712896464,27.206303724928365,22.68469759157438,2.745118385058013,3.308056872037915,3.9674322144557954,-0.3432971178785845,0.0443774391004888,2015-11-05,-0.26,amc,68784181.0,2025-04-25,2015-09-30,0.2692307692307693,30.330390625,550040.0625
2015-06-30,PODD,USD,1145197,2015-08-12,2015-08-12 17:05:02,2015,Q2,75588000.0,41213000.0,34375000.0,0.4547679526,12069000,12856000.0,21811000.0,34667000.0,28000.0,46736000.0,87949000.0,41000.0,3075000.0,3681000.0,-10378000.0,-0.1372969254,-12361000.0,-0.1635312483,-3193000.0,-15395000.0,-0.2036698947,37000.0,-15432000.0,-0.2041593904,-0.27,-0.27,56808489,56808489,https://www.sec.gov/Archives/edgar/data/1145197/000114519715000059/0001145197-15-000059-index.htm,https://www.sec.gov/Archives/edgar/data/1145197/000114519715000059/podd-2015x06x30_10xq.htm,1.330575787713699,-0.2716495416732524,0.0138183573233218,0.0093295915686122,2.554847040554097,1.2366989729299085,0.3594181144300458,1.2366989729299085,3.236224079116063,1760211031.665,1795844031.665,-28.51560121282076,23.28691103964915,2242.307046707006,3321.1528899339623,25.05460154672265,25.05460154672265,23.758321845597184,-173.0433640070341,2287.6994033949045,3388.3849654056603,-0.0087671306010409,0.0003011002604038,2.573055298555263,0.6017783370451375,-3.43351320100212,3.869044455411715,-4.019837398373984,-0.0508683255572835,0.0,0.0,0.1700799068635233,0.1596682013017939,0.1659059964779472,0.3248407643312102,0.0033735513573583,0.0692746536267318,0.0572180769434301,,-0.0487926888078465,-0.0615910215680326,-0.8698347882479325,151147000.0,20418000.0,-26309000.0,243024000.0,33959500.0,16081000.0,21750000.0,37.89411017621845,39.12454807948948,51.17681314148448,2.375039276063596,2.3003460593882563,1.758608918284617,-0.2196569639171589,0.0044887657547096,2015-08-12,-0.12,amc,72853378.0,2025-04-25,2015-06-30,1.2500000000000002,29.47531746031746,812477.3174603175
2015-03-31,PODD,USD,1145197,2015-04-30,2015-04-30 16:38:32,2015,Q1,61215000.0,28408000.0,32807000.0,0.5359307359,8207000,15829000.0,17401000.0,33230000.0,5000.0,41437000.0,69845000.0,36000.0,3193000.0,3433000.0,-3833000.0,-0.062615372,-8630000.0,-0.1409785183,-3152000.0,-11782000.0,-0.1924691661,52000.0,-11834000.0,-0.1933186311,-0.21,-0.21,56496648,56496648,https://www.sec.gov/Archives/edgar/data/1145197/000114519715000032/0001145197-15-000032-index.htm,https://www.sec.gov/Archives/edgar/data/1145197/000114519715000032/podd-2015x03x31_10xq.htm,1.083515609634044,-0.2094637543806138,-0.0617381760418777,-0.1386630937821302,2.577285647106002,1.4291467345106916,0.531907662911258,1.4291467345106916,3.252387646077693,1884163210.8,1919111210.8,-39.804022536758495,30.77943658907131,-540.1844067660551,-240.51100469747257,23.335602422531025,23.335602422531025,31.35034241280732,-500.6812446647535,-550.2039021788992,-244.97207184069444,-0.0062807722452957,-0.0041578139065106,2.236209160040623,0.5906004265396643,-9.11766240542656,4.336098446470787,-2.702787347322268,0.2947439580868683,0.0,0.0,0.2585804132973944,0.1340684472759944,0.1658107524630703,-1.24598623853211,0.070995670995671,1.265948150305855,0.0866617659070489,,-0.0327919337878445,-0.046403293794726,-0.7480753548422908,158051000.0,30051000.0,-19547000.0,253354000.0,37987500.0,14452500.0,16582000.0,53.06493506493507,45.13306110954661,63.56836102506336,1.696035242290749,1.9941036080303245,1.4157986543732868,-0.1465656040226895,0.0769249177402524,2015-04-30,-0.11,amc,50502375.0,2025-04-25,2015-03-31,0.9090909090909092,33.75401639344262,922365.737704918
2014-12-31,PODD,USD,1145197,2015-02-26,2015-02-26 16:43:59,2014,Q4,72561000.0,35888000.0,36673000.0,0.5054092419,7286000,14180000.0,17462000.0,31642000.0,-3141000.0,38928000.0,74816000.0,37000.0,3180000.0,3055000.0,800000.0,0.0110252064,-2255000.0,-0.0310773005,-3141000.0,-5396000.0,-0.074365017,4000.0,-5400000.0,-0.0744201431,-0.0961,-0.0961,56166017,56166017,https://www.sec.gov/Archives/edgar/data/1145197/000114519715000020/0001145197-15-000020-index.htm,https://www.sec.gov/Archives/edgar/data/1145197/000114519715000020/podd_2014123110k.htm,1.29190218348579,-0.0961435453042718,0.082024687632737,0.0351458071167838,2.69189463799792,1.4925217146873704,0.5738167262243289,1.4925217146873704,3.1659179250684626,2587006743.02,2610450743.02,-119.76883069537035,35.6528540541062,561.5382554851313,1310.5403966666668,30.86052252824202,30.86052252824202,35.97594772701589,3263.063428775,566.6270334317343,1322.4167897771024,-0.0020873544356116,0.0007630440103513,2.0832528122726024,0.5779696580574273,29.305,4.700108361928843,-0.7091194968553459,-0.8531481481481481,0.0,0.0,0.1954217830515014,0.1004120670883808,0.1707727134327963,0.5715215975689169,0.036286710491862,0.8618657937806874,0.0588746020589572,,-0.0086383081021243,-0.0215520682003224,-0.5461131416885053,163900000.0,32229000.0,-10131000.0,252569000.0,43513500.0,16192500.0,11380500.0,49.46706908669947,36.76187026304057,32.8496990637539,1.8193922070106816,2.4481888259772155,2.739751126040156,-0.0644168485846186,0.0468788805159532,2015-02-26,-0.05,amc,29024400.0,2025-04-25,2014-12-31,1.0,42.76984375,476994.234375
2014-09-30,PODD,USD,1145197,2014-11-05,2014-11-05 17:21:15,2014,Q3,74985000.0,36943000.0,38042000.0,0.5073281323,7158000,18890000.0,14870000.0,33760000.0,-7948000.0,40918000.0,77861000.0,32000.0,3043000.0,3068000.0,-2876000.0,-0.0383543375,-2876000.0,-0.0383543375,-7948000.0,-10824000.0,-0.1443488698,21000.0,-10845000.0,-0.1446289258,-0.19,-0.19,55819242,55819242,https://www.sec.gov/Archives/edgar/data/1145197/000114519714000055/0001145197-14-000055-index.htm,https://www.sec.gov/Archives/edgar/data/1145197/000114519714000055/podd-2014x09x30_10xq.htm,1.34335396385354,-0.1942878407413701,0.086385981378966,0.0307062571720339,2.6222498686026587,1.439288623804673,0.4985915072082132,1.439288623804673,3.180731117774763,2056939067.7,2085070067.7,-47.41676043568465,27.43134050410082,426.57384232683535,1200.0811363477246,25.60292591112771,25.60292591112771,27.80649553510702,-724.9895923852573,432.4077286810452,1216.4936217619604,-0.0052723973064143,0.0008332769924568,2.172056260891212,0.5793650003154082,-9.781293463143257,4.325705552298802,-0.9451199474203088,-0.4446288612263716,0.0,0.0,0.251917050076682,0.0954590918183636,0.1743344057211725,0.6445458316051431,0.0414482896579315,1.013037809647979,0.128959125158365,,-0.0111939485695388,-0.0436088592935726,-0.6143983467206523,158849000.0,27831000.0,-14244000.0,247940000.0,44471000.0,18168000.0,9213500.0,56.58531706341269,43.18382372844653,23.538424058685003,1.5905186127903277,2.084113731242243,3.8235354998965017,-0.1349887976101568,0.055679724206932,2014-11-05,-0.01167,amc,3946578.95,2025-04-25,2014-09-30,9.282776349614396,36.507734375,445552.234375
2014-06-30,PODD,USD,1145197,2014-08-07,2014-08-07 17:18:36,2014,Q2,72013000.0,36248000.0,35765000.0,0.4966464388,6677000,19512000.0,14856000.0,34368000.0,-890000.0,41045000.0,77293000.0,29000.0,3975000.0,3030000.0,-5280000.0,-0.073320095,-5280000.0,-0.073320095,-23779000.0,-29059000.0,-0.4035243637,52000.0,-29111000.0,-0.4042464555,-0.53,-0.53,55425949,55425949,https://www.sec.gov/Archives/edgar/data/1145197/000114519714000042/0001145197-14-000042-index.htm,https://www.sec.gov/Archives/edgar/data/1145197/000114519714000042/podd-2014x06x30_10xq.htm,1.2992650788893123,-0.5252233028973486,0.0091653820848426,-0.0555696394120378,3.1671988151253845,1.40519019349583,0.441417791511337,1.40519019349583,3.706657327599389,2198747396.83,2224672396.83,-18.88244475310021,30.53264545054365,4328.24290714567,-713.8790249448052,28.231053834292023,28.231053834292023,30.89264989418577,-421.3394690965909,4379.276371712598,-722.2962327370129,-0.0132398110132933,-0.0014007975652139,2.586795747521956,0.6192826931589043,-4.910037878787879,3.2561131476565683,-1.3283018867924528,-0.0174504482841537,0.0,0.0,0.2709510782775332,0.0927193701137294,0.1641973638912113,7.062992125984252,0.0498243372724369,1.184158415841584,0.0585588713149014,,-0.0188320368978154,-0.107061159942628,-0.6525598686636831,160633000.0,24466000.0,-15612000.0,248210000.0,39238000.0,19796500.0,9607000.0,52.236818352241954,46.2066872655043,21.76258000441404,1.7229226978012775,1.9477700161203657,4.1355390758699375,-0.373773817472138,0.0647350214968804,2014-08-07,-0.08,amc,96017333.0,2025-04-25,2014-06-30,-0.25,38.43166666666667,699014.380952381
2014-03-31,PODD,USD,1145197,2014-05-07,2014-05-07 17:16:43,2014,Q1,69161000.0,36353000.0,32808000.0,0.4743713943,6779000,14259000.0,13656000.0,27915000.0,265000.0,34694000.0,71047000.0,31000.0,4489000.0,3070000.0,1480000.0,0.0213993436,-1886000.0,-0.027269704,-4193000.0,-6079000.0,-0.0878963578,65000.0,-6144000.0,-0.0888361938,-0.11,-0.11,55089028,55089028,https://www.sec.gov/Archives/edgar/data/1145197/000114519714000025/0001145197-14-000025-index.htm,https://www.sec.gov/Archives/edgar/data/1145197/000114519714000025/podd-2014x03x31_10xq.htm,1.2554405570561165,-0.1115285606418759,-0.0184610263953105,-0.057615828690969,2.6432486701344597,2.2235280680574,1.2348920006357709,2.2235280680574,2.326688356164135,2612321707.76,2590393707.76,-106.29564240559895,37.77160115903472,-2568.654579901672,-823.037715110271,21.32646791431277,21.32646791431277,37.45454385795463,1750.266018756757,-2547.093124641101,-816.1290824700694,-0.002351930844409,-0.0012150111491136,1.0097475753518597,0.4286793656074973,-14.816216216216215,4.635117584303539,-0.4201381153931833,0.16552734375,0.0,0.0,0.2061711079943899,0.0980176689174534,0.1887615759995563,-2.12094395280236,0.0311880973380951,0.7026058631921824,0.0630413094084816,,-0.0076811362970465,-0.0262491188345117,0.223488241615009,156739000.0,68029000.0,33821000.0,243758000.0,34873000.0,20171000.0,9956500.0,47.73080204161305,51.94811982504882,25.86884163617858,1.8855748520952045,1.7324977362626888,3.4790889080294765,-0.0501583776899715,0.0391548022956585,2014-05-07,-0.06,amc,64190049.0,2025-04-25,2014-03-31,0.8333333333333334,44.239672131147536,607369.3770491803
2013-12-31,PODD,USD,1145197,2014-02-28,2014-02-27 17:44:34,2013,Q4,68533000.0,35515000.0,33018000.0,0.4817824989,6424000,13552000.0,12836000.0,26388000.0,-2860000.0,32812000.0,68327000.0,33000.0,4244000.0,2947000.0,4537000.0,0.0662016839,206000.0,0.0030058512,-2860000.0,-2654000.0,-0.0387258693,-154000.0,-2500000.0,-0.0364787766,-0.0457,-0.0457,54675327,54675327,https://www.sec.gov/Archives/edgar/data/1145197/000114519714000013/0001145197-14-000013-index.htm,https://www.sec.gov/Archives/edgar/data/1145197/000114519714000013/podd_20131231x10k.htm,1.2534538659457857,-0.0457244636140905,-0.0643434651977481,-0.1153719665910731,2.7384747054187715,2.278852397169933,1.2623792812432562,2.278852397169933,2.3030863628854017,2028454631.7,2000405631.7,-202.84546317,29.59821737994835,-576.5931301023309,-321.56858460684845,16.280124173936773,16.280124173936773,29.18894009747129,440.9093303284109,-568.6201340818648,-317.1220088300571,-0.0012324653265253,-0.0031097565118887,0.9765724696421262,0.4225590804118699,-6.182279039012563,4.677349317978005,0.0485391140433553,1.4072,0.0,0.0,0.1977441524521033,0.093735864474049,0.1930023788439165,-0.7930642410460489,0.0407103147388849,0.9467254835425856,0.042067325230181,,0.0007817592677773,-0.0107582871085597,0.2908304508174226,155824000.0,69021000.0,34840000.0,243756000.0,33766000.0,17238000.0,7429500.0,43.42477346679702,49.05842601717584,23.98310572997325,2.072549671878308,1.8345472390102795,3.75264158918005,-0.0200646885559042,0.051028501393325,2014-02-27,-0.09,amc,154199250.0,2025-04-25,2013-12-31,-0.5555555555555556,36.940109375,469855.015625
2013-09-30,PODD,USD,1145197,2013-11-07,2013-11-07 17:16:04,2013,Q3,61103000.0,33708000.0,27395000.0,0.4483413253,5771000,23530000.0,15407000.0,38937000.0,0.0,44708000.0,78416000.0,27000.0,3999000.0,3096000.0,-14190000.0,-0.2322308234,-17313000.0,-0.2833412435,-3972000.0,-21285000.0,-0.348346235,5000.0,-21290000.0,-0.3484280641,-0.39,-0.39,54458364,54458364,https://www.sec.gov/Archives/edgar/data/1145197/000114519713000035/0001145197-13-000035-index.htm,https://www.sec.gov/Archives/edgar/data/1145197/000114519713000035/podd-2013x09x30x10xq.htm,1.1220131401670457,-0.3909408663102696,0.0678316373954972,0.0343748850038903,2.8261039938695185,2.2297034115824705,1.1887246557755573,2.2297034115824705,2.273314710665932,1973571111.36,1939468111.36,-23.174860396430248,32.299086973798346,534.2639716729832,1054.2580723076924,16.253282751305324,16.253282751305324,31.740963804723176,-136.67851383791404,525.0319738386573,1036.0406577777778,-0.0107875514986277,0.0009485343544119,0.9866255991303344,0.4138295520490784,2.403312191684285,4.134799353957013,-4.329332333083271,-0.1735086895255988,0.0,0.0,0.3850874752467145,0.0944470811580446,0.1958230856384889,0.4932322685435842,0.0298185031831497,0.588501291989664,0.0483773300819927,,-0.0710312637607634,-0.0914495330876352,0.2640778926080115,151392000.0,64736000.0,31616000.0,239481000.0,34057500.0,13279000.0,5687000.0,50.76428325941443,40.3622285510858,14.404592381630474,1.772900043522414,2.2298075014883905,6.248007414272474,-0.1753331247014642,0.0334567523916069,2013-11-07,-0.17,amc,46554666.0,2025-04-25,2013-09-30,1.2941176470588234,33.5578125,331057.296875
2013-06-30,PODD,USD,1145197,2013-08-08,2013-08-07 17:41:11,2013,Q2,60092000.0,33259000.0,26833000.0,0.4465319843,5174000,13901000.0,13580000.0,27481000.0,-4579000.0,32655000.0,65914000.0,37000.0,4616000.0,2859000.0,-3251000.0,-0.0541003794,-5822000.0,-0.0968847767,-4579000.0,-10401000.0,-0.1730846036,118000.0,-10519000.0,-0.1750482593,-0.2,-0.2,53834707,53834707,https://www.sec.gov/Archives/edgar/data/1145197/000114519713000025/0001145197-13-000025-index.htm,https://www.sec.gov/Archives/edgar/data/1145197/000114519713000025/podd-2013x06x30x10xq.htm,1.1162315790072006,-0.1953943949207339,0.0812115500136371,0.0510079863534875,2.8038417669850046,2.5696248332883096,1.4959122931606186,2.5696248332883096,2.183907121478343,1693101535.15,1655111535.15,-40.2391276535317,28.17515701174865,387.26018644785,616.5701147669337,12.23914074637655,12.23914074637655,27.542959714271447,-509.1084389880036,378.5707994396157,602.735446158048,-0.0062128583440614,0.0016218755597293,0.8165251021072035,0.3947342671027985,11.685635189172562,5.823088057188432,-1.261265164644714,-0.4156288620591311,0.0,0.0,0.2313286294348665,0.0861013113226386,0.2020010344152758,0.3719121683440073,0.0270585102842308,0.5687303252885625,0.0640517872595353,,-0.023223819025534,-0.0460654524434089,0.5824123831490343,163276000.0,80532000.0,49312000.0,250413000.0,32380000.0,9992500.0,7589000.0,50.39772349064768,30.959740220692144,16.179380017438888,1.7857949479940565,2.9070011362643124,5.562635892289681,-0.0760400477102685,0.0302035636601495,2013-08-07,-0.18,amc,57087400.0,2025-04-25,2013-06-30,0.1111111111111112,28.331875,464328.125
2013-03-31,PODD,USD,1145197,2013-05-08,2013-05-08 16:23:12,2013,Q1,57356000.0,32201000.0,25155000.0,0.4385766092,4396000,13094000.0,13871000.0,26965000.0,-4328000.0,31361000.0,63562000.0,27000.0,4355000.0,2904000.0,-3275000.0,-0.0570995188,-6206000.0,-0.1082014087,-4328000.0,-10534000.0,-0.1836599484,131000.0,-10665000.0,-0.1859439291,-0.2,-0.2,53052400,53052400,https://www.sec.gov/Archives/edgar/data/1145197/000114519713000009/0001145197-13-000009-index.htm,https://www.sec.gov/Archives/edgar/data/1145197/000114519713000009/podd-2013x0331x10xq.htm,1.0811197985388032,-0.2010276632159902,-0.0226191463534166,-0.0427690358965852,2.7909199206821933,2.4418687938717194,1.3278004388114393,2.4418687938717194,2.3613257835649284,1379362400.0,1352216400.0,-32.33385841537741,24.04913871260199,-1149.4686666666666,-607.9164389598942,10.647582730591983,10.647582730591983,23.575849082920705,-412.8905038167939,-1126.847,-595.9525782282944,-0.007731833200615,-0.0016449629190994,0.9333986892787944,0.4304714505925617,8.288854961832062,4.531340158213123,-1.425028702640643,0.1125175808720112,0.0,0.0,0.2282934653741544,0.0766441174419415,0.2104101474195351,-0.8908333333333334,0.0186379803333565,0.3681129476584022,0.0522177278750261,,-0.0248689000306694,-0.0480849433035009,0.4645407182332938,151777000.0,70443000.0,43405000.0,235863000.0,32202000.0,8952500.0,12033000.0,48.816165701931794,23.880003726592346,25.7106922145275,1.8436515589842497,3.7688436329588018,3.5004891836069136,-0.0823253336626861,0.0201498895431686,2013-05-06,-0.21,amc,60223799.0,2025-04-25,2013-03-31,-0.0476190476190475,23.082083333333333,416349.81666666665
2012-12-31,PODD,USD,1145197,2013-02-28,2013-02-28 14:49:55,2012,Q4,57829000.0,32510000.0,25319000.0,0.4378253126,5847000,12824000.0,12734000.0,25558000.0,-4039000.0,31405000.0,63915000.0,27000.0,4066000.0,2938000.0,-3148000.0,-0.0544363555,-6086000.0,-0.1052413149,-4039000.0,-10125000.0,-0.1750851649,69000.0,-10194000.0,-0.1762783379,-0.21,-0.21,48219735,48219735,https://www.sec.gov/Archives/edgar/data/1145197/000119312513083670/0001193125-13-083670-index.htm,https://www.sec.gov/Archives/edgar/data/1145197/000119312513083670/d454863d10k.htm,1.1992807509207588,-0.211407217397607,-0.1159898535319615,-0.1586072590403078,1.1881649702139592,0.9161394188499792,-0.3385128516363684,0.9161394188499792,2.534750553896657,1023222776.7,1084088776.6999998,-25.09375065479694,17.69393862421968,-182.9470367781155,-133.7895890036611,23.16241345300616,23.16241345300616,18.7464555275035,-344.37381724904697,-193.82956851421417,-141.74800950575312,-0.009962639839661,-0.007474423140448,2.674732886635277,0.5965848560277494,-19.33481575603557,2.276767593091165,-1.4968027545499265,0.548656072199333,0.0,0.0,0.2217572498227533,0.1011084404018744,0.3054594842950838,-0.3674235651707491,0.0355358038354458,0.6994554118447924,0.0418475159522039,,-0.0373166889743301,-0.074105844722303,-1.3311147396392784,61650000.0,-16323000.0,-43947000.0,147571000.0,31719500.0,12788500.0,14978000.0,51.8158709298103,25.9147954475546,41.15749000307597,1.7369195650868023,3.4729195598760816,2.186722270801103,-0.2307587830496197,0.0426174055083463,2013-02-27,-0.22,amc,60581714.0,2025-04-25,2012-12-31,-0.0454545454545455,21.27381612903226,269135.1451612903
2012-09-30,PODD,USD,1145197,2012-11-08,2012-11-08 17:16:57,2012,Q3,54752000.0,30362000.0,24390000.0,0.4454631794,6559000,12731000.0,13571000.0,26302000.0,0.0,32861000.0,63223000.0,31000.0,3949000.0,2594000.0,-5846000.0,-0.1067723553,-8471000.0,-0.1547158095,-3918000.0,-12389000.0,-0.2262748393,28000.0,-12417000.0,-0.2267862361,-0.26,-0.26,48041392,48041392,https://www.sec.gov/Archives/edgar/data/1145197/000119312512460797/0001193125-12-460797-index.htm,https://www.sec.gov/Archives/edgar/data/1145197/000119312512460797/d415092d10q.htm,1.1396838792681112,-0.2584646173449761,-0.0717922578096821,-0.169353960434785,1.3205903775644137,0.8141520961757311,-0.2475365409894867,0.8141520961757311,2.489519870698168,1042498206.4,1094706206.4,-20.989333301119437,19.04036759205143,-302.2610050449406,-128.13399783677482,26.653496443637664,26.653496443637664,19.993903535943893,-187.25730523434828,-317.3981462452885,-134.5509103244838,-0.0119108118592154,-0.0078043299739532,2.9568429933781606,0.6034741862430991,-8.930550803968526,2.2981233026630457,-2.1451000253228667,0.2777643553193203,0.0,0.0,0.2325211864406779,0.1197947106954997,0.2661472954780267,-1.3589446216294578,0.085604178842782,1.8068619892058595,0.0428294856808883,,-0.0542730164032529,-0.0882911324900275,-1.226707793978992,64052000.0,-11892000.0,-39135000.0,139967000.0,27868000.0,14951500.0,15757500.0,49.55161455289305,48.067979711481456,44.72729069231276,1.8162879416155249,1.8723482979773065,2.012194313738485,-0.3174647815304374,0.0975617026251029,2012-11-08,-0.23,amc,50540307.0,2025-04-25,2012-09-30,0.1304347826086956,20.80261904761905,241621.3650793651
2012-06-30,PODD,USD,1145197,2012-08-08,2012-08-08 17:05:56,2012,Q2,51035000.0,28704000.0,22331000.0,0.4375624571,6521000,12665000.0,13664000.0,26329000.0,0.0,32850000.0,61554000.0,24000.0,3912000.0,2654000.0,-7841000.0,-0.1536396591,-10519000.0,-0.2061134516,-3888000.0,-14407000.0,-0.2822964632,69000.0,-14476000.0,-0.2836484765,-0.3,-0.3,47824190,47824190,https://www.sec.gov/Archives/edgar/data/1145197/000119312512344298/0001193125-12-344298-index.htm,https://www.sec.gov/Archives/edgar/data/1145197/000119312512344298/d360015d10q.htm,1.0671377811103544,-0.3026920058656508,-0.2323928539092873,-0.285713150604328,1.4667054475987988,0.9984486930149784,-0.0972311292674272,0.9984486930149784,2.449450790489081,1022002940.3,1065089940.3,-17.649954067076543,20.025530328206138,-91.95635597444664,-74.79529715310305,21.40320293821989,21.40320293821989,20.869794068776333,-135.835982693534,-95.83317800071984,-77.94861975263467,-0.0141643428107464,-0.0133698245486349,2.3713298429319374,0.5899291445243305,-5.495089912001021,2.6799953639313863,-2.6889059304703475,0.767753523072672,0.0,0.0,0.2481630253747428,0.1277750563338885,0.2730019797853495,-0.2294403455101673,0.0499657098069952,0.9608138658628486,0.0498873322229842,,-0.0649827484451167,-0.1037408628350293,-0.9752334540323632,72475000.0,-4650000.0,-28575000.0,146297000.0,25894000.0,14897000.0,15564500.0,45.12961692955815,42.91492474916388,51.50292642140469,1.9942557930522449,2.097172499452035,1.747473517594058,-0.3031623036649215,0.0533202966950407,2012-08-08,-0.26,amc,44230333.0,2025-04-25,2012-06-30,0.1538461538461537,18.678809523809527,344837.68253968254
2012-03-31,PODD,USD,1145197,2012-05-09,2012-05-09 16:56:04,2012,Q1,47754000.0,27458000.0,20296000.0,0.4250115174,5432000,13020000.0,12739000.0,25759000.0,0.0,31191000.0,58649000.0,28000.0,3867000.0,2844000.0,-8023000.0,-0.1680068685,-10895000.0,-0.2281484274,-3839000.0,-14734000.0,-0.3085395988,46000.0,-14780000.0,-0.3095028689,-0.31,-0.31,47607449,47607449,https://www.sec.gov/Archives/edgar/data/1145197/000119312512222324/0001193125-12-222324-index.htm,https://www.sec.gov/Archives/edgar/data/1145197/000119312512222324/d328525d10q.htm,1.003078320789673,-0.3104556179853283,-0.1870085498594978,-0.2226962423464445,1.7435506783822845,1.2367392338119187,0.1029040644458811,1.2367392338119187,2.409517888681664,911206573.86,939044573.86,-15.412831086941814,19.081261755245635,-102.34826169381108,-85.94666797396718,15.476180812187916,15.476180812187916,19.664207686476527,-117.04407003116042,-105.47507288105132,-88.57239896811923,-0.0162202517233713,-0.011635122379647,1.8826047080403547,0.5435074678094752,-3.469774398604013,3.909422958870473,-2.817429531936902,0.6023680649526387,0.0,0.0,0.2726473175021988,0.1137496335385517,0.2646781928195271,-0.1908345501516342,0.0355781714620764,0.5973980309423348,0.0546341667713699,,-0.0637773515962096,-0.0985576442189073,-0.7364131188797787,94789000.0,4899000.0,-17695000.0,168715000.0,24693500.0,13762500.0,13270500.0,49.37240859404448,52.794449705004006,48.1925122004516,1.822880482497996,1.7047246538771963,1.8675100319662656,-0.2510275484900982,0.0356876924869467,2012-05-09,-0.28,amc,43132645.0,2025-04-25,2012-03-31,0.107142857142857,19.51758064516129,332537.6129032258
2011-12-31,PODD,USD,1145197,2012-02-28,2012-02-28 16:16:41,2011,Q4,47192000.0,27112000.0,20080000.0,0.4254958468,5804000,12498000.0,12290000.0,24788000.0,0.0,30592000.0,57704000.0,32000.0,3732000.0,2820000.0,-7553000.0,-0.1600483133,-10512000.0,-0.2227496186,-3785000.0,-14297000.0,-0.3029538905,40000.0,-14337000.0,-0.3038014918,-0.3,-0.3,47424738,47424738,https://www.sec.gov/Archives/edgar/data/1145197/000119312512085240/0001193125-12-085240-index.htm,https://www.sec.gov/Archives/edgar/data/1145197/000119312512085240/d240030d10k.htm,0.9950924768419384,-0.302310578921912,-0.1616877672576704,-0.209679598019076,1.9811390418224344,1.5054590285770266,0.3320418976273522,1.5054590285770266,2.367372066451901,893007816.54,907592816.54,-15.571734263444233,18.92286439523648,-116.45902667449138,-89.80368227473853,12.507812994285391,12.507812994285391,19.23192101500254,-120.16322210247584,-118.36108718570682,-91.27039587087692,-0.0160547306915513,-0.0111354008507209,1.5202532354753768,0.5178855155236828,-1.931020786442473,4.707447758528309,-2.8167202572347265,0.5347653253364949,0.0,0.0,0.2648330225461943,0.1229869469401593,0.2655224898966042,-0.2968179447052686,0.0482285133073402,0.8070921985815603,0.0450923885404305,,-0.0580512498943267,-0.0931373185910845,-0.4411305340263556,103790000.0,15747000.0,-6402000.0,178861000.0,20229500.0,10011000.0,12480500.0,44.22571622308866,37.90277367955149,39.29699026261434,2.035015092712376,2.37449640917849,2.2902517317114377,-0.2008095691635385,0.0479918307614055,2012-02-09,-0.26,amc,131954333.0,2025-04-25,2011-12-31,0.1538461538461537,17.088849206349206,410673.4285714286
2011-09-30,PODD,USD,1145197,2011-11-08,2011-11-08 16:05:20,2011,Q3,44594000.0,26033000.0,18561000.0,0.4162219133,4638000,11379000.0,12312000.0,23691000.0,0.0,28329000.0,54362000.0,31000.0,3825000.0,2836000.0,-6901000.0,-0.1547517603,-9768000.0,-0.2190429206,-3794000.0,-13562000.0,-0.3041216307,958000.0,-13562000.0,-0.3041216307,-0.29,-0.29,47321989,47321989,https://www.sec.gov/Archives/edgar/data/1145197/000095012311096474/0000950123-11-096474-index.htm,https://www.sec.gov/Archives/edgar/data/1145197/000095012311096474/b87826e10vq.htm,0.9423526132851264,-0.2865898134586017,-0.0176662058731301,-0.0869363289019825,2.1937370383987878,1.763239495279879,0.5621699459843076,1.763239495279879,2.3275437556101037,722133552.14,724640552.14,-13.311708305190974,16.193513749383325,-863.796115,-175.5307613368984,8.654524833892618,8.654524833892618,16.249732074718573,-105.00515173742936,-866.7949188277512,-176.140143932912,-0.0187804595975492,-0.0056970071364339,1.2741970278044104,0.4927194364630642,-0.3632806839588465,5.567505351157061,-2.5537254901960784,0.0616428255419554,0.0,0.0,0.2551688567968785,0.1040050230972776,0.2634025396236908,-3.9210526315789473,0.0735076467686235,1.1558533145275036,0.0401399291384491,,-0.0547484666212484,-0.0853261861170356,-0.1904981212856459,113096000.0,26603000.0,5517000.0,188228000.0,18815000.0,8986500.0,14540000.0,34.85244651746872,29.745323243575463,45.368186532478006,2.582315131159882,3.0256857275685727,1.9837689552693745,-0.162535953978907,0.0692701230288524,2011-11-03,-0.25,amc,38443103.0,2025-04-25,2011-09-30,0.1599999999999999,18.37875,485598.15625
2011-06-30,PODD,USD,1145197,2011-08-09,2011-08-09 16:26:19,2011,Q2,32211000.0,17673000.0,14538000.0,0.4513365,6832000,12996000.0,9625000.0,22621000.0,0.0,29453000.0,47126000.0,39000.0,4547000.0,1684000.0,-13192000.0,-0.4095495328,-14915000.0,-0.4630405762,-4508000.0,-19423000.0,-0.6029927664,2824000.0,-19423000.0,-0.6029927664,-0.42,-0.42,46377843,46377843,https://www.sec.gov/Archives/edgar/data/1145197/000095012311075115/0000950123-11-075115-index.htm,https://www.sec.gov/Archives/edgar/data/1145197/000095012311075115/b82749e10vq.htm,0.694534241275516,-0.4187991235383672,-0.1958262698849534,-0.2532459303896475,2.301659436813394,2.0289645639621487,0.7540454177655481,2.0289645639621487,2.344309113297917,1028196779.31,1025627779.31,-13.234268384260927,31.9206724196703,-113.21259406628496,-87.54336137164752,10.926755643630646,10.926755643630646,31.840917056595572,-77.74619309505762,-112.9297268564193,-87.3246299965943,-0.0188903528885145,-0.0114229107076972,1.107099969181394,0.4605729696273045,0.1947392359005458,5.555371838713314,-3.2801847371893555,0.4675899706533491,0.0,0.0,0.4034646549315451,0.2121014560243395,0.2614085503337902,-0.2932173530059458,0.0826736208127658,1.581353919239905,0.0575890223836577,,-0.0855979886881883,-0.1162622259999281,-0.0451886043945597,121223000.0,34971000.0,15743000.0,196476000.0,17685000.0,7791000.0,14078000.0,56.89019279128248,47.7117637073502,81.26124596842642,1.5819949904228672,1.8863272494396417,1.107539011092311,-0.2064102700347506,0.057419660504694,2011-08-02,-0.23,amc,31195651.0,2025-04-25,2011-06-30,0.826086956521739,20.494880952380957,435999.5873015873
2011-03-31,PODD,USD,1145197,2011-05-10,2011-05-10 16:05:29,2011,Q1,28258000.0,14725000.0,13533000.0,0.4789086276,4589000,7211000.0,9006000.0,16217000.0,0.0,20806000.0,35531000.0,37000.0,2612000.0,1163000.0,-6073000.0,-0.2149125911,-7273000.0,-0.2573784415,-2575000.0,-9848000.0,-0.3485030788,0.0,-9848000.0,-0.3485030788,-0.22,-0.22,45583242,45583242,https://www.sec.gov/Archives/edgar/data/1145197/000095012311048300/0000950123-11-048300-index.htm,https://www.sec.gov/Archives/edgar/data/1145197/000095012311048300/b86108e10vq.htm,0.619920803351372,-0.216044308564099,-0.172563417055768,-0.2361174749264214,2.29224590914354,1.3114468690050611,1.3114468690050611,1.3114468690050611,1.6117546005174446,939926450.04,906295450.04,-23.86084611190089,33.26231332861491,-119.4923023188406,-87.32941094862028,15.723092171963868,15.723092171963868,32.072172483544485,-149.23356661287667,-115.21681287058226,-84.20472452290254,-0.0104774155462705,-0.0114508959712134,1.1852960856473738,0.4757866322871761,5.53779021900214,7.950050604274573,-2.784456355283308,0.7987408610885459,0.0,0.0,0.2551843725670606,0.162396489489702,0.0,-0.3682939232138317,0.1025196404558001,2.4909716251074805,0.0693962771604501,,-0.0550446911730203,-0.0661268012301411,0.7173305049254723,116740000.0,59780000.0,44391000.0,130996000.0,15925000.0,5554000.0,11814500.0,47.80274612499116,37.97419354838709,74.56095076400679,1.8827370244519952,2.3700305810397557,1.2070661529633575,-0.1647373703579792,0.0635540578706534,2011-05-09,-0.22,amc,28258000.0,2025-04-25,2011-03-31,-0.0,17.717701612903223,292420.56451612903
2010-12-31,PODD,USD,1145197,2011-03-10,2011-03-10 16:59:23,2010,Q4,27767000.0,13941000.0,13826000.0,0.4979291965,4438000,6288000.0,8394000.0,14682000.0,4431000.0,19120000.0,33061000.0,59000.0,11192000.0,1131000.0,-4163000.0,-0.1499261714,-9725000.0,-0.3502358915,-51434000.0,-61159000.0,-2.2025786005,-39666000.0,-20858000.0,-0.7511794576,-0.46,-0.46,45583242,45583242,https://www.sec.gov/Archives/edgar/data/1145197/000095012311024185/0000950123-11-024185-index.htm,https://www.sec.gov/Archives/edgar/data/1145197/000095012311024185/b84120e10vk.htm,0.6091493009645957,-0.4575804415140108,-0.168987541517999,-0.232980357123348,2.4849921819953043,1.4529681763311175,1.4529681763311175,1.4529681763311175,1.7687421179915197,706540251.0,662699251.0,-8.468456359670151,25.445321820866496,-91.72273802414644,-66.52921384180792,10.667817955338135,10.667817955338135,23.86643321208629,-159.1879055969253,-86.03131909645593,-62.40105941619586,-0.0295213188073555,-0.0150309907821514,1.0483459407226223,0.4444195528473498,10.531107374489553,7.517519788918205,-0.8689242315939957,0.3693067408188704,0.0,0.0,0.2264558648755717,0.1598300140454496,0.0,-0.378683629754641,0.1050527604710627,2.579133510167993,0.0398674685778081,,-0.0248948498860582,-0.133505725422926,0.9130054856563296,123507000.0,66231000.0,52455000.0,136029000.0,16141500.0,5024500.0,12169500.0,54.586019375517694,31.6010329244674,73.78954163976759,1.648773825782317,2.848008171603677,1.2196850393700789,-0.3149280548383687,0.063992815605349,2011-02-15,-0.26,amc,27767000.0,2025-04-25,2010-12-31,-0.0,14.8621875,293247.875
2010-09-30,PODD,USD,1145197,2010-11-09,2010-11-09 16:30:30,2010,Q3,25455000.0,13826000.0,11629000.0,0.4568454135,3698000,7230000.0,8979000.0,16209000.0,0.0,19907000.0,33733000.0,49000.0,3871000.0,1250000.0,-7028000.0,-0.2760950697,-8278000.0,-0.3252013357,-3822000.0,-12100000.0,-0.4753486545,0.0,-12100000.0,-0.4753486545,-0.3,-0.3,40155277,40155277,https://www.sec.gov/Archives/edgar/data/1145197/000095012310103287/0000950123-10-103287-index.htm,https://www.sec.gov/Archives/edgar/data/1145197/000095012310103287/b82920e10vq.htm,0.6339141926477061,-0.3013302585361321,-0.3203564004800664,-0.3613472769718411,2.587903950955188,0.834385976219265,0.834385976219265,0.834385976219265,2.44177122722874,567795616.78,558056616.78,-11.731314396280991,22.30585805460617,-44.13834085665423,-39.13133127360441,16.94659354663483,16.94659354663483,21.923261315262227,-79.40475480648833,-43.3812668516791,-38.46013899241902,-0.0213104850449881,-0.0255549700828741,2.810893896433368,0.628471712466801,1.3857427433124645,6.522258096076705,-2.138465512787393,1.0631404958677686,0.0,0.0,0.2840306423099587,0.1452759772146926,0.0,-0.1279539800995024,0.0646631310155175,1.3168,0.0499705362404242,,-0.0639662473340957,-0.080745258718486,0.1395831486855389,112886000.0,33505000.0,16979000.0,127033000.0,15621500.0,7141000.0,11570000.0,54.59752504419564,33.5498336467525,84.03081151453783,1.6484263696412382,2.6825766395032984,1.0710357115190952,-0.3611401283390538,0.0409908764917746,2010-11-09,-0.3,amc,25455000.0,2025-04-25,2010-09-30,-0.0,14.5620703125,177862.015625
2010-06-30,PODD,USD,1145197,2010-08-09,2010-08-09 16:39:54,2010,Q2,22937000.0,13051000.0,9886000.0,0.4310066704,4583000,6190000.0,9013000.0,15203000.0,0.0,19786000.0,32837000.0,36000.0,3847000.0,1258000.0,-8642000.0,-0.3767711558,-9900000.0,-0.431617038,-3811000.0,-13711000.0,-0.5977677988,-1258000.0,-13711000.0,-0.5977677988,-0.36,-0.36,38285628,38285628,https://www.sec.gov/Archives/edgar/data/1145197/000095012310075088/0000950123-10-075088-index.htm,https://www.sec.gov/Archives/edgar/data/1145197/000095012310075088/b81991e10vq.htm,0.5991020964838294,-0.3581239414435098,-0.1535824356857879,-0.1769854735045746,3.083950980247732,1.1487600516831016,1.1487600516831016,1.1487600516831016,2.511098942924483,576198701.4,550419701.4,-10.506139256801108,25.12092694772638,-97.99297642857144,-85.03522747933884,13.101082317364316,13.101082317364316,23.99702233945154,-63.69124061559824,-93.60879275510204,-81.2307705726092,-0.0237956107271435,-0.0117598321265498,2.098451604101771,0.5697388727699241,2.982990048599861,6.128030303030303,-2.573433844554198,0.4098703471350899,0.0,0.0,0.2698696429349959,0.199808170205345,0.0,-0.1523809523809524,0.0390635218206391,0.712241653418124,0.0599032131490604,,-0.0650485685288587,-0.0846410272239027,0.4447687262698159,121842000.0,43981000.0,27593000.0,135593000.0,15503500.0,6202500.0,8415500.0,61.99982560927759,62.94690062064209,70.55321431307945,1.451616986266692,1.4297765118317265,1.275632880461343,-0.3117482549282644,0.0234030378187867,2010-07-29,-0.35,amc,22299861.0,2025-04-25,2010-06-30,0.0285714285714286,14.814444444444444,261665.6507936508
2010-03-31,PODD,USD,1145197,2010-05-07,2010-05-07 15:33:05,2010,Q1,20807000.0,12422000.0,8385000.0,0.4029893786,3847000,6959000.0,8309000.0,15268000.0,0.0,19115000.0,31537000.0,24000.0,3149000.0,1438000.0,-9292000.0,-0.4465804777,-10730000.0,-0.5156918345,-3125000.0,-14491000.0,-0.6964483107,-2074000.0,-13855000.0,-0.6658816744,-0.37,-0.37,37888258,37888258,https://www.sec.gov/Archives/edgar/data/1145197/000114420410025363/0001144204-10-025363-index.htm,https://www.sec.gov/Archives/edgar/data/1145197/000114420410025363/v183373_10q.htm,0.5491675019738306,-0.3656805757604374,-0.2422386376275203,-0.2710074451034407,3.123342329436207,1.0801235570133627,1.0801235570133627,1.0801235570133627,2.6753935216551787,571733813.22,551612813.22,-10.316380606640202,27.47795516989475,-62.29394347570277,-55.6811271153097,13.970623917994333,13.970623917994333,26.510924843562265,-59.36427176280672,-60.10163578339508,-53.72154394429296,-0.0242333052193795,-0.0179594065674911,2.3999853386765717,0.6175732691134768,2.165411106328024,7.928451929511488,-3.4074309304541126,0.662432334897149,0.0,0.0,0.3344547508050175,0.184889700581535,0.0,-0.1187622575724558,0.052386216177248,0.7579972183588317,0.063007641659057,,-0.0651591849948807,-0.0871180920163232,0.3940402855153699,124241000.0,40924000.0,24060000.0,139375000.0,15084000.0,4573500.0,8343000.0,65.77305714423031,23.742553534052487,47.81838673321526,1.3683414441667765,3.790662191028379,1.882121212121212,-0.3385543935099208,0.0287688074759203,2010-05-06,-0.38,amc,21369351.0,2025-04-25,2010-03-31,-0.0263157894736842,14.762622950819672,268044.524590164
2009-12-31,PODD,USD,1145197,2010-03-09,2010-03-09 16:33:47,2009,Q4,20211000.0,12877000.0,7334000.0,0.3628717035,3351000,7267000.0,8678000.0,15945000.0,0.0,19296000.0,32173000.0,37000.0,3007000.0,1221000.0,-10741000.0,-0.5314432735,-11962000.0,-0.59185592,-67579000.0,-79541000.0,-3.9355301568,-64609000.0,-14932000.0,-0.7388056009,-0.39,-0.39,37888258,37888258,https://www.sec.gov/Archives/edgar/data/1145197/000095012310022584/0000950123-10-022584-index.htm,https://www.sec.gov/Archives/edgar/data/1145197/000095012310022584/b78704e10vk.htm,0.5334370347668135,-0.3941062690187551,-0.260186150548278,-0.2911192169352309,3.378249799713674,1.3950760153713058,1.3950760153713058,1.3950760153713058,2.6389706277865823,541044324.24,510027324.24,-9.058470470131262,26.769794876057592,-54.88378213024954,-49.052069287398005,10.236001366706397,10.236001366706397,25.235135532135967,-47.48415643236198,-51.73740355447352,-46.24001126382593,-0.0275984782226019,-0.0203864997853803,1.834742796602153,0.564987649142431,2.8877199515873757,7.788017968000808,-3.9780512138343855,0.6601928743637825,0.0,0.0,0.3595566770570481,0.1658008015437138,0.0,-0.1188882126191925,0.0579882242343278,0.9598689598689598,0.0503191331453169,,-0.0147896820927051,-0.0869919835943325,0.6722267357871138,134491000.0,52857000.0,35513000.0,149973000.0,15659500.0,5526500.0,9630500.0,66.62609470090545,41.026636638968704,70.49312728119904,1.350822082609277,2.1936967632027256,1.2767202062264524,-0.2824980608055697,0.0309330663869529,2010-02-09,-0.47,amc,22617071.0,2025-04-25,2009-12-31,-0.1063829787234042,11.8298828125,429554.53125
2009-09-30,PODD,USD,1145197,2009-10-26,2009-10-26 17:05:50,2009,Q3,18735000.0,12936000.0,5799000.0,0.3095276221,3404000,6246000.0,9629000.0,15875000.0,0.0,19279000.0,32215000.0,22000.0,11267000.0,1370000.0,-12110000.0,-0.6463837737,-13480000.0,-0.7195089405,0.0,0.0,0.0,11245000.0,-24725000.0,-1.3197224446,-0.88,-0.88,28008699,28008699,https://www.sec.gov/Archives/edgar/data/1145197/000095012309053202/0000950123-09-053202-index.htm,https://www.sec.gov/Archives/edgar/data/1145197/000095012309053202/b77451e10vq.htm,0.6688993301688165,-0.8827614592166526,-0.3928065348554747,-0.4360788053740018,2.5954079480807017,0.0108180676296317,0.0108180676296317,0.0108180676296317,3.826275543894417,314537689.77000004,337745689.77000004,-3.1803608672396364,16.788774473979185,-28.589137408652977,-25.752226115113807,1038.078184059406,1038.078184059406,18.027525474779825,-27.889817487200663,-30.69857205689875,-27.65234073767808,-0.0786074318091409,-0.0388315944233305,316.5082508250825,0.8187794549552626,-1.916432700247729,5.477905253334797,-1.1964143072690157,0.4449747219413549,0.0,0.0,0.333386709367494,0.1816920202828929,0.0,-0.1101617887656789,0.0646917534027221,0.8846715328467153,0.0509207365892714,,,-0.2110938460487671,-0.9738313800294688,81574000.0,303000.0,-17034000.0,97105000.0,15933000.0,5381500.0,9792000.0,78.57646116893515,36.05983302411874,63.8334879406308,1.145381182368405,2.495851823268377,1.40991825613079,-81.6006600660066,0.0432722705185271,2009-10-26,-0.7,amc,14902840.0,2025-04-25,2009-09-30,0.2571428571428572,8.566875,273585.09375
2009-06-30,PODD,USD,1145197,2009-08-05,2009-08-05 15:07:58,2009,Q2,14617000.0,11448000.0,3169000.0,0.2168023534,3272000,5838000.0,10504000.0,16342000.0,0.0,19614000.0,31062000.0,81000.0,3875000.0,1325000.0,-15120000.0,-1.034411986,-16445000.0,-1.1250598618,-3794000.0,-20239000.0,-1.3846206472,0.0,-20239000.0,-1.3846206472,-0.73,-0.73,27869159,27869159,https://www.sec.gov/Archives/edgar/data/1145197/000095012309030230/0000950123-09-030230-index.htm,https://www.sec.gov/Archives/edgar/data/1145197/000095012309030230/b76206e10vq.htm,0.5244865838972751,-0.7262149532391702,-0.555883297375425,-0.5770895347075238,1.878851098449006,-0.1245462771230376,-0.1245462771230376,-0.1245462771230376,3.120079798604616,214592524.3,245309524.3,-2.6507303263501165,14.681023760005472,-13.851828317841466,-13.342816906049867,-61.82440919043504,-61.82440919043504,16.782480967366766,-16.22417488756614,-15.834593616059903,-15.25272177454455,-0.0943136302908013,-0.0749466928191589,-23.935177182368196,0.836537009253572,-2.031547619047619,4.789370196031698,-4.243870967741936,0.7654528385789812,0.0,0.0,0.399397961277964,0.2238489430115618,0.0,-0.0381487219209914,0.0404323732640076,0.4460377358490566,0.0704658958746664,,-0.1992608748333939,-0.2037900375580236,-1.205122479655737,63597000.0,-3471000.0,-22404000.0,79286000.0,14400000.0,5779500.0,12778000.0,95.49223506875556,43.86792452830189,81.83176100628931,0.9424850087046232,2.0516129032258066,1.099817465654722,5.83088447133391,0.0212062373320989,2009-08-04,-0.68,amc,13615835.0,2025-04-25,2009-06-30,0.0735294117647057,6.169682539682539,280501.1587301588
2009-03-31,PODD,USD,1145197,2009-05-08,2009-05-08 09:51:18,2009,Q1,12469000.0,10474000.0,1995000.0,0.159996792,3204000,7491000.0,8772000.0,16263000.0,0.0,19467000.0,29941000.0,101000.0,2274000.0,1306000.0,-16166000.0,-1.2964953084,-17472000.0,-1.401235063,-2173000.0,-19645000.0,-1.575507258,0.0,-19645000.0,-1.575507258,-0.71,-0.71,27804603,27804603,https://www.sec.gov/Archives/edgar/data/1145197/000095013509003759/0000950135-09-003759-index.htm,https://www.sec.gov/Archives/edgar/data/1145197/000095013509003759/b75194ice10vq.htm,0.4484509273518489,-0.7065376908995967,-0.4665054919144143,-0.4724397611431459,2.451536531559181,0.5559151482939714,0.5559151482939714,0.5559151482939714,3.0110122413903917,113998872.3,127280872.3,-1.450736476202596,9.142583390809207,-8.78874969547452,-8.678355077649208,7.375226259946948,7.375226259946948,10.207785091025745,-7.873368322405048,-9.812726258576824,-9.689469572168088,-0.1723262660730724,-0.1152292100349136,5.269198421427185,0.6795547842338885,-0.8216008907583818,5.052400202122284,-7.683377308707124,0.6602697887503182,0.0,0.0,0.6007699093752507,0.2569572539898949,0.0,-0.0127206846041168,0.01323281738712,0.1263399693721286,0.0963188707995829,,-0.1746117407207531,-0.1639104896038447,-0.6721638859580192,80197000.0,15457000.0,-4408000.0,96620000.0,13150500.0,6635000.0,16008500.0,95.9331141230251,51.375787664693526,130.15371395837312,0.938153637800015,1.7517979595250042,0.6914900640390836,-1.2709452028207284,0.0059342692287316,2009-05-07,-0.65,amc,11415281.0,2025-04-25,2009-03-31,0.0923076923076922,6.585573770491804,303898.47540983604
2008-12-31,PODD,USD,1145197,2009-03-16,2009-03-16 15:28:36,2008,Q4,11861000.0,10663000.0,1198000.0,0.1010032881,3535000,16849000.0,39734000.0,16849000.0,8170000.0,28554000.0,39217000.0,0.0,0.0,1710000.0,-25646000.0,-2.1622122924,-27356000.0,-2.3063822612,-65435000.0,-92791000.0,-7.8232020909,-64508000.0,-28283000.0,-2.3845375601,-1.02,-1.02,27763238,27804603,https://www.sec.gov/Archives/edgar/data/1145197/000095013509001769/0000950135-09-001769-index.htm,https://www.sec.gov/Archives/edgar/data/1145197/000095013509001769/b73483ice10vk.htm,0.4272196204203559,-1.0187212312915377,-0.6114560556661295,-0.6332834808389425,2.040936291364862,0.1539445795191468,0.1539445795191468,0.1539445795191468,3.0616025407411054,214332197.36,242669197.36,-1.8945320277198312,18.070331115420284,-12.625600692742694,-12.19043324763963,50.14791702386523,50.14791702386523,20.459421411348117,-9.462263018014504,-14.294839618284636,-13.802138400637014,-0.1319587087165204,-0.0820315389687749,19.8876930276088,0.7781816184346648,-1.1049286438430943,5.215641206977841,0.0,0.6002192129547785,0.0,0.0,1.4205378973105134,0.2980355787876233,0.0,-0.0356974552309142,0.0510918135064497,0.3543859649122807,0.2839558216002023,,-0.0903761956549809,-0.2589330672257368,-1.0841494785298458,71531000.0,4274000.0,-16456000.0,89095000.0,12426000.0,6628000.0,16668500.0,98.71848916617486,61.53896651974116,142.38957141517398,0.9116833205226748,1.4624879989027568,0.6320687611144042,-6.617454375292466,0.021827425172813,2009-03-05,-0.63,bmo,7325911.76,2025-04-25,2008-12-31,0.6190476190476191,7.0259375,372015.09375
2008-09-30,PODD,USD,1145197,2008-11-13,2008-11-13 15:50:56,2008,Q3,10110000.0,10197000.0,-87000.0,-0.0086053412,3263000,16484000.0,10176000.0,16484000.0,0.0,19747000.0,29944000.0,0.0,0.0,1781000.0,-18053000.0,-1.7856577646,-19834000.0,-1.9618199802,-918000.0,-20752000.0,-2.0526211672,0.0,-20752000.0,-2.0526211672,-0.75,-0.75,27716473,27716473,https://www.sec.gov/Archives/edgar/data/1145197/000095013508007249/0000950135-08-007249-index.htm,https://www.sec.gov/Archives/edgar/data/1145197/000095013508007249/b72676ice10vq.htm,0.3647650261994013,-0.7487244138170106,-0.8450930968020354,-0.903433853217904,2.674727047701921,1.1418480266230122,1.1418480266230122,1.1418480266230122,3.066768271706144,385813304.16,396679304.16,-4.6479050713184265,38.16155332937686,-16.471558048072406,-15.407879559105432,12.190764160768452,12.190764160768452,39.23633077744808,-21.97304072231762,-16.935461049395894,-15.84182524600639,-0.0537876734063944,-0.0649018572714011,2.685793731041456,0.6280850057636036,-0.6018944219797263,6.696833723061366,0.0,1.1287104857363146,0.0,0.0,1.6304648862512363,0.3227497527200791,0.0,-0.0690347094735943,0.159940652818991,0.9079169006176304,0.0,,-0.1659623961375294,-0.1533414122306623,-0.4486501583372458,90141000.0,31648000.0,2280000.0,116221000.0,10801000.0,5974500.0,14901500.0,105.41839762611276,52.64783759929391,145.3398058252427,0.8537409221415302,1.7094719195305952,0.6192384769539078,-0.6557128412537917,0.0583407564158686,2008-11-06,-0.74,bmo,9975200.0,2025-04-25,2008-09-30,0.0135135135135135,14.9840625,373774.234375
2008-06-30,PODD,USD,1145197,2008-08-13,2008-08-13 15:47:38,2008,Q2,7417000.0,9785000.0,-2368000.0,-0.3192665498,3382000,16389000.0,10994000.0,16389000.0,0.0,19771000.0,29556000.0,0.0,0.0,2064000.0,-20075000.0,-2.7066199272,-22139000.0,-2.9848995551,-1743000.0,-23882000.0,-3.2199002292,0.0,-23882000.0,-3.2199002292,-0.87,-0.87,27568296,27568296,https://www.sec.gov/Archives/edgar/data/1145197/000095013508005574/0000950135-08-005574-index.htm,https://www.sec.gov/Archives/edgar/data/1145197/000095013508005574/b71158ice10vq.htm,0.269040930204754,-0.8662849528313248,-1.0193230658869885,-1.1116392540184563,3.5949991250819417,1.8605067211988728,1.8605067211988728,1.8605067211988728,3.083251862937049,433649296.08,419541296.08,-4.539499372749352,58.46694028313334,-15.431810116365964,-14.150273969849248,8.454685930865065,8.454685930865065,56.56482352433599,-20.8986946988792,-14.929763925838936,-13.689920253214122,-0.0550721521189653,-0.0706700097913831,1.6572108167124835,0.5499019880574227,0.7027646326276463,8.043774945281319,0.0,1.176660246210535,0.0,0.0,2.2096534987191587,0.4559795065390319,0.0,-0.0905661720223479,0.3431306458136713,1.2330426356589148,0.0,,-0.1592287056149713,-0.1545030503386749,0.3559886327395788,109418000.0,51291000.0,21670000.0,135662000.0,8491500.0,6691500.0,10421000.0,118.4306323311312,55.03934593765968,122.66121614716404,0.759938524590164,1.6351938502673795,0.7337282543491301,-0.4656177497026769,0.0923161881314681,2008-08-12,-0.7,bmo,5967701.15,2025-04-25,2008-06-30,0.2428571428571429,17.187578125,410974.03125
2008-03-31,PODD,USD,1145197,2008-05-15,2008-05-14 18:45:43,2008,Q1,6671000.0,9998000.0,-3327000.0,-0.4987258282,2923000,13762000.0,8565000.0,13762000.0,0.0,16685000.0,26683000.0,0.0,0.0,1416000.0,-18596000.0,-2.7875880678,-20012000.0,-2.9998500974,138000.0,-19874000.0,-2.9791635437,0.0,-19874000.0,-2.9791635437,-0.73,-0.73,27394322,27394322,https://www.sec.gov/Archives/edgar/data/1145197/000095013508003693/0000950135-08-003693-index.htm,https://www.sec.gov/Archives/edgar/data/1145197/000095013508003693/b69727ice10vq.htm,0.2435176165338204,-0.7254788054254455,-0.5151067436529365,-0.7078109105967287,2.666063427304388,2.6881117919253485,2.6881117919253485,2.6881117919253485,0.8763859897682447,394478236.8,345451236.8,-4.962240072456476,59.13329887573078,-27.95537076039969,-20.344416544610624,5.356920066812423,5.356920066812423,51.78402590316295,-18.576642116584217,-24.4809890723549,-17.815948261990716,-0.0503804725989892,-0.0491535354581061,0.3260228954765817,0.2061356435728575,2.636427188642719,3.4924067221708293,0.0,0.7100231458186576,0.0,0.0,2.06295907660021,0.4381651926247938,0.0,-0.3741053079158103,0.7913356318393044,3.728107344632768,0.1010343276870034,,-0.1977607146739399,-0.1706406106450754,1.4374237843886044,64663000.0,73639000.0,47779000.0,89888000.0,6003000.0,5971500.0,7748000.0,97.44715934642484,66.60432086417283,67.56751350270054,0.9235774608888272,1.3512636842816597,1.3320010658140156,-0.269884164641019,0.1927041669437922,2008-05-13,-0.56,bmo,5117479.45,2025-04-25,2008-03-31,0.3035714285714284,18.230983606557377,220998.0163934426
2007-12-31,PODD,USD,1145197,2008-03-20,2008-03-20 15:59:00,2007,Q4,4361000.0,6679000.0,-2318000.0,-0.5315294657,3170000,10566000.0,16141000.0,10566000.0,0.0,13736000.0,20415000.0,0.0,0.0,1389000.0,-14665000.0,-3.3627608347,-16054000.0,-3.6812657647,-37485000.0,-53539000.0,-12.2767713827,-37871000.0,-15668000.0,-3.5927539555,-0.58,-0.57,27223820,27394322,https://www.sec.gov/Archives/edgar/data/1145197/000095013508001892/0000950135-08-001892-index.htm,https://www.sec.gov/Archives/edgar/data/1145197/000095013508001892/b68660ice10vk.htm,0.1601905977926683,-0.575525403855888,-0.5953609743232213,-0.65960618311464,3.47445729511876,3.3894949349503487,3.3894949349503487,3.3894949349503487,0.9799139136241718,639215293.6,571304293.6,-10.19937601480725,146.57539408392572,-39.43825848963475,-35.596998028623936,6.927285761040369,6.927285761040369,131.00304829167624,-38.95699240368224,-35.24829057255676,-31.81513023333519,-0.0245113034010173,-0.0280922565210664,0.2891032240585207,0.2040446378718229,4.630821684282305,5.171525036853868,0.0,1.034465151901966,0.0,0.0,2.4228387984407247,0.726897500573263,0.0,-0.1079096742349457,0.4010548039440495,1.2591792656587473,0.3485439119468012,,-0.0390266617553024,-0.1198399889858575,2.340018777673376,87723000.0,92275000.0,70286000.0,109027000.0,4063000.0,4348000.0,6281000.0,98.70901169456546,61.23072316215002,107.66581823626292,0.9117708551118544,1.469850352112676,0.8359198998748436,-0.169796803034408,0.0642452087914186,2008-03-17,-0.51,bmo,3769677.97,2025-04-25,2007-12-31,0.1568627450980391,24.31984375,187903.125
2007-09-30,PODD,USD,1145197,2007-11-14,2007-11-14 17:03:07,2007,Q3,3791000.0,7583000.0,-3792000.0,-1.0002637826,2231000,7532000.0,4144000.0,7532000.0,1027000.0,10790000.0,18373000.0,0.0,0.0,1393000.0,-13555000.0,-3.5755737272,-14582000.0,-3.8464785017,943000.0,-13639000.0,-3.5977314693,-943000.0,-13639000.0,-3.5977314693,-0.52,-0.52,26322763,26322763,https://www.sec.gov/Archives/edgar/data/1145197/000095013507007003/0000950135-07-007003-index.htm,https://www.sec.gov/Archives/edgar/data/1145197/000095013507007003/b67199ice10vq.htm,0.1440198356076829,-0.5181446947647556,-0.4849414934138942,-0.5924530035087882,3.959044876861901,3.658354557992259,3.658354557992259,3.658354557992259,1.114776590892073,559358713.75,484489713.75,-10.252927519429576,147.54911995515695,-43.81971905601254,-35.86782390189163,5.808622336393279,5.808622336393279,127.79997724874704,-35.74250931390631,-37.954540834312574,-31.066990301378645,-0.0243832797536355,-0.02788014134159,0.3047207626326611,0.2163932008406769,5.523349317594984,5.899254117890811,0.0,0.9359190556492412,0.0,0.0,1.986810867844896,0.5884990767607492,0.0,-0.2216999608303956,0.7465048799788974,2.031586503948313,0.0,,-0.1069055762133132,-0.1005788872091737,2.6478698303821675,94585000.0,96298000.0,74584000.0,115545000.0,2988000.0,4818500.0,4350500.0,79.36428383012398,49.278649610971904,54.26348410919161,1.134011367035597,1.826348747591522,1.6585739282589675,-0.1416332634114935,0.1075115100948939,2007-11-14,-0.5,bmo,3645192.31,2025-04-25,2007-09-30,0.04,16.811112698412696,86164.42857142857
2007-06-30,PODD,USD,1145197,2007-08-14,2007-08-14 17:14:04,2007,Q2,3212000.0,6899000.0,-3687000.0,-1.147882939,2520000,6202000.0,3404000.0,6202000.0,0.0,8722000.0,15621000.0,0.0,0.0,1232000.0,-11177000.0,-3.4797633873,-12409000.0,-3.8633250311,-263000.0,-12672000.0,-3.9452054795,263000.0,-12672000.0,-3.9452054795,-0.99,-0.99,12791190,12791190,https://www.sec.gov/Archives/edgar/data/1145197/000095013507005060/0000950135-07-005060-index.htm,https://www.sec.gov/Archives/edgar/data/1145197/000095013507005060/b66039ice10vq.htm,0.2511103345349416,-0.9906818677542902,-0.7453567650859694,-0.9938871989236342,9.36722853776701,8.562143162598632,8.562143162598632,8.562143162598632,2.2893882430016284,181634898.0,91100898.0,-3.583390506628788,56.54884744707348,-19.051279421019508,-14.287335640682766,1.6584632761139515,1.6584632761139515,28.362670610211705,-8.150746890936745,-9.555370044052864,-7.1659638165657205,-0.0697663287150908,-0.0699920562622277,0.2673849525200876,0.1963524205444548,8.100026840833856,7.499442651804048,0.0,0.7523674242424242,0.0,0.0,1.9308841843088416,0.7845579078455791,0.0,-0.3334382211034193,0.9897260273972602,2.580357142857143,0.0,,-0.0904507461385661,-0.0849671449644629,6.585567879141816,110783000.0,109520000.0,88208000.0,131273000.0,2375500.0,5086000.0,4192500.0,73.77646326276462,71.55384838382373,53.86432816350195,1.2199012533232054,1.2577939835916134,1.6708646161298135,-0.1157048940832724,0.2485304338376648,2007-08-14,,amc,,2025-04-25,2007-06-30,,14.615757575757575,285348.2121212121
2007-03-31,PODD,USD,1145197,2007-06-28,2007-06-27 18:00:45,2007,Q1,2008000.0,4572000.0,-2564000.0,-1.2768924303,2470000,2660000.0,3104000.0,5764000.0,0.0,8234000.0,12806000.0,0.0,0.0,906000.0,-9892000.0,-4.9262948207,-10798000.0,-5.3774900398,-762000.0,-11560000.0,-5.7569721116,762000.0,-11560000.0,-5.7569721116,-23.86,-23.86,484431,484431,https://www.sec.gov/Archives/edgar/data/1145197/000095013507003946/0000950135-07-003946-index.htm,https://www.sec.gov/Archives/edgar/data/1145197/000095013507003946/b65826ice10vq.htm,4.1450691636166965,-23.86304757540289,-24.492652204338697,-29.30448299138577,39.37815705435862,-233.41817513742927,-233.41817513742927,-233.41817513742927,60.328509116881456,7731518.760000001,17880518.76,-0.1672041254325259,3.850357948207172,-0.6516240000000001,-0.5446265680473373,-0.068375138271059,-0.068375138271059,8.90464081673307,-1.807573671653862,-1.5069969456384325,-1.2595462637362638,-1.4951784195114597,-1.8361204881820656,-0.2584567764757904,0.6129147267312612,-1.0259805903760617,0.6656812684762161,0.0,1.0263840830449826,0.0,0.0,1.3247011952191234,1.2300796812749004,0.0,-0.1964601769911504,1.1608565737051793,2.572847682119205,0.1040836653386454,,-0.3199291549999115,-0.2424394949876263,-284.79700927479865,-13684000.0,-113075000.0,-133510000.0,4800000.0,1767500.0,4068500.0,3823000.0,94.93027888446215,92.26377952755904,83.77952755905511,0.9480642115203022,0.9754640494986132,1.074248120300752,0.1022330311739995,4.811830787047072,2007-08-14,-0.56,bmo,2768198.63,2025-04-25,2007-03-31,0.7678571428571427,,
2006-12-31,PODD,USD,1145197,2006-12-31,2006-12-30 19:00:00,2006,Q4,1641000.0,3942000.0,-2301000.0,-1.4021937843,2203000,0.0,0.0,4694000.0,0.0,6897000.0,10839000.0,0.0,0.0,762000.0,-8436000.0,-5.1407678245,-9198000.0,-5.60511883,0.0,0.0,0.0,1682000.0,-10880000.0,-6.6301035954,-11.86,-11.86,917276,917276,,,1.788992625992613,-11.861206441681675,-12.035635948176994,-14.575765636515072,36.227918314662105,-110.9426170531007,-110.9426170531007,-110.9426170531007,31.857368992538778,14639724.96,10630724.96,-0.3363907389705882,8.921221791590494,-1.3260620434782608,-1.0949682094240838,-0.143858153196089,-0.143858153196089,6.478199244363194,-1.260161801801802,-0.9629279855072465,-0.7951177980553479,-0.7431833610076237,-0.91326852359117,-0.2871517712376554,0.5114105705285265,0.4752252252252252,1.0200870010235414,0.0,1.0147058823529411,0.0,0.0,0.0,1.3424741011578305,0.0,-0.2110507246376811,1.4198659354052408,3.057742782152231,0.0,,,-0.1904095204760238,-134.00138017347015,785000.0,-101765000.0,-119040000.0,17784000.0,1209500.0,3512500.0,2817500.0,77.71480804387569,78.76712328767124,77.3972602739726,1.158080451658433,1.142608695652174,1.1628318584070796,0.106912985800619,2.5401296883380797,2006-12-30,,amc,,2025-04-25,2006-12-31,,,
2006-09-30,PODD,USD,1145197,2006-09-30,2006-09-29 20:00:00,2006,Q3,674000.0,3906000.0,-3232000.0,-4.7952522255,1964000,0.0,0.0,3287000.0,-1000.0,5250000.0,9156000.0,0.0,0.0,0.0,-9533000.0,-14.1439169139,-8482000.0,-12.5845697329,0.0,0.0,0.0,8357000.0,-8357000.0,-12.3991097923,-23.5,-23.5,355574,355574,,,1.895526669554017,-23.50284329000433,,,70.56196459808648,-255.68798618571665,-255.68798618571665,-255.68798618571665,25.2746263787566,5674961.04,-10428038.96,-0.1697666937896374,8.41982350148368,0.0,0.0,-0.0624198275331074,-0.0624198275331074,-15.471867893175077,1.0938884884086857,0.0,0.0,-1.4726092286970132,,-0.0988494874389546,0.2001247021622464,1.6891849365362426,3.1580599761827437,0.0,0.0,,,0.0,2.913946587537092,0.0,0.0,,0.0,,,,-0.1860957089095241,-306.1500559658468,19934000.0,-90916000.0,-106652000.0,35616000.0,,,,133.79821958456975,82.37327188940093,51.72811059907834,0.6726546906187625,1.0925874125874129,1.7398663697104677,0.09192001407893,,2006-09-29,,amc,,2025-04-25,2006-09-30,,,
2006-06-30,PODD,USD,1145197,2006-06-30,2006-06-29 20:00:00,2006,Q2,674000.0,0.0,674000.0,1.0,0,0.0,0.0,0.0,0.0,0.0,0.0,0.0,0.0,0.0,674000.0,1.0,674000.0,1.0,-674000.0,0.0,0.0,8357000.0,-8357000.0,-12.3991097923,-9.11,-9.11,917276,917276,,,0.7347842961115302,-9.110671161133617,,,,,,,,14639724.96,,-0.4379479765466077,21.720660178041545,0.0,0.0,0.0,0.0,,,0.0,0.0,-0.5708440577151389,,0.0,0.0,,0.0,0.0,0.0,,,0.0,0.0,0.0,0.0,,0.0,,,0.0,0.0,,,,,,,,,,0.0,0.0,0.0,0.0,0.0,0.0,,2006-06-29,,amc,,2025-04-25,2006-06-30,,,
2006-03-31,PODD,USD,1145197,2006-03-31,2006-03-30 19:00:00,2006,Q1,674000.0,0.0,674000.0,1.0,0,0.0,0.0,0.0,0.0,0.0,0.0,0.0,0.0,0.0,674000.0,1.0,674000.0,1.0,-674000.0,0.0,0.0,8357000.0,-8357000.0,-12.3991097923,-9.11,-9.11,917276,917276,,,0.7347842961115302,-9.110671161133617,,,,,,,,14639724.96,,-0.4379479765466077,21.720660178041545,0.0,0.0,0.0,0.0,,,0.0,0.0,-0.5708440577151389,,0.0,0.0,,0.0,0.0,0.0,,,0.0,0.0,0.0,0.0,,0.0,,,0.0,0.0,,,,,,,,,,0.0,0.0,0.0,0.0,0.0,0.0,,2006-03-30,,amc,,2025-04-25,2006-03-31,,,
2005-12-31,PODD,USD,1145197,2005-12-31,2005-12-30 19:00:00,2005,Q4,0.0,0.0,0.0,0.0,0,0.0,0.0,0.0,-6514000.0,-6514000.0,-6514000.0,0.0,0.0,0.0,-6514000.0,,-6514000.0,,0.0,0.0,0.0,6514000.0,-6514000.0,,-8.19,-8.19,795267,795267,,,0.0,-8.190959765713904,,,9.631985232632562,-83.10542245560296,-83.10542245560296,-83.10542245560296,12.299014041824949,12692461.32,14813461.32,-0.4871224025176544,0.0,0.0,0.0,-0.1920452303641948,-0.1920452303641948,0.0,-2.274095996315628,0.0,0.0,-0.513218030433202,,-0.1479929188543069,0.5824797522629823,-0.3256063862450107,2.144629014396456,0.0,0.0,,,0.0,0.0,0.0,0.0,0.0,0.0,0.0,,,-0.3879228203906622,-93.9131134574929,5168000.0,-66091000.0,-73200000.0,12222000.0,,,,0.0,0.0,0.0,0.0,0.0,0.0,0.0985610748816026,,2005-12-30,,amc,,2025-04-25,2005-12-31,,,
2005-09-30,PODD,USD,1145197,2005-09-30,2005-09-29 20:00:00,2005,Q3,0.0,0.0,0.0,0.0,0,0.0,0.0,0.0,-5041000.0,-5041000.0,-5041000.0,0.0,0.0,0.0,-5041000.0,,-5041000.0,,0.0,0.0,0.0,5041000.0,-5041000.0,,-6.34,-6.34,795267,795267,,,0.0,-6.338751639386521,,,,,,,,12692461.32,,-0.6294614818488395,0.0,0.0,0.0,0.0,0.0,0.0,,0.0,0.0,-0.3971648896858722,,0.0,0.0,,0.0,0.0,0.0,,,0.0,0.0,0.0,0.0,0.0,0.0,0.0,,0.0,0.0,,,,,,,,,0.0,0.0,0.0,0.0,0.0,0.0,0.0,,2005-09-29,,amc,,2025-04-25,2005-09-30,,,
2005-06-30,PODD,USD,1145197,2005-06-30,2005-06-29 20:00:00,2005,Q2,0.0,0.0,0.0,0.0,0,0.0,0.0,0.0,-5041000.0,-5041000.0,-5041000.0,0.0,0.0,0.0,-5041000.0,,-5041000.0,,0.0,0.0,0.0,5041000.0,-5041000.0,,-6.34,-6.34,795267,795267,,,0.0,-6.338751639386521,,,,,,,,12692461.32,,-0.6294614818488395,0.0,0.0,0.0,0.0,0.0,0.0,,0.0,0.0,-0.3971648896858722,,0.0,0.0,,0.0,0.0,0.0,,,0.0,0.0,0.0,0.0,0.0,0.0,0.0,,0.0,0.0,,,,,,,,,0.0,0.0,0.0,0.0,0.0,0.0,0.0,,2005-06-29,,amc,,2025-04-25,2005-06-30,,,
2005-03-31,PODD,USD,1145197,2005-03-31,2005-03-30 19:00:00,2005,Q1,0.0,0.0,0.0,0.0,0,0.0,0.0,0.0,-5041000.0,-5041000.0,-5041000.0,0.0,0.0,0.0,-5041000.0,,-5041000.0,,0.0,0.0,0.0,5041000.0,-5041000.0,,-6.34,-6.34,795267,795267,,,0.0,-6.338751639386521,,,,,,,,12692461.32,,-0.6294614818488395,0.0,0.0,0.0,0.0,0.0,0.0,,0.0,0.0,-0.3971648896858722,,0.0,0.0,,0.0,0.0,0.0,,,0.0,0.0,0.0,0.0,0.0,0.0,0.0,,0.0,0.0,,,,,,,,,0.0,0.0,0.0,0.0,0.0,0.0,0.0,,2005-03-30,,amc,,2025-04-25,2005-03-31,,,
