date,symbol,reportedCurrency,cik,fillingDate,acceptedDate,calendarYear,period,revenue,costOfRevenue,grossProfit,grossProfitRatio,researchAndDevelopmentExpenses,generalAndAdministrativeExpenses,sellingAndMarketingExpenses,sellingGeneralAndAdministrativeExpenses,otherExpenses,operatingExpenses,costAndExpenses,interestIncome,interestExpense,depreciationAndAmortization,ebitda,ebitdaratio,operatingIncome,operatingIncomeRatio,totalOtherIncomeExpensesNet,incomeBeforeTax,incomeBeforeTaxRatio,incomeTaxExpense,netIncome,netIncomeRatio,eps,epsdiluted,weightedAverageShsOut,weightedAverageShsOutDil,link,finalLink,revenuePerShare,netIncomePerShare,operatingCashFlowPerShare,freeCashFlowPerShare,cashPerShare,bookValuePerShare,tangibleBookValuePerShare,shareholdersEquityPerShare,interestDebtPerShare,marketCap,enterpriseValue,peRatio,priceToSalesRatio,pocfratio,pfcfRatio,pbRatio,ptbRatio,evToSales,enterpriseValueOverEBITDA,evToOperatingCashFlow,evToFreeCashFlow,earningsYield,freeCashFlowYield,debtToEquity,debtToAssets,netDebtToEBITDA,currentRatio,interestCoverage,incomeQuality,dividendYield,payoutRatio,salesGeneralAndAdministrativeToRevenue,researchAndDdevelopementToRevenue,intangiblesToTotalAssets,capexToOperatingCashFlow,capexToRevenue,capexToDepreciation,stockBasedCompensationToRevenue,grahamNumber,roic,returnOnTangibleAssets,grahamNetNet,workingCapital,tangibleAssetValue,netCurrentAssetValue,investedCapital,averageReceivables,averagePayables,averageInventory,daysSalesOutstanding,daysPayablesOutstanding,daysOfInventoryOnHand,receivablesTurnover,payablesTurnover,inventoryTurnover,roe,capexPerShare,report_date,epsEstimated,time,revenueEstimated,updatedFromDate,fiscalDateEnding,surprise(%),QuarterAvgPrice,QuarterAvgVolume
2025-03-31,POOL,USD,945841,2025-04-29,2025-04-29 11:19:36,2025,Q1,1071526000.0,759157000.0,312369000.0,0.2915178913,0,0.0,0.0,234831000.0,0.0,234831000.0,993988000.0,0.0,11164000.0,11987000.0,89525000.0,0.0835490693,77538000.0,0.0723622199,-11164000.0,66374000.0,0.0619434339,12883000.0,53545000.0,0.0499707893,1.42,1.42,37460000,37630000,https://www.sec.gov/Archives/edgar/data/945841/000094584125000072/0000945841-25-000072-index.htm,https://www.sec.gov/Archives/edgar/data/945841/000094584125000072/pool-20250331.htm,28.604538174052323,1.4293913507741591,0.7267485317672183,0.3718366257341164,1.912546716497597,33.06703150026695,6.691697810998399,33.06703150026695,36.258462359850505,11925391000.0,13200825000.0,55.67929311793819,11.129352904175914,438.04698060534827,856.1555747002657,9.627413939392472,9.627413939392472,12.319649733184262,147.45406311086288,484.8965985894799,947.7223777729916,0.0044899995312522,0.0011680120173837,1.087501241229653,0.3628542775941164,14.246679698408268,1.79439306418291,6.945360085990685,0.5084321598655337,0.0037924123410293,0.8446353534410309,0.0,0.0,0.2661369893566214,0.4883558624742874,0.0124075384078407,1.1091182113956786,0.0056508194854814,32.6110241866276,0.023038030359793,0.0196536595374663,-34.67610784837159,919761000.0,250671000.0,-396181000.0,2473889000.0,405968500.0,707701000.0,1374990000.0,41.75058747991183,105.531569886071,173.16734219667342,2.155658289678037,0.8528253687229475,0.5197284826245311,0.0432270840750437,0.3549119060331019,2025-04-24,1.42,bmo,1099295600.0,2025-05-11,2025-03-31,-0.0704225352112675,339.213,396663.8666666666
2024-12-31,POOL,USD,945841,2025-02-27,2025-02-27 17:06:01,2024,Q4,987479000.0,697236000.0,290243000.0,0.2939232125,0,0.0,0.0,229593000.0,0.0,229593000.0,926829000.0,0.0,10432000.0,12119000.0,72769000.0,0.0736916937,60650000.0,0.0614190276,-10432000.0,50218000.0,0.0508547524,12945000.0,37300000.0,0.0377729552,0.99,0.99,37718000,37922000,https://www.sec.gov/Archives/edgar/data/945841/000094584125000032/0000945841-25-000032-index.htm,https://www.sec.gov/Archives/edgar/data/945841/000094584125000032/pool-20241231.htm,26.180576912879797,0.9889177580995812,4.522164483800838,4.163582374463121,2.06431942308712,33.76279230075826,7.524868762924863,33.76279230075826,33.9984887851954,12859574920.0,14053635920.0,86.19018042895442,13.022631286336216,75.3931001893684,81.88621464321646,10.098098432230175,10.098098432230175,14.231832697201662,193.12668746306807,82.39363956685642,89.48966467569186,0.0029005624394309,0.0122120677376169,0.998789130443318,0.3776287162459058,16.408924129780537,2.048261875937293,5.813842024539877,4.5728418230563,0.0035344869704293,1.218552278820375,0.0,0.0,0.2938206463779888,0.0792943535384922,0.0136964937988554,1.1160161729515636,0.0049185856104281,27.408831780250544,0.016848805285001,0.0156818757036873,-30.11986982342648,884928000.0,283823000.0,-365605000.0,2440747000.0,370277000.0,463468500.0,1234895500.0,28.696802666183284,67.79791921243309,166.42428101819183,3.136237895452279,1.327474368615953,0.5407864732800745,0.0292901650222032,0.3585821093377167,2025-02-20,0.89,bmo,963969818.0,2025-05-11,2024-12-31,0.0898876404494381,364.42140625,319556.875
2024-09-30,POOL,USD,945841,2024-10-30,2024-10-30 11:46:21,2024,Q3,1432879000.0,1016476000.0,416403000.0,0.2906058362,0,0.0,0.0,240050000.0,0.0,240050000.0,1256526000.0,0.0,12355000.0,11570000.0,187923000.0,0.1311506415,176353000.0,0.123075989,-12355000.0,163998000.0,0.1144534884,38361000.0,125701000.0,0.0877261793,3.29,3.27,37983000,38187000,https://www.sec.gov/Archives/edgar/data/945841/000094584124000160/0000945841-24-000160-index.htm,https://www.sec.gov/Archives/edgar/data/945841/000094584124000160/pool-20240930.htm,37.72421872943159,3.3094015743885423,8.333122712792566,8.042913935181529,2.4049443171945346,37.71447752942105,11.574651817918545,37.71447752942105,32.95413737724772,14311994400.0,15459989400.0,28.4643606653885,9.988278424067907,45.217142839089206,46.84869228200881,9.990858277330195,9.990858277330195,10.789459123903692,82.26768091186284,48.844104424090965,50.606523859715736,0.0087829128831967,0.0213453129914584,0.8651547738967085,0.3680424209973959,6.108858415414824,2.394638988052248,14.273816268717118,2.5180149720368177,0.003206680964045,0.3651044939976611,0.0,0.0,0.2948483231370061,0.0348259335201584,0.0076929035878116,0.952722558340536,0.0028243836360223,52.9931873408735,0.0485879058519632,0.0529374357764937,-24.590415449016664,1013784000.0,439640000.0,-194181000.0,2559609000.0,501611000.0,458673500.0,1238045500.0,26.73803580065029,35.56717522105785,104.52208414168165,3.365991453935113,2.5304230499225797,0.861062049604783,0.0877488378781564,0.2902087776110365,2024-10-24,3.14,bmo,956669580.0,2025-04-24,2024-09-30,0.0414012738853502,345.94796875,364164.71875
2024-06-30,POOL,USD,945841,2024-07-30,2024-07-30 12:25:38,2024,Q2,1769784000.0,1239643000.0,530141000.0,0.2995512447,0,0.0,0.0,258660000.0,0.0,258660000.0,1498303000.0,0.0,14044000.0,11043000.0,282524000.0,0.1596375603,271481000.0,0.1533978158,-14044000.0,257437000.0,0.1454623841,65058000.0,192439000.0,0.1087358683,5.02,4.99,38124000,38325000,https://www.sec.gov/Archives/edgar/data/945841/000094584124000136/0000945841-24-000136-index.htm,https://www.sec.gov/Archives/edgar/data/945841/000094584124000136/pool-20240630.htm,46.42178155492603,5.047712726891197,0.69929703074179,0.2300388206903787,2.5415486307837583,37.34311719651663,11.260596999265555,37.34311719651663,38.05833595635296,11730373560.0,13070371560.0,15.239080383913864,6.628138552501322,439.999008252063,1337.5568483466363,8.239537111505554,8.239537111505554,7.385291967833362,46.26287168523736,490.26149887471865,1490.350234891676,0.0164051894013169,0.000747631774482,1.0092879735387932,0.394651452904408,4.742952811088616,2.4843684393706504,19.330746226146395,0.1392741653214642,0.0039174370504872,0.2387925524451904,0.0,0.0,0.2731099938092468,0.6710427606901725,0.0101085782219751,1.6200307887349452,0.0028342441789506,65.12441845060535,0.0682550534198952,0.0727133197105357,-27.26377741055503,1198439000.0,429299000.0,-211433000.0,2748520000.0,552352000.0,711725500.0,1396273500.0,29.36946542628931,37.43662489926536,94.06256478679748,3.0644071553116814,2.404062872712816,0.9568099722136462,0.1351711668934281,0.4692582100514111,2024-07-25,4.9,bmo,1744379920.0,2025-04-24,2024-06-30,0.0183673469387754,362.1326984126984,393256.873015873
2024-03-31,POOL,USD,945841,2024-04-29,2024-04-29 12:04:19,2024,Q1,1120810000.0,782250000.0,338560000.0,0.3020672549,0,0.0,0.0,229840000.0,0.0,229840000.0,1012090000.0,0.0,13419000.0,10749000.0,119469000.0,0.1065916614,108720000.0,0.0970012759,-13419000.0,95301000.0,0.0850286846,16473000.0,78885000.0,0.0703821343,2.05,2.04,38205000,38467000,https://www.sec.gov/Archives/edgar/data/945841/000094584124000089/0000945841-24-000089-index.htm,https://www.sec.gov/Archives/edgar/data/945841/000094584124000089/pool-20240331.htm,29.33673602931553,2.0647820965842167,3.806883915717838,3.3609213453736424,1.7791912053396153,35.222719539327315,9.15497971469703,35.222719539327315,34.22295511058762,15331666500.0,16557761500.0,48.58866229321164,13.679095029487602,105.41429917080347,119.40178265474596,11.393214528819543,11.393214528819543,14.773031557534283,138.59462705806527,113.84442939453528,128.95051166630324,0.0051452332334518,0.0083750843393312,0.9616440412459388,0.3442746899498168,10.26287153989738,1.8805268531394672,8.101945003353453,1.853425425629524,0.0027612132053615,0.536654623819484,0.0,0.0,0.2649544658479892,0.1171463538730215,0.0152015060536576,1.5850776816448042,0.0047537049098419,40.451982840161584,0.0326835080199643,0.0285514289468093,-31.443901321816515,1000437000.0,349766000.0,-276526000.0,2535371000.0,435042500.0,708239000.0,1431206500.0,42.33166192307349,104.44556088207096,172.2278427612656,2.1260681936738277,0.8616929167685606,0.5225635910957436,0.0586207460295284,0.4459625703441958,2024-04-25,1.91,bmo,1126824063.0,2025-04-24,2024-03-31,0.0680628272251309,390.87377049180327,312181.5081967213
2023-12-31,POOL,USD,945841,2024-02-27,2024-02-27 15:25:31,2023,Q4,1003050000.0,709275000.0,293775000.0,0.2928817108,0,223984000.0,84932000.0,214431000.0,0.0,214431000.0,923706000.0,0.0,12104000.0,10360000.0,89704000.0,0.0894312347,79344000.0,0.0791027367,-12104000.0,67240000.0,0.0670355416,15745000.0,51437000.0,0.0512805942,1.33,1.32,38372000,38648000,https://www.sec.gov/Archives/edgar/data/945841/000094584124000021/0000945841-24-000021-index.htm,https://www.sec.gov/Archives/edgar/data/945841/000094584124000021/pool-20231231.htm,26.140154279161887,1.3404826435942876,3.6018711560512875,3.155243406650683,1.7340769310955906,34.212107786927966,8.194178046492233,34.212107786927966,35.87480454498071,15299300120.0,16597244120.0,74.35941112428796,15.252779143611985,110.6952422021402,126.36426057006928,11.654061260509131,11.654061260509131,16.546776451821945,185.02234147864087,120.08627475381844,137.08460284291294,0.0033620492177128,0.0079136299732905,1.039379579474812,0.398032944504018,14.469187550164987,2.355267357408085,6.555188367481824,2.701016220441665,0.002776466875401,0.825825767443669,0.2233029260754698,0.0,0.2912310957658949,0.1239988134084841,0.0170858880414735,1.6542471042471043,0.0049748267783261,32.122680079749934,0.0211433844784343,0.0211700336007454,-28.89673459814448,1044594000.0,314427000.0,-299921000.0,2572570999.0,402246000.0,469054000.0,1312387000.0,30.768057424854195,64.54545839061014,173.26416411124035,2.9251115453034324,1.394366114116759,0.5194380526501575,0.0391815275440722,0.4466277494006046,2024-02-22,1.25,bmo,1019270000.0,2025-04-24,2023-12-31,0.056,350.5784126984127,369948.3492063492
2023-09-30,POOL,USD,945841,2023-10-26,2023-10-26 11:49:47,2023,Q3,1474407000.0,1045676000.0,428731000.0,0.290781989,0,0.0,0.0,234288000.0,0.0,234288000.0,1279964000.0,13599000.0,13599000.0,10251000.0,204694000.0,0.1388314082,194443000.0,0.1318787825,-13599000.0,180844000.0,0.1226554133,43079000.0,137843000.0,0.0934904677,3.54,3.51,38735000,39023000,https://www.sec.gov/Archives/edgar/data/945841/000094584123000135/0000945841-23-000135-index.htm,https://www.sec.gov/Archives/edgar/data/945841/000094584123000135/pool-20230930.htm,38.063947334452045,3.5586162385439524,9.635755776429583,9.30615722215051,2.200077449335226,36.61355363366464,10.809836065573773,36.61355363366464,34.758951852329936,13793533500.0,15041102500.0,25.016746407144364,9.355309287055745,36.95610476876871,38.26498859834551,9.725906519835345,9.725906519835345,10.201458959432504,73.48091541520513,40.298634126475925,41.7259011745646,0.009993305921213,0.026133550188572,0.9397578383134988,0.3884850880307246,6.094800042991001,2.5842226985559567,14.298330759614675,2.707725455772146,0.0031148653823909,0.3116951894546694,0.0,0.0,0.291339112854567,0.0342057812512558,0.0086590744618005,1.2454394693200663,0.003117185417595,54.14430437737728,0.0505743110344465,0.0566968859756822,-24.56299212598425,1123404000.0,418719000.0,-179984000.0,2630316000.0,546266000.0,457268000.0,1326097000.0,28.17565299133821,36.96100895497267,108.38703384222264,3.194247176016396,2.4349984631004387,0.8303576249813389,0.0971939592138347,0.3295985542790757,2023-10-19,3.49,bmo,1022910000.0,2025-04-24,2023-09-30,0.0057306590257878,363.9333333333333,389521.5873015873
2023-06-30,POOL,USD,945841,2023-07-27,2023-07-27 11:03:37,2023,Q2,1857363000.0,1289580000.0,567783000.0,0.3056930713,0,0.0,0.0,240774000.0,0.0,240774000.0,1530354000.0,16892000.0,16892000.0,9762000.0,336771000.0,0.1813167378,327009000.0,0.1760608992,-16892000.0,310117000.0,0.166966285,77987000.0,232250000.0,0.1250428699,5.95,5.91,38837000,39115000,https://www.sec.gov/Archives/edgar/data/945841/000094584123000117/0000945841-23-000117-index.htm,https://www.sec.gov/Archives/edgar/data/945841/000094584123000117/pool-20230630.htm,47.82457450369493,5.980122048561938,7.044158920616938,6.667688029456446,1.37047145763061,37.55521796225249,11.74575791127018,37.55521796225249,38.25717743389036,14549893680.0,15965570680.0,15.661887707212056,7.833629548989616,53.18449004656875,56.18739184330747,9.975710975144873,9.975710975144873,8.595826814682967,47.40779544556984,58.35923984004328,61.6543182739725,0.0159623159528132,0.0177975870954955,1.0071098885728935,0.399095359724652,4.2036784640007605,2.717307642470262,19.35880890362301,1.1779289558665231,0.0029515679594986,0.1849085037674919,0.0,0.0,0.2723381294084436,0.0534444062666773,0.0078719130293862,1.4977463634501127,0.0027312916215085,71.08556609417167,0.0788427906815332,0.0867181412111117,-25.72718026624096,1325315000.0,456170000.0,-124992000.0,2816686000.0,597560500.0,612424500.0,1539784500.0,30.573183594160103,33.855208672591075,97.20974270692784,2.943756240589587,2.658379715522573,0.925833126329075,0.1592354504392087,0.3764708911604912,2023-07-20,6.1,bmo,1891730000.0,2025-04-24,2023-06-30,-0.0311475409836064,341.8708064516129,422048.0806451613
2023-03-31,POOL,USD,945841,2023-04-27,2023-04-27 11:09:34,2023,Q1,1206774000.0,837019000.0,369755000.0,0.3063995413,0,223984000.0,0.0,223984000.0,0.0,223984000.0,1061003000.0,15835000.0,15835000.0,9767000.0,155538000.0,0.1288874305,145771000.0,0.1207939515,-15835000.0,129936000.0,0.1076721905,28273000.0,101699000.0,0.0842734431,2.6,2.58,38877000,39189000,https://www.sec.gov/Archives/edgar/data/945841/000094584123000078/0000945841-23-000078-index.htm,https://www.sec.gov/Archives/edgar/data/945841/000094584123000078/pool-20230331.htm,31.040821051007025,2.615916866013324,2.6546029786248937,2.254109113357512,0.6808652931038918,32.32631118656275,6.681456902538776,32.32631118656275,42.713712477814646,13313039880.0,14931315880.0,32.7265751875633,11.031924685152315,128.99857446004478,151.9181116702612,10.593228470260591,10.593228470260591,12.372918110599002,95.9978647018735,144.6790876234218,170.38462542649458,0.0076390517054471,0.0065824936145237,1.308729659836881,0.4257879393573984,10.404377065411667,2.3584528657076795,9.205620461004106,1.0147887393189707,0.0029349420081508,0.3842024012035516,0.1856055897790307,0.0,0.2580996984334538,0.1508677073340891,0.0129021672657846,1.5941435445889218,0.0040794713840371,43.61956223531829,0.0370843736311998,0.0354867029981499,-33.77676389639118,1327779000.0,259755000.0,-300880000.0,2800199000.0,457809500.0,573208000.0,1638871500.0,42.07530987575139,79.54109763338705,181.3596465552156,2.1390216795971435,1.1314905461176696,0.496251518512963,0.0809222200119355,0.4004938652673817,2023-04-20,3.21,bmo,1297940000.0,2025-04-24,2023-03-31,-0.1962616822429906,354.88193548387096,427944.8225806452
2022-12-31,POOL,USD,945841,2023-02-24,2023-02-24 12:43:49,2022,Q4,1095920000.0,780189000.0,315731000.0,0.2880967589,0,208436000.0,89002000.0,208436000.0,0.0,208436000.0,988625000.0,15383000.0,15483000.0,9330000.0,116625000.0,0.1064174392,107295000.0,0.0979040441,-15482000.0,91813000.0,0.0837771005,20076000.0,71862000.0,0.0655723045,1.85,1.82,38843000,39168000,https://www.sec.gov/Archives/edgar/data/945841/000094584123000015/0000945841-23-000015-index.htm,https://www.sec.gov/Archives/edgar/data/945841/000094584123000015/pool-20221231.htm,28.214092629302577,1.8500630744278248,4.5666915531756045,4.163684576371547,1.1737249954946838,31.799655021496797,6.120819710115079,31.799655021496797,43.15598692171048,11743404190.0,13358638190.0,40.85401251704656,10.715567003065916,66.20328885356064,72.61116793421134,9.507335843600275,9.507335843600275,12.189428233812688,114.54352145766345,75.30914958508096,82.59839355716318,0.0061193499633771,0.0137719861620465,1.3445863564751772,0.4658124656248308,13.849809217577706,2.9879372042017778,6.929858554543693,2.468397762377891,0.0033254411896385,0.543430463944783,0.1901927147967005,0.0,0.27975336543599,0.0882492220267893,0.0142838893349879,1.677813504823151,0.0029089714577706,36.38276748040654,0.0280356844234349,0.0279837102423136,-31.55101305254486,1343277000.0,237751000.0,-311252000.0,2804037000.0,450622000.0,424446500.0,1565316000.0,28.86188772903132,46.91174830714097,183.53937315189012,3.1182991509412488,1.9184959684459275,0.4903580003268261,0.0581787152463499,0.4030069768040573,2023-02-16,1.99,bmo,1143668349.0,2025-04-24,2022-12-31,-0.0854271356783919,316.74285714285713,487503.3650793651
2022-09-30,POOL,USD,945841,2022-10-27,2022-10-27 12:01:12,2022,Q3,1615339000.0,1111652000.0,503687000.0,0.3118150432,0,239810000.0,0.0,239810000.0,0.0,239810000.0,1351462000.0,11707000.0,11707000.0,9961000.0,273838000.0,0.1695235489,263877000.0,0.1633570415,-11707000.0,252170000.0,0.1561096463,62205000.0,189036000.0,0.1170255903,4.82,4.78,39214000,39580000,https://www.sec.gov/Archives/edgar/data/945841/000094584122000122/0000945841-22-000122-index.htm,https://www.sec.gov/Archives/edgar/data/945841/000094584122000122/pool-20220930.htm,41.1929157953792,4.820625286887336,7.10815015045647,6.899984699342072,2.183097873208548,30.36869485387872,4.888636711378589,30.36869485387872,45.49954098026216,12478286940.0,14201719940.0,16.502527217038025,7.724871955669986,44.76692152874194,46.11749356927444,10.478224419294,10.478224419294,8.791789178618235,51.8617574624413,50.94988480262898,52.48699049435279,0.0151491948301038,0.0216837456376043,1.4884077126288335,0.4806088846288897,6.29362250673756,2.9833152483520062,22.54010421115572,1.466615102917035,0.0031690247379421,0.2091876679574261,0.1484580016950002,0.0,0.2709219358171177,0.0292854605921668,0.0050534284134785,0.8194960345346852,0.0025505482130995,57.39261461811436,0.063963817967622,0.0703028770343042,-31.351966134543787,1462219000.0,191703000.0,-297698000.0,2901392000.0,653190500.0,523225500.0,1559336500.0,30.632356427969608,35.802877159398804,124.6446549819548,2.938069756782516,2.5137644552785225,0.7220526224171393,0.1587366632014362,0.2081654511143979,2022-10-20,4.59,bmo,1596094932.0,2025-04-24,2022-09-30,0.0413943355119826,356.76671875,421122.703125
2022-06-30,POOL,USD,945841,2022-07-28,2022-07-28 12:51:31,2022,Q2,2055818000.0,1389014000.0,666804000.0,0.3243497236,0,247916000.0,0.0,247916000.0,0.0,247916000.0,1636930000.0,0.0,8523000.0,9879000.0,428767000.0,0.208562723,418888000.0,0.2037573365,-8523000.0,410365000.0,0.1996115415,103160000.0,305603000.0,0.1486527504,7.71,7.63,39660000,40064000,https://www.sec.gov/Archives/edgar/data/945841/000094584122000100/0000945841-22-000100-index.htm,https://www.sec.gov/Archives/edgar/data/945841/000094584122000100/pool-20220630.htm,51.836056480080686,7.705572365103379,5.971759959657085,5.703403933434191,2.932652546646495,30.989863842662636,5.71636409480585,30.989863842662636,47.083383761976805,13929781800.0,15697104800.0,11.395324816837531,6.775785502413151,58.81515706806283,61.58252231461956,11.333705813720751,11.333705813720751,7.635454500349739,36.6098715619439,66.27725384225637,69.39572496540626,0.0219388217552697,0.0162383735257073,1.5123810267700954,0.4691455678231647,4.121872718749344,2.772600402902243,49.14795259885017,0.7707552972341457,0.0028640793210414,0.1305484566578207,0.1205923870692833,0.0,0.2529834519781783,0.0449375105556493,0.0051770146968262,1.0773357627290212,0.0019038650308538,73.29992745253978,0.0969681624304591,0.1032526983625012,-31.763710287443267,1579449000.0,226711000.0,-262563000.0,3024847000.0,718256000.0,645085500.0,1610128000.0,33.12192518987575,39.15025334517867,102.31652812714631,2.717233357785312,2.298835698622202,0.8796232793215887,0.2486481516738835,0.2683560262228946,2022-07-21,7.52,bmo,2134690068.0,2025-04-24,2022-06-30,0.0146276595744681,396.52016129032256,452327.62903225806
2022-03-31,POOL,USD,945841,2022-04-28,2022-04-28 11:28:26,2022,Q1,1412650000.0,965461000.0,447189000.0,0.3165603653,0,211466000.0,0.0,211466000.0,0.0,211466000.0,1176927000.0,0.0,5198000.0,9855000.0,245578000.0,0.1738420699,235723000.0,0.1668658196,-5198000.0,230525000.0,0.1631862103,51322000.0,178210000.0,0.1261529749,4.46,4.41,39932000,40392000,https://www.sec.gov/Archives/edgar/data/945841/000094584122000063/0000945841-22-000063-index.htm,https://www.sec.gov/Archives/edgar/data/945841/000094584122000063/pool-20220331.htm,35.3763898627667,4.462836822598417,-5.211584693979765,-5.440949614344386,1.3568566563157367,29.406941801061805,4.384453571070821,29.406941801061805,44.41748472403085,16885246200.0,18618362200.0,23.687287750406824,11.952887268608643,-81.13654959660563,-77.71621315610214,14.379257892935064,14.379257892935064,13.179741761936786,75.81445487787994,-89.46447390550145,-85.69307123000166,0.010554184279528,-0.0128673279279753,1.50601561129477,0.4555427018235556,7.057293405761103,2.5027513229721383,45.34878799538284,-1.1609273628954428,0.0019029630731709,0.1803041355703944,0.1496945457119597,0.0,0.2573832326028343,-0.0440105906039623,0.0064835592680423,0.9293759512937596,0.0025887516369943,54.340257737429006,0.0593342949052803,0.061815304707724,-33.13528623660223,1440309000.0,175080000.0,-309106000.0,2880296000.0,528249000.0,542321500.0,1490127500.0,43.31818213994974,63.94369114858083,152.98800262258135,2.0776495123741223,1.4074883445635662,0.5882814237533932,0.1517613376048942,0.2293649203646198,2022-04-21,3.15,bmo,1270264778.0,2025-04-24,2022-03-31,0.342857142857143,466.9664516129032,367854.87096774194
2021-12-31,POOL,USD,945841,2022-02-25,2022-02-25 11:29:44,2021,Q4,1035557000.0,713181000.0,322376000.0,0.3113068619,0,195585000.0,75411000.0,195585000.0,0.0,195585000.0,908766000.0,0.0,1777000.0,7935000.0,134726000.0,0.1301000331,127891000.0,0.1234997204,-1777000.0,126114000.0,0.1217837357,18572000.0,107609000.0,0.1039141254,2.68,2.65,39877000,40418000,https://www.sec.gov/Archives/edgar/data/945841/000094584122000023/0000945841-22-000023-index.htm,https://www.sec.gov/Archives/edgar/data/945841/000094584122000023/pool-20211231.htm,25.96877899541089,2.6985229580961456,-1.1428893848584396,-1.4798003861875266,0.6099004438648845,26.867442385334904,1.7607894274895304,26.867442385334904,35.84913609348747,22570382000.0,23973840000.0,52.43609270600043,21.795402860489578,-495.2360285244104,-382.4840196576851,21.066389270790456,21.066389270790456,23.150671570951676,177.94516277481705,-526.0304991771804,-406.2674123029995,0.0047677084065302,-0.0026144883148189,1.332637976914167,0.4420189150223319,10.417128097026556,2.376473638395736,71.97017445132245,-0.4235240546794413,0.0014209772789844,0.298041985335799,0.1888693717487304,0.0,0.3099496583884678,-0.2947888096544158,0.0129736943499971,1.6931316950220543,0.0033141584673755,40.38940736503091,0.0424916776078048,0.0482778237136449,-29.652149108508663,1024669000.0,70215000.0,-389653000.0,2446517000.0,426360500.0,406426500.0,1191253500.0,32.72769147425009,50.31363707109416,168.9879567739466,2.749964814072247,1.7887794490552975,0.5325823314166231,0.1004384012215872,0.3369110013290869,2022-02-17,1.88,bmo,958549168.0,2025-04-24,2021-12-31,0.398936170212766,524.19875,238645.921875
2021-09-30,POOL,USD,945841,2021-10-28,2021-10-28 12:02:08,2021,Q3,1411448000.0,969549000.0,441899000.0,0.3130820264,0,206023000.0,0.0,206023000.0,0.0,206023000.0,1175572000.0,0.0,2317000.0,7484000.0,244760000.0,0.1734105684,237276000.0,0.1681082123,-2317000.0,234959000.0,0.1664666357,50386000.0,184665000.0,0.1308337254,4.6,4.54,40101000,40691000,https://www.sec.gov/Archives/edgar/data/945841/000094584121000178/0000945841-21-000178-index.htm,https://www.sec.gov/Archives/edgar/data/945841/000094584121000178/pool-20210930.htm,35.19732674995636,4.604997381611431,4.285105109598264,4.113288945412832,2.2184733547791824,24.568265130545377,17.252562280242387,24.568265130545377,14.686341986484129,17420275410.0,17923420410.0,23.58361818698725,12.342130500025506,101.3767431344821,105.61135037315016,17.68175317596619,17.68175317596619,12.69860484410336,73.22855209184507,104.30477958763248,108.66169381680176,0.0106005786736295,0.0094686792325518,0.5954251470749443,0.2570377345345545,2.0556667756169307,2.252207340445567,102.40656020716445,0.9305336690764358,0.0018421637571572,0.1737795467468117,0.1459657033061083,0.0,0.1285438428065846,0.0400961376187899,0.0048815117524698,0.9206306787814004,0.002979918495049,50.45372061037897,0.1095318742997152,0.0928493925684284,-8.210318944664722,904264000.0,691845000.0,329379000.0,1529977000.0,530858000.0,426804500.0,969030500.0,30.36137356813712,38.444720174019054,96.85599180649972,2.9642927648850157,2.341023672239446,0.9292145826125376,0.1874368156295295,0.1718161641854317,2021-10-21,3.85,bmo,1374580000.0,2025-04-24,2021-09-30,0.1714285714285713,473.9659375,225892.53125
2021-06-30,POOL,USD,945841,2021-07-29,2021-07-29 12:04:20,2021,Q2,1787833000.0,1236148000.0,551685000.0,0.308577479,0,213099000.0,0.0,213099000.0,0.0,213099000.0,1449247000.0,0.0,1963000.0,7302000.0,345888000.0,0.1934677344,338586000.0,0.1893834603,-1963000.0,336623000.0,0.188285483,76985000.0,259695000.0,0.1452568556,6.47,6.37,40125000,40745000,https://www.sec.gov/Archives/edgar/data/945841/000094584121000141/0000945841-21-000141-index.htm,https://www.sec.gov/Archives/edgar/data/945841/000094584121000141/pool-20210630.htm,44.55658566978193,6.47214953271028,2.744299065420561,2.5326105919003115,1.572735202492212,21.800573208722746,14.4327476635514,21.800573208722746,16.170492211838006,18403732500.0,18992145500.0,17.716679662681223,10.293876721147893,167.1319302547337,181.10166697828203,21.038896345004503,21.038896345004503,10.622997505919177,54.90836773753354,172.4755528311311,186.89193670599585,0.0141109962340519,0.0055217603276943,0.7395021194675495,0.292171532970346,1.7011662734758073,2.23208414668054,172.48395313295975,0.424016634898631,0.0017452437976915,0.1236797011879319,0.1191940186807157,0.0,0.1335272477625692,0.0771375380284248,0.004751003029925,1.1632429471377703,0.0020762565631129,56.34423500569647,0.1578977997667186,0.1353705507868271,-9.71163862928349,859667000.0,579114000.0,218114000.0,1488030000.0,536584000.0,537225500.0,935941000.0,29.477551874252235,31.995173717063004,65.13690917268806,3.0531707783580333,2.8129242490095643,1.3817051061080596,0.2968797870929685,0.2116884735202492,2021-07-22,5.48,bmo,1374580000.0,2025-04-24,2021-06-30,0.1624087591240875,421.0657142857143,259499.3650793651
2021-03-31,POOL,USD,945841,2021-04-29,2021-04-29 11:52:55,2021,Q1,1060745000.0,759614000.0,301131000.0,0.2838863252,0,172100000.0,0.0,172100000.0,0.0,172100000.0,931714000.0,0.0,2582000.0,7305000.0,136336000.0,0.1285285342,129031000.0,0.1216418649,-2582000.0,126449000.0,0.1192077266,27869000.0,98655000.0,0.0930053877,2.45,2.42,40215000,40846000,https://www.sec.gov/Archives/edgar/data/945841/000094584121000069/0000945841-21-000069-index.htm,https://www.sec.gov/Archives/edgar/data/945841/000094584121000069/pool-20210331.htm,26.376849434290687,2.453189108541589,1.9175183389282608,1.6977247295785154,0.8767375357453686,16.360263583240084,9.403456421733184,16.360263583240084,16.078577645157278,13883826600.0,14500766600.0,35.18277482134712,13.088750453690569,180.0452141662236,203.35452148694964,21.102349497209424,21.102349497209424,13.670360548482437,106.36051079685484,188.04568101357748,212.3907578287489,0.0071057499378449,0.0049175203614254,0.978857868946146,0.3007050963886981,4.5251437624691935,1.799149099653521,49.973276529821845,0.7816430996908418,0.001678139656397,0.2361664385991586,0.16224446026142,0.0,0.130629366580551,0.1146239933603932,0.0083328226859424,1.209993155373032,0.0036172689949045,30.050515133582465,0.0701832389417215,0.0529854854518844,-14.775369886858137,673956000.0,378160000.0,33533000.0,1272590000.0,388401000.0,450875500.0,879108500.0,41.37109295825104,75.23534321379016,115.78317408578567,2.175432012173863,1.1962462873898816,0.7773150175803395,0.1499480186281781,0.2197936093497451,2021-04-22,1.15,bmo,924577623.0,2025-04-24,2021-03-31,1.1043478260869566,348.2986885245902,379701.7049180328
2020-12-31,POOL,USD,945841,2021-02-25,2021-02-25 12:33:19,2020,Q4,839261000.0,600166000.0,239095000.0,0.284887538,0,164744000.0,59224000.0,164744000.0,0.0,164745000.0,764911000.0,0.0,3061000.0,7444000.0,81663000.0,0.097303461,74350000.0,0.0885898427,-3061000.0,71289000.0,0.0849425864,12163000.0,59173000.0,0.0705060762,1.47,1.45,40202000,40873000,https://www.sec.gov/Archives/edgar/data/945841/000094584121000022/0000945841-21-000022-index.htm,https://www.sec.gov/Archives/edgar/data/945841/000094584121000022/pool-20201231.htm,20.876100691507887,1.471891945674345,0.2155862892393413,0.0960648723944082,0.8544599771155664,15.90642256604149,8.93293865976817,15.90642256604149,15.593751554649025,14975245000.0,15564956000.0,63.26891065181755,17.84337053669836,1727.8464289835006,3877.58803728638,23.41821352057172,23.41821352057172,18.54602561062649,190.5998555037165,1795.887388946579,4030.283790781978,0.0039513877736224,0.0002578922748843,0.9755563200775642,0.3585961705380905,7.221275240929184,2.321633360855377,24.28944789284548,0.14646882868876,0.0015579043948863,0.3942676558565562,0.1962965037098113,0.0,0.1611501031804882,0.5544017537787008,0.0057252749740545,0.6454862976894143,0.0040762051376151,22.951732904894243,0.0463915733584945,0.040548282010413,-11.40377344410726,638678000.0,359122000.0,21727000.0,1233142000.0,327806000.0,267582500.0,696906500.0,31.012998340206444,40.0018828124219,117.11594792107518,2.902008990318119,2.2498940967861656,0.7684692101937415,0.0925344425852659,0.119521416844933,2021-02-11,0.76,bmo,645699524.0,2025-04-24,2020-12-31,0.9078947368421052,348.76140625,546960.921875
2020-09-30,POOL,USD,945841,2020-10-30,2020-10-30 16:20:38,2020,Q3,1139229000.0,810531000.0,328698000.0,0.2885267141,0,180465000.0,0.0,180465000.0,0.0,180465000.0,990996000.0,0.0,1861000.0,7306000.0,155539000.0,0.1365300567,148233000.0,0.1301169475,-1861000.0,146372000.0,0.1284833866,27360000.0,119098000.0,0.1045426337,2.97,2.92,40123000,40839000,https://www.sec.gov/Archives/edgar/data/945841/000094584120000210/0000945841-20-000210-index.htm,https://www.sec.gov/Archives/edgar/data/945841/000094584120000210/pool-20200930.htm,28.393415248112056,2.9683224085935747,4.179996510729507,4.083642798394935,1.8629962864192608,14.692346035939488,9.461381252648106,14.692346035939488,13.054731700022431,13422748420.0,13869933420.0,28.175847663268907,11.782309281101517,80.03355963127706,81.92195461647381,22.76967879613436,22.76967879613436,12.174842301240576,89.17334829206823,82.69991425879772,84.65122198623114,0.0088728475177664,0.0122067399963978,0.8853827219970789,0.328758891627493,2.8750667035277324,2.2106553537899103,79.65233745298227,1.408201649062117,0.0017348905955282,0.19552805252817,0.1584097666053094,0.0,0.132201722234155,0.0230511465947982,0.0033935231634728,0.5291541199014509,0.0034005454566202,31.325092967125062,0.0979294795031104,0.0864465376164888,-8.526730304314233,584163000.0,379619000.0,68593000.0,1083361000.0,409908500.0,307342000.0,620621000.0,28.946840363087667,29.804017366393143,68.04694700141019,3.1091476261694484,3.019727135895564,1.3226162813466835,0.2020318879866192,0.0963537123345712,2020-10-22,2.18,bmo,2312414095.0,2025-04-24,2020-09-30,0.3394495412844035,309.261875,284151.234375
2020-06-30,POOL,USD,945841,2020-07-31,2020-07-31 12:36:09,2020,Q2,1280846000.0,907365000.0,373481000.0,0.2915893089,0,167624000.0,0.0,167624000.0,0.0,167624000.0,1074989000.0,0.0,2643000.0,7311000.0,213168000.0,0.1664275018,205857000.0,0.1607195557,-2643000.0,203214000.0,0.1586560757,45733000.0,157555000.0,0.1230085428,3.94,3.87,39973000,40715000,https://www.sec.gov/Archives/edgar/data/945841/000094584120000173/0000945841-20-000173-index.htm,https://www.sec.gov/Archives/edgar/data/945841/000094584120000173/pool-20200630.htm,32.04277887574113,3.941535536487129,5.040202136442098,4.922847922347585,1.1053711255097192,12.177995146724038,7.08958547019238,12.177995146724038,15.66830110324469,10867459510.0,11446940510.0,17.243914045888737,8.48459495520929,53.94029696434245,55.22616263765303,22.324692753152792,22.324692753152792,8.937015464778748,53.69915048224874,56.81653286809085,58.17096421910652,0.0144978686007545,0.0181073598497354,1.281178164756538,0.3768836902653316,2.7184239660737077,2.0596160951684066,77.88762769580023,1.2787407571958995,0.0021315929430134,0.1470280219605852,0.1308697532724465,0.0,0.1229147744406111,0.0232836324650571,0.0036624231172209,0.6416358911229654,0.0027848781196178,32.86335366733838,0.130175951714754,0.1085539596995448,-11.746885397643409,585031000.0,283392000.0,-30859000.0,1082814000.0,399660000.0,431946000.0,743304000.0,31.858982266408297,34.34613413565654,62.3317187680812,2.824948997033557,2.620382242861103,1.4438876671260212,0.3236604620874256,0.1173542140945138,2020-07-23,3.1,bmo,1026000671.0,2025-04-24,2020-06-30,0.2483870967741935,231.4909523809524,319030.7619047619
2020-03-31,POOL,USD,945841,2020-04-30,2020-04-30 14:57:28,2020,Q1,677288000.0,487659000.0,189629000.0,0.2799828138,0,147097000.0,0.0,147097000.0,0.0,147097000.0,634756000.0,0.0,4789000.0,7337000.0,49869000.0,0.0736304201,35588000.0,0.0525448554,-4789000.0,30799000.0,0.0454740081,-25000.0,30912000.0,0.04564085,0.77,0.75,40125000,40955000,https://www.sec.gov/Archives/edgar/data/945841/000094584120000102/0000945841-20-000102-index.htm,https://www.sec.gov/Archives/edgar/data/945841/000094584120000102/pool-20200331.htm,16.87945171339564,0.7703925233644859,0.4916635514018692,0.2838130841121495,0.4438130841121495,8.682816199376948,3.618342679127726,8.682816199376948,19.11536448598131,7895396250.0,8639803250.0,63.85381283967392,11.657369169393228,400.2127052919708,693.3084167544783,22.66200222159713,22.66200222159713,12.75646881385762,173.24997994746235,437.9462312449311,758.6760844748859,0.003915192983506,0.0014423595269205,2.1877708827260776,0.4361044089619924,14.927249393410737,1.898508332183538,7.431196491960743,0.6381987577639752,0.002805052374667,0.7164531573498965,0.2171853037408015,0.0,0.1162685714056852,0.4227493917274939,0.0123138162790422,1.1367043750851846,0.0053950461251343,12.268108058675182,0.0291166051923447,0.0200133500024926,-17.272118380062306,586088000.0,145186000.0,-161005000.0,1077940000.0,286227000.0,389791500.0,780232000.0,45.966191634873205,95.52945808444017,158.38341956161992,1.9579607707095672,0.9421177697925118,0.5682412985469418,0.0887261120901957,0.2078504672897196,2020-04-23,0.65,bmo,489152444.0,2025-04-24,2020-03-31,0.3846153846153846,212.885,272553.70967741933
2019-12-31,POOL,USD,945841,2020-02-27,2020-02-27 12:44:49,2019,Q4,582234000.0,420184000.0,162050000.0,0.2783245224,0,136252000.0,51280000.0,136252000.0,0.0,136252000.0,556436000.0,0.0,5234000.0,7577000.0,33375000.0,0.0573223137,25798000.0,0.0443086457,-5234000.0,20564000.0,0.0353191329,2592000.0,18024000.0,0.0309566257,0.45,0.44,40047000,40952000,https://www.sec.gov/Archives/edgar/data/945841/000094584120000041/0000945841-20-000041-index.htm,https://www.sec.gov/Archives/edgar/data/945841/000094584120000041/pool-20191231.htm,14.538766948835118,0.450071166379504,1.3864459260369066,1.2257347616550551,0.7300921417334632,10.242465103503385,5.2574724698479285,10.242465103503385,17.35400903937873,8505181860.0,9166340860.0,117.9702321904128,14.607841280309978,153.18303874070205,173.26750178254937,20.735242722707103,20.735242722707103,15.743396744264334,274.64691715355804,165.09087873493868,186.7366280277874,0.0021191786720948,0.0057714227406302,1.6815593154224977,0.4650157153201111,19.810007490636703,2.490924814377018,4.928926251432938,3.080503772747448,0.0025890098956684,1.2217043941411452,0.2340158767780651,0.0,0.1345908286173889,0.1159159267330655,0.0110539748623405,0.8494126963178039,0.0055458801787597,10.184368407222932,0.019428239594457,0.0140414075062011,-13.054829325542489,582722000.0,210546000.0,-99518000.0,1071291000.0,267168500.0,238136000.0,659245500.0,35.017724832283925,56.11034689564572,150.42138682101174,2.5701269980003443,1.6039822417669671,0.5983191745671917,0.0439416841386708,0.1607111643818513,2020-02-13,0.36,bmo,476373272.0,2025-04-24,2019-12-31,0.2222222222222222,206.46921875,216455.9375
2019-09-30,POOL,USD,945841,2019-10-30,2019-10-30 15:18:49,2019,Q3,898500000.0,640569000.0,257931000.0,0.2870684474,0,153391000.0,0.0,153391000.0,0.0,153391000.0,793960000.0,0.0,5498000.0,7426000.0,111966000.0,0.1246143573,104540000.0,0.1163494713,-5498000.0,99042000.0,0.110230384,19593000.0,79525000.0,0.0885086255,1.99,1.95,39933000,40865000,https://www.sec.gov/Archives/edgar/data/945841/000094584119000155/0000945841-19-000155-index.htm,https://www.sec.gov/Archives/edgar/data/945841/000094584119000155/pool-20190930.htm,22.50018781458944,1.991460696666917,3.6514161220043575,3.457766759321864,0.9346655648210752,10.166278516515163,5.17371597425688,10.166278516515163,18.292640172288586,8054486100.0,8742775100.0,25.320610185476266,8.964369616026712,55.23884248210023,58.33244809131005,19.840101731655047,19.840101731655047,9.730411908736784,78.0841960952432,59.959229007214766,63.31719595304138,0.0098733797554135,0.017143117299563,1.7858019065448183,0.4893871236013306,6.147303645749602,2.676027753256718,19.014186977082577,1.8335596800965743,0.0027312729486242,0.2766299905690034,0.1707189760712298,0.0,0.1345800751717285,0.0530340438372699,0.0086065664997217,1.0413412335039052,0.0040612131329994,21.343131030444127,0.0675378280312177,0.0620300458644036,-12.49986226930108,609459000.0,206602000.0,-102346000.0,1097521000.0,362462000.0,278322000.0,655332000.0,30.83118530884808,30.11043306810039,86.57854189010084,2.919122281496306,2.988997195638074,1.0395185462264105,0.1958888587826686,0.1936493626824931,2019-10-17,1.78,bmo,820169230.0,2025-04-24,2019-09-30,0.095505617977528,192.77078125,225617.859375
2019-06-30,POOL,USD,945841,2019-07-31,2019-07-31 12:45:28,2019,Q2,1121328000.0,791014000.0,330314000.0,0.2945739338,0,157791000.0,0.0,157791000.0,0.0,157791000.0,948805000.0,0.0,6424000.0,7247000.0,179770000.0,0.1603188362,172523000.0,0.1538559636,-6424000.0,166099000.0,0.1481270422,34778000.0,131390000.0,0.1171735656,3.3,3.22,39827000,40848000,https://www.sec.gov/Archives/edgar/data/945841/000094584119000116/0000945841-19-000116-index.htm,https://www.sec.gov/Archives/edgar/data/945841/000094584119000116/pool-2019630x10q.htm,28.154970246315315,3.2990182539483266,1.7233786124990584,1.4106761744545158,1.541868581615487,8.61649132498054,3.590579255279082,8.61649132498054,21.940718607979512,7620498180.0,8427213180.0,14.499768209148336,6.7959581674585845,111.02609642029807,135.63708203549118,22.20625458593288,22.20625458593288,7.515386381148067,46.87775034766646,122.77945102495738,149.99578484594986,0.0172416549281296,0.0073726151063787,2.5276438139808666,0.5130830684344209,4.487484007342716,2.349335917256224,26.85600871731009,0.5223913539843215,0.0028782895136128,0.166938123144836,0.140717970121142,0.0,0.1184012369704634,0.1814473243294433,0.0111064737525505,1.718504208638057,0.0029741520768231,25.2900009635668,0.1031525330827412,0.0881566543546596,-15.716398423180255,679562000.0,143002000.0,-164224000.0,1166943000.0,365126500.0,407411000.0,755094500.0,33.47935662000771,38.95019557175979,79.01279876209524,2.688223702190705,2.3106430835292917,1.1390559682740369,0.3828725788168511,0.3127024380445427,2019-07-18,3.23,bmo,1124810385.0,2025-04-24,2019-06-30,-0.003095975232198,180.5360317460317,206170.7619047619
2019-03-31,POOL,USD,945841,2019-04-30,2019-04-30 13:26:04,2019,Q1,597456000.0,422825000.0,174631000.0,0.2922909804,0,136245000.0,0.0,136245000.0,0.0,136245000.0,559070000.0,0.0,6616000.0,7024000.0,45410000.0,0.0760055971,38386000.0,0.0642490828,-6616000.0,31770000.0,0.053175464,-802000.0,32637000.0,0.0546266169,0.83,0.8,39479000,40696000,https://www.sec.gov/Archives/edgar/data/945841/000094584119000067/0000945841-19-000067-index.htm,https://www.sec.gov/Archives/edgar/data/945841/000094584119000067/pool-2019331x10q.htm,15.133514020111958,0.8266926720534968,0.729603080118544,0.5589047341624661,0.7691684186529547,5.696116922921046,0.6245092327566555,5.696116922921046,22.394361559310013,6625760570.000001,7474670570.000001,50.753443714189416,11.08995569548218,230.02918240522152,300.2837330614095,29.463931704887564,29.463931704887564,12.510830203395733,164.60406452323278,259.50113074572977,338.7568805801043,0.0049257741289012,0.0033301837225911,3.9020931442521913,0.5228295647510949,18.69434045364457,1.963722949083285,5.801995163240629,0.8825566075313295,0.0026893516316723,0.5459754266629898,0.2280418976460191,0.0,0.1192969285309977,0.2339605610331898,0.0112794917115235,0.9594248291571754,0.0054547949974558,10.293255446413523,0.0324190010556424,0.0220799551865602,-19.76723701208237,575943000.0,24655000.0,-279907000.0,1061148000.0,260464000.0,355161000.0,744160500.0,47.169046758255,100.57075622302372,173.6339620410335,1.908030926748572,0.8948923462444469,0.5183317764685403,0.1451326725276484,0.1706983459560779,2019-04-18,0.63,bmo,485433000.0,2025-04-24,2019-03-31,-0.0634920634920635,155.23409836065574,224775.4426229508
2018-12-31,POOL,USD,945841,2019-02-27,2019-02-27 13:35:33,2018,Q4,543082000.0,382640000.0,160442000.0,0.295428683,0,134472000.0,48610000.0,134472000.0,0.0,134472000.0,517112000.0,0.0,6448000.0,7008000.0,32977000.0,0.0607219536,25970000.0,0.0478196663,-6447000.0,19522000.0,0.0359466895,2786000.0,16812000.0,0.0309566511,0.42,0.41,40002000,41274000,https://www.sec.gov/Archives/edgar/data/945841/000094584119000013/0000945841-19-000013-index.htm,https://www.sec.gov/Archives/edgar/data/945841/000094584119000013/pool-12312018x10k.htm,13.576371181440928,0.4202789860506974,1.6848157592120394,1.5947202639868006,0.4683765811709414,5.589470526473677,0.5778211089445527,5.589470526473677,16.82938353082346,5946297300.0,6596700300.0,88.4234073875803,10.949170291042606,88.22923170514571,93.21384029345371,26.5946477928351,26.5946477928351,12.146785015890789,200.0394305121752,97.87970057570182,103.40952313769752,0.0028273056579259,0.0107280206120874,2.982069860011628,0.5373330507361361,19.72292810140401,2.994810379241517,4.027605459057072,4.008803235783964,0.003037015993129,1.074173209612182,0.2476090166862462,0.0,0.1615607101785761,0.0534749836785565,0.0066361985851123,0.514269406392694,0.005673176426396,7.270184497115519,0.0235738216849311,0.0161592472089927,-12.659485775711214,609634000.0,23114000.0,-102037000.0,917074000.0,247787000.0,221270500.0,641281000.0,34.43695427209887,55.94070144260924,158.1959805561363,2.6134715424853585,1.6088464691908255,0.5689145810380639,0.0751911981752314,0.0900954952252387,2019-02-14,0.44,bmo,582819707.0,2025-04-24,2018-12-31,-0.0681818181818182,149.68285714285716,304778.1111111111
2018-09-30,POOL,USD,945841,2018-10-30,2018-10-30 12:02:58,2018,Q3,811311000.0,576308000.0,235003000.0,0.2896583431,0,142666000.0,0.0,142666000.0,0.0,142666000.0,718974000.0,0.0,4931000.0,7081000.0,99418000.0,0.1225399384,92337000.0,0.1138120893,-4931000.0,87406000.0,0.1077342721,18206000.0,69261000.0,0.0853692357,1.71,1.66,40422000,41797000,https://www.sec.gov/Archives/edgar/data/945841/000094584118000114/0000945841-18-000114-index.htm,https://www.sec.gov/Archives/edgar/data/945841/000094584118000114/pool-2018930x10q.htm,20.071025679085647,1.7134481223096334,2.1787393003809807,2.095715204591559,0.970634802830142,9.22116669140567,4.240364158131711,9.22116669140567,14.488001583296224,6750474000.0,7295484000.0,24.366071815307315,8.320451713338041,76.64983138221167,79.6863999622254,18.11050657566441,18.11050657566441,8.992216301763442,73.38192279064154,82.83827453473981,86.120005194008,0.0102601683970636,0.0125491928418656,1.557938820297367,0.4523461586996926,5.48200527067533,3.289421722680953,18.725816264449403,1.2715525331716262,0.002692699801525,0.2624420669640923,0.1758462537793768,0.0,0.1568317393153538,0.0381064846881422,0.0041365148506552,0.4739443581415054,0.004082281640456,18.854702117511604,0.0728552554996739,0.063986940422607,-8.682493444164068,663218000.0,171404000.0,41886000.0,974494000.0,346094000.0,252469000.0,608283000.0,31.923109633666996,31.96821838322564,95.2589066957252,2.819274219610596,2.8152960831631706,0.94479354342662,0.1858168472224458,0.0830240957894216,2018-10-18,1.58,bmo,772211674.0,2025-04-24,2018-09-30,0.0506329113924049,161.9273015873016,167848.87301587302
2018-06-30,POOL,USD,945841,2018-07-27,2018-07-27 12:21:45,2018,Q2,1057804000.0,749149000.0,308655000.0,0.2917884599,0,146613000.0,0.0,146613000.0,0.0,146613000.0,895762000.0,0.0,5991000.0,7057000.0,169099000.0,0.1598585371,162042000.0,0.1531871689,-5991000.0,156051000.0,0.1475235488,39062000.0,117049000.0,0.1106528242,2.89,2.8,40453000,41814000,https://www.sec.gov/Archives/edgar/data/945841/000094584118000091/0000945841-18-000091-index.htm,https://www.sec.gov/Archives/edgar/data/945841/000094584118000091/pool-2018630x10q.htm,26.14896299409191,2.8934566039601517,0.1814451338590463,-0.0652856401255778,1.1189034187822906,7.757174993201987,2.7717845400835537,7.757174993201987,16.39213408152671,6128629500.0,6743582500.0,13.089880092952525,5.793728800420494,834.9631471389646,-2320.5715638015904,19.53030583076536,19.53030583076536,6.375077519086712,39.879493669388935,918.7442098092644,-2553.420106020447,0.0190987234584828,-0.0004309283176605,2.094065984493357,0.4679405332693385,3.636644805705533,2.643028409862581,27.04757135703555,0.0627087800835547,0.0029668949640372,0.155345197310528,0.1386012909764001,0.0,0.1436137069432684,1.3598092643051771,0.0094355854203614,1.4143403712625762,0.002987320902549,22.47250781006614,0.119007618922737,0.0973293852438909,-10.842564210318146,665369000.0,112127000.0,-20146000.0,980091000.0,359505500.0,384013500.0,655188000.0,34.408406472276525,36.06876602651809,72.8726461625124,2.615639874881001,2.4952336859495325,1.235031314758244,0.3730039101213827,0.2467307739846241,2018-07-19,2.88,bmo,1088022857.0,2025-04-24,2018-06-30,-0.0277777777777778,146.75578125,230544.109375
2018-03-31,POOL,USD,945841,2018-04-30,2018-04-30 12:31:15,2018,Q1,585900000.0,419827000.0,166073000.0,0.2834493941,0,132532000.0,0.0,132532000.0,0.0,132532000.0,552359000.0,0.0,3527000.0,6769000.0,40310000.0,0.0688001365,33541000.0,0.0572469705,-3527000.0,30014000.0,0.0512271719,-1279000.0,31339000.0,0.0534886499,0.78,0.75,40370000,41862000,https://www.sec.gov/Archives/edgar/data/945841/000094584118000057/0000945841-18-000057-index.htm,https://www.sec.gov/Archives/edgar/data/945841/000094584118000057/pool-2018331x10q.htm,14.513252415159773,0.7762942779291553,-1.0936091156799603,-1.4562298736685657,0.2787713648749071,6.187391627446123,1.166707951449096,6.187391627446123,14.159945504087194,5902901400.0,6462208400.0,47.08910143910144,10.074929851510497,-133.7040793675961,-100.40997142273932,23.63192905899073,23.63192905899073,11.029541559993174,160.31278590920368,-146.37270153344355,-109.92393685786216,0.0053090841056569,-0.009959170248041,2.274395980543267,0.4117735741838967,13.875142644505086,1.9676755572614848,9.509781684150836,-1.4087558633013175,0.002542986742079,0.4789878426242062,0.2262024236217784,0.0,0.14690874458021,-0.3315816892794854,0.0249854924048472,2.1626532722706457,0.0056682027649769,10.395808102456334,0.0403643001496752,0.0266265980504358,-13.147968788704484,516821000.0,47100000.0,-78975000.0,828816000.0,255430500.0,356522000.0,620133500.0,48.32503840245776,100.28309279774766,150.87493181715328,1.86238858726748,0.8974593571970628,0.5965205678374181,0.1254638989530996,0.3626207579886054,2018-04-19,0.71,bmo,554652000.0,2025-04-24,2018-03-31,0.0563380281690141,137.6765573770492,228039.1475409836
2017-12-31,POOL,USD,945841,2018-02-28,2018-02-28 11:18:54,2017,Q4,510183000.0,364785000.0,145398000.0,0.2849918559,0,128139000.0,45247000.0,128139000.0,0.0,128139000.0,492924000.0,0.0,3581000.0,6646000.0,23905000.0,0.0468557361,17259000.0,0.0338290378,-3581000.0,13678000.0,0.0268099878,-11969000.0,25665000.0,0.0503054786,0.64,0.62,40164000,41715000,https://www.sec.gov/Archives/edgar/data/945841/000094584118000020/0000945841-18-000020-index.htm,https://www.sec.gov/Archives/edgar/data/945841/000094584118000020/pool-12312017x10k.htm,12.702494771437108,0.639005079175381,1.5758141619360622,1.5339607608803905,0.7849068817846828,5.55587092919032,0.5101085549248083,5.55587092919032,13.027362812468878,5207262600.0,5696972600.0,50.72338398597312,10.206656435043897,82.27493008484619,84.51976302548287,23.3356752977871,23.3356752977871,11.166527696924437,238.31719723907133,90.01236510720324,92.46831033923064,0.0049286932447002,0.0118315523399952,2.328744409489751,0.4719534413139314,20.485672453461618,2.4326203640932187,4.81960346271991,2.46604324956166,0.0028544748252181,0.5791544905513345,0.2511628180476417,0.0,0.1840568469350499,0.0265598584316885,0.0032948961451087,0.2529340956966596,0.0058528018377719,8.937570655239476,0.0409468581587478,0.0285673260582098,-10.729888706304154,460682000.0,20488000.0,-95668000.0,764279000.0,229530500.0,227155500.0,510380500.0,34.62257660486532,60.50799786175418,132.35922529709282,2.599459913891932,1.4874066764798226,0.6799677151176012,0.1150143852007206,0.0418534010556717,2018-02-15,0.17,bmo,376025501.0,2025-04-24,2017-12-31,0.2352941176470586,121.51174603174604,233233.19047619047
2017-09-30,POOL,USD,945841,2017-10-31,2017-10-31 14:42:11,2017,Q3,743401000.0,526795000.0,216606000.0,0.2913716823,0,134678000.0,0.0,134678000.0,0.0,134678000.0,661473000.0,0.0,4009000.0,6719000.0,88647000.0,0.1192451988,81928000.0,0.1102070081,-4009000.0,77919000.0,0.1048142254,29179000.0,48783000.0,0.0656213807,1.2,1.16,40659000,42207000,https://www.sec.gov/Archives/edgar/data/945841/000094584117000140/0000945841-17-000140-index.htm,https://www.sec.gov/Archives/edgar/data/945841/000094584117000140/pool-2017930x10q.htm,18.283799404805823,1.1998081605548587,3.771981603089107,3.692933913770629,0.9247399099830296,5.178287709978111,0.2044811726800954,5.178287709978111,13.984160948375514,4398084030.0,4926259030.0,22.539019894225447,5.916166416241032,28.677234245101555,29.291073852322,20.88914445436583,20.88914445436583,6.626651067189847,55.57163840851919,32.121142568382616,32.80869944256116,0.0110918753864736,0.0341400934988502,2.6814965042936394,0.5032185780855031,5.958182454002956,2.612639826154118,20.43601895734597,3.143820593239448,0.0034235362256141,0.3086526043908739,0.1811646742471425,0.0,0.1802528513517849,0.0209565415838033,0.0043233732534661,0.478344991814258,0.0043005053800035,11.82334202638937,0.0621203250903563,0.0530426424441172,-10.68743697582331,492755000.0,8314000.0,-113067000.0,798865000.0,316540500.0,241185500.0,513546000.0,31.81545357081844,35.71708159720574,82.73774428382957,2.8288139849921614,2.519802737943768,1.0877743982390606,0.2316997872178737,0.079047689318478,2017-10-19,1.15,bmo,736991379.0,2025-04-24,2017-09-30,0.008695652173913,108.15698412698411,345982.8888888889
2017-06-30,POOL,USD,945841,2017-07-28,2017-07-28 12:57:05,2017,Q2,988163000.0,698499000.0,289664000.0,0.2931338251,0,135478000.0,0.0,135478000.0,0.0,135478000.0,833977000.0,0.0,3952000.0,6438000.0,160624000.0,0.1625480816,154186000.0,0.1560329622,-3952000.0,150234000.0,0.152033622,55654000.0,94903000.0,0.0960398234,2.3,2.21,41349000,42985000,https://www.sec.gov/Archives/edgar/data/945841/000094584117000116/0000945841-17-000116-index.htm,https://www.sec.gov/Archives/edgar/data/945841/000094584117000116/pool-2017630x10q.htm,23.898111199787177,2.295170378969261,-0.2157488693801543,-0.5875595540400009,0.6743331156738978,7.3341314179303,2.5080413069239884,7.3341314179303,13.481148274444363,4861401930.0,5388215930.0,12.806238817529476,4.919635657275166,-544.9391245376079,-200.0988651986005,16.030528129420727,16.030528129420727,5.452760253116136,33.545522026596274,-603.9923696894967,-221.7829154146944,0.0195217349576359,-0.0049975295912222,1.825106592054976,0.4326983213669226,3.279796294451639,2.472006935189618,39.01467611336032,-0.0942813963073736,0.0031490916037053,0.1613120765413106,0.1371008629143167,0.0,0.1560068671353163,-1.7233494002914471,0.0155581619631579,2.388008698353526,0.003335482101637,19.46135469803638,0.1069499477462954,0.0879071714793318,-9.646611768120149,568835000.0,103705000.0,-20607000.0,875176000.0,330152000.0,369618500.0,595344500.0,33.724851062021145,35.21524010771669,69.93918387857391,2.668655225029369,2.5557116670142586,1.286832287838174,0.3129437213734794,0.3718106846598467,2017-07-20,2.24,bmo,1001614479.0,2025-04-24,2017-06-30,-0.0133928571428572,120.09253968253968,176860.49206349207
2017-03-31,POOL,USD,945841,2017-04-27,2017-04-27 12:05:11,2017,Q1,546441000.0,392820000.0,153621000.0,0.2811300763,0,122623000.0,0.0,122623000.0,0.0,122623000.0,515443000.0,0.0,3647000.0,5922000.0,36920000.0,0.0675644763,30998000.0,0.0567270758,-3647000.0,27351000.0,0.0500529792,5119000.0,22281000.0,0.0407747588,0.54,0.52,41192000,42877000,https://www.sec.gov/Archives/edgar/data/945841/000094584117000082/0000945841-17-000082-index.htm,https://www.sec.gov/Archives/edgar/data/945841/000094584117000082/pool-2017331x10q.htm,13.265706933385124,0.5409060011652748,-0.7871431345892407,-1.2513352107205282,0.3624004661099242,5.405272868518159,0.5928335599145466,5.405272868518159,11.989318314235774,4915441360.0,5392249360.0,55.15283604865133,8.995374358805433,-151.59885763631877,-95.36213716170336,22.07659130309808,22.07659130309808,9.86794431603778,146.05225785482122,-166.30426104120406,-104.61246212047725,0.0045328584694986,-0.0104863421664336,2.2016985996209364,0.3827221987572499,12.914626218851572,1.8431096753290068,8.499588703043598,-1.455949708127526,0.0026038353552853,0.574435617790943,0.2244030005069165,0.0,0.1547652414103237,-0.5897174932149025,0.0349918838447334,3.228807835190814,0.0054955612774297,8.110749162786352,0.0328952714633066,0.0205803433290074,-12.182723587104292,442367000.0,24420000.0,-91163000.0,737741000.0,228085000.0,348328000.0,567000000.0,47.76674883473238,106.74996181457156,148.438368718497,1.8841558656501816,0.843091636476022,0.6063122410801933,0.1000700638659085,0.4641920761312876,2017-04-20,0.4,bmo,420307692.0,2025-04-24,2017-03-31,0.0,112.08564516129032,204934.67741935485
2016-12-31,POOL,USD,945841,2017-02-24,2017-02-24 11:37:43,2016,Q4,445235000.0,317458000.0,127777000.0,0.2869877705,0,118034000.0,39879000.0,118034000.0,0.0,118034000.0,435492000.0,0.0,4527000.0,5669000.0,15412000.0,0.0346154278,9743000.0,0.0218828259,-4527000.0,5216000.0,0.0117151617,2687000.0,2615000.0,0.0058733029,0.06,0.06,41218000,42310000,https://www.sec.gov/Archives/edgar/data/945841/000094584117000028/0000945841-17-000028-index.htm,https://www.sec.gov/Archives/edgar/data/945841/000094584117000028/pool-12312016x10k.htm,10.80195545635402,0.0634431559027609,0.5387937308942695,0.4426221553690135,0.5695812509097967,4.9786501043233535,0.1719879664224368,4.9786501043233535,10.737274976951817,4300686120.0,4716772120.0,411.15546080305927,9.659362179523171,193.654814481268,235.73153475115103,20.95748803664539,20.95748803664539,10.593893382146508,306.0454269400467,212.39067543227665,258.5382657311993,0.0006080425139233,0.0042421138141557,2.134603576823741,0.440644002836751,26.99753438878796,2.348109513199649,2.152197923569693,8.634525660964231,0.0029627830640195,4.872657743785851,0.2651049445798286,0.0,0.1992978538268475,0.1784942363112392,0.008903163497928,0.6992414887987299,0.0056801464395207,2.66587296808426,0.0067583269780312,0.0032852831876418,-9.649588771895774,399337000.0,7089000.0,-93328000.0,680748000.0,199778000.0,215325000.0,470636000.0,33.585836692982355,65.4118655066182,137.81489204871195,2.679700994878153,1.3758971602926389,0.6530498893268274,0.0127430437113201,0.0961715755252559,2017-02-16,0.06,bmo,445200000.0,2025-04-24,2016-12-31,0.0,98.69603174603176,276554.5714285714
2016-09-30,POOL,USD,945841,2016-10-28,2016-10-28 11:49:27,2016,Q3,691429000.0,491878000.0,199551000.0,0.2886066393,0,125385000.0,0.0,125385000.0,0.0,125385000.0,617263000.0,0.0,2989000.0,5830000.0,79996000.0,0.1156966225,74166000.0,0.1072648095,-2989000.0,71177000.0,0.1029418783,26807000.0,44534000.0,0.0644086378,1.06,1.03,42020000,43119000,https://www.sec.gov/Archives/edgar/data/945841/000094584116000285/0000945841-16-000285-index.htm,https://www.sec.gov/Archives/edgar/data/945841/000094584116000285/pool-2016930x10q.htm,16.454759638267493,1.0598286530223704,3.734578772013327,3.624892908138982,0.7216563541170871,6.47275107091861,1.7337934316991908,6.47275107091861,9.3569252736792,3971730400.0,4331627400.0,22.29605694525531,5.744234621342176,25.30941393131838,26.075253088932364,14.60275529900546,14.60275529900546,6.264746488793499,54.14804990249512,27.6028178707297,28.438053283262647,0.0112127449536856,0.0383505385964767,1.4345974961854513,0.3760781709478651,4.498937446872343,2.2454509964193563,24.81298093007695,3.5327210103329505,0.0032857215081869,0.2930345354111465,0.1813418297467997,0.0,0.1919296091356223,0.0293703441727682,0.0066659049591498,0.7905660377358491,0.0036489646803937,12.42377392739088,0.0650307259422607,0.053118477081072,-7.914808424559734,408351000.0,72854000.0,-29311000.0,692125000.0,176259000.0,232635500.0,474205000.0,30.38121050751415,36.580168253103416,83.28089485604154,2.9623572759795205,2.4603495363191645,1.080680030582921,0.1637369707888302,0.1096858638743455,2016-10-20,1.01,bmo,677974757.0,2025-04-24,2016-09-30,0.0297029702970297,98.15609375,278226.96875
2016-06-30,POOL,USD,945841,2016-07-28,2016-07-28 14:53:42,2016,Q2,918889000.0,648153000.0,270736000.0,0.2946340635,0,128316000.0,0.0,128316000.0,0.0,128316000.0,776469000.0,0.0,4001000.0,5403000.0,147823000.0,0.1608714437,142420000.0,0.1549915169,-4001000.0,138419000.0,0.1506373458,53209000.0,85435000.0,0.0929764096,2.03,1.98,42030000,43152000,https://www.sec.gov/Archives/edgar/data/945841/000094584116000269/0000945841-16-000269-index.htm,https://www.sec.gov/Archives/edgar/data/945841/000094584116000269/pool-2016630x10q.htm,21.86269331429931,2.032714727575541,0.6185105876754698,0.3241018320247442,0.7268855579348085,6.330954080418748,1.5688793718772305,6.330954080418748,12.005876754699024,3952080900.0,4422135900.0,11.564583894188566,4.300933953937853,152.02650023080474,290.12486419028045,14.852421737006276,14.852421737006276,4.812481050485967,29.915073432415795,170.10832051084782,324.6319116135663,0.0216177254873502,0.0034467917901174,1.881340899695592,0.4186848635443264,3.1798502262841373,2.307527798225563,35.59610097475631,0.304949147770596,0.0032969972856577,0.152513606835606,0.1396425465970318,0.0,0.1673966661174595,0.4759963071241729,0.013466261975059,2.2902091430686657,0.0027968557682157,17.016257842857584,0.107531873108094,0.085820074675067,-13.396627408993576,506229000.0,65940000.0,-36179000.0,791766000.0,201435500.0,352027000.0,544323500.0,11.666447198736735,36.84532818640044,68.49132843634142,7.714430834585645,2.4426434620066404,1.314034959675948,0.321075575932955,0.2944087556507256,2016-07-21,1.93,bmo,895695454.0,2025-04-24,2016-06-30,0.0259067357512953,89.85875,331921.328125
2016-03-31,POOL,USD,945841,2016-04-28,2016-04-28 13:36:27,2016,Q1,515250000.0,372227000.0,143023000.0,0.2775798156,0,113493000.0,0.0,113493000.0,0.0,113493000.0,485720000.0,0.0,2964000.0,5075000.0,34605000.0,0.0671615721,29530000.0,0.0573119845,-2964000.0,26566000.0,0.0515594372,10228000.0,16371000.0,0.0317729258,0.39,0.38,42226000,43317000,https://www.sec.gov/Archives/edgar/data/945841/000094584116000233/0000945841-16-000233-index.htm,https://www.sec.gov/Archives/edgar/data/945841/000094584116000233/pool-2016331x10q.htm,12.202197698100695,0.3876995216217496,-0.9414341874674372,-1.258892625396675,0.2359920428172216,4.884076161606593,0.492469094870459,4.884076161606593,10.737957656420216,3704909240.0,4145401240.0,56.577320261437904,7.190507986414362,-93.19823007068648,-69.69617442341698,17.964502824447838,17.964502824447838,8.045417253760311,119.7919734142465,-104.27895353809777,-77.98264118288874,0.0044187317258006,-0.0143479898039283,2.1841927897786504,0.3775071423124079,12.729143187400664,1.837132719791285,9.96288798920378,-2.4294444783963822,0.0029493300084187,0.6674607537719137,0.2202678311499272,0.0,0.1554086726822159,-0.33720725479838,0.0260164968461911,2.641379310344828,0.0044250363901018,6.527247873869125,0.0257540067992411,0.0162442783843238,-11.048311466868752,413603000.0,20795000.0,-79332000.0,677253000.0,220257000.0,342629500.0,534834000.0,49.56471615720524,106.0735787570488,143.95884769240277,1.8158078362548369,0.8484676491036117,0.6251786635046096,0.0793803185686231,0.3174584379292379,2016-04-21,0.25,bmo,339013157.0,2025-04-24,2016-03-31,0.52,80.41131147540983,459876.1475409836
2015-12-31,POOL,USD,945841,2016-02-26,2016-02-26 14:32:29,2015,Q4,415075000.0,296780000.0,118295000.0,0.2849966873,0,112316000.0,36783000.0,112316000.0,0.0,112316000.0,409096000.0,0.0,1704000.0,4697000.0,10061000.0,0.024238993,5979000.0,0.0144046257,-1704000.0,4275000.0,0.0102993435,1648000.0,2486000.0,0.005989279,0.06,0.06,42696000,43834000,https://www.sec.gov/Archives/edgar/data/945841/000094584116000190/0000945841-16-000190-index.htm,https://www.sec.gov/Archives/edgar/data/945841/000094584116000190/pool-12312015x10k.htm,9.721636687277496,0.0582255949035038,1.5942242833052276,1.4116310661420273,0.3100290425332583,5.989858534757355,1.6661279745175193,5.989858534757355,7.762296233839235,3448982880.0,3765460880.0,346.84059533386966,8.309300439679577,50.670411212481824,57.224583630601785,13.486128183371587,13.486128183371587,9.071760236101907,374.2630831925256,55.3199183157771,62.47550032353868,0.0007207922122246,0.017475007008443,1.2892434983557712,0.3522479490529694,31.455918894742076,2.1707556299102824,3.5088028169014085,26.392787902287708,0.0032209495919562,4.468624296057924,0.2705920616756008,0.0,0.1972221005500886,0.1145342089411903,0.0187821478046136,1.6597828401107089,0.0058567728723724,2.801279925840459,0.0058053314221773,0.0033083807432544,-7.3155916245081505,356899000.0,71137000.0,-18544000.0,611359000.0,188265000.0,208568000.0,443431000.0,33.98913449376619,74.76871756856931,143.82623492149068,2.647905024369084,1.203711965735701,0.6257550998893048,0.009720696167637,0.1825932171632003,2016-02-18,0.00818,bmo,69183333.0,2025-04-24,2015-12-31,6.334963325183374,80.03828125,287508.578125
2015-09-30,POOL,USD,945841,2015-10-30,2015-10-30 13:16:50,2015,Q3,645779000.0,461491000.0,184288000.0,0.2853731695,0,118776000.0,0.0,118776000.0,0.0,118776000.0,580267000.0,0.0,2473000.0,4472000.0,69984000.0,0.1083714398,65512000.0,0.1014464701,-2473000.0,63039000.0,0.0976169866,23704000.0,39447000.0,0.0610843648,0.92,0.9,42826000,43939000,https://www.sec.gov/Archives/edgar/data/945841/000094584115000133/0000945841-15-000133-index.htm,https://www.sec.gov/Archives/edgar/data/945841/000094584115000133/pool-2015930x10q.htm,15.079134170830804,0.9210993321813852,3.143627702797366,3.024564516882268,0.6889272871620044,6.099612384999767,1.813828048381824,6.099612384999767,9.277985336010834,3096319800.0,3461681800.0,19.62329074454331,4.794704999698039,22.9989066248728,23.90426773720373,11.853212210303878,11.853212210303878,5.360474403782099,49.46390317786923,25.71274985330055,26.72494248436655,0.0127399631007107,0.0418335341200866,1.511610813790569,0.419002202895598,5.220650434385003,2.708209340793579,26.49090173877881,3.4167195391213867,0.0036020181119534,0.2827337947118919,0.183926699381677,0.0,0.1947620745419123,0.0378744549836959,0.0078958900800428,1.14020572450805,0.0035027462955593,11.243346927127318,0.0588583986389704,0.0519823997533119,-6.550833605753514,426504000.0,77679000.0,-4991000.0,676343000.0,269136000.0,203725000.0,442974500.0,30.629147123087,33.26691094734242,80.46273925168637,2.9383776060862523,2.7053909556694142,1.1185301524284574,0.1510094861841651,0.1190631859150983,2015-10-22,0.87,bmo,624273333.0,2025-04-24,2015-09-30,0.0344827586206896,70.570625,233613.703125
2015-06-30,POOL,USD,945841,2015-07-31,2015-07-31 12:49:30,2015,Q2,851855000.0,603595000.0,248260000.0,0.2914345751,0,119128000.0,0.0,119128000.0,0.0,119128000.0,722723000.0,0.0,1900000.0,4230000.0,133362000.0,0.1565548127,129132000.0,0.1515891789,-1900000.0,127232000.0,0.1493587524,49493000.0,77924000.0,0.0914756619,1.8,1.75,43322000,44458000,https://www.sec.gov/Archives/edgar/data/945841/000094584115000114/0000945841-15-000114-index.htm,https://www.sec.gov/Archives/edgar/data/945841/000094584115000114/pool-2015630x10q.htm,19.663335026083747,1.79871658741517,0.0232445408799224,-0.1476386131757536,0.8989428004247265,5.972462028530539,1.7146253635566224,5.972462028530539,11.475693642952772,3040337960.0000005,3496643960.0000005,9.75417701863354,3.569079197750792,3019.2035352532275,-475.349899937461,11.750597938463086,11.750597938463086,4.104740783349279,26.21919257359668,3472.337596822245,-546.6923014383991,0.025630045417714,-0.0021037134963772,1.914091033821728,0.4455361817661675,3.4215593647365816,2.634638285667969,67.9642105263158,0.0129419475896104,0.0036995887128284,0.1443457728042708,0.1398453962235357,0.0,0.1659418738338692,7.351539225422045,0.0086904461440033,1.7501182033096927,0.0031449014210164,15.547097692642366,0.0993408790148379,0.0840491671017037,-7.809992613452749,524356000.0,74281000.0,-7709000.0,773965000.0,187307500.0,306431500.0,516311000.0,33.64988172869796,35.31858282457608,70.58139977965358,2.6746007824224955,2.5482336153469443,1.2751234784372214,0.3011683588481056,0.1708831540556761,2015-07-23,1.79,bmo,871372000.0,2025-04-24,2015-06-30,-0.0223463687150838,68.2531746031746,238278.88888888888
2015-03-31,POOL,USD,945841,2015-04-30,2015-04-30 12:54:34,2015,Q1,450430000.0,325629000.0,124801000.0,0.277070799,0,109202000.0,0.0,109202000.0,0.0,109202000.0,434831000.0,0.0,1995000.0,3989000.0,19588000.0,0.0434873343,15599000.0,0.0346313523,-1995000.0,13604000.0,0.0302022512,5292000.0,8419000.0,0.0186910286,0.19,0.19,43601000,44756000,https://www.sec.gov/Archives/edgar/data/945841/000094584115000078/0000945841-15-000078-index.htm,https://www.sec.gov/Archives/edgar/data/945841/000094584115000078/pool-2015331x10q.htm,10.330726359487167,0.1930919015618908,-1.322286186096649,-1.5240476135868444,0.1157771610742872,5.538611499736245,1.3169193367124608,5.538611499736245,9.095066626912226,3041605760.0,3431116760.0,90.31968642356574,6.752671358479675,-52.75711168542835,-45.77284815650865,12.5952145232288,12.5952145232288,7.617425038296739,175.16422095160303,-59.51323886007667,-51.63456373212942,0.0027679458366096,-0.0218470128094444,1.633859099172219,0.3638453579536966,19.885184807024707,2.002023602158836,7.819047619047619,-6.836594331791771,0.0031585290001554,1.1411093954151323,0.2424394467508825,0.0,0.1697414456102558,-0.152585294780844,0.0195302266722909,2.205314615191777,0.0048198388206824,4.905392246923187,0.0140942053048234,0.0093508703340056,-11.838243388913098,409009000.0,57419000.0,-25733000.0,655588000.0,98381000.0,306144500.0,513111000.0,11.212685655928778,103.92056604295072,154.57284209944447,8.026622948482634,0.8660460910384447,0.5822497586095913,0.0348628716007768,0.2017614274901951,2015-04-23,0.14,bmo,331873684.0,2025-04-24,2015-03-31,0.357142857142857,66.81524590163934,195907.31147540984
2014-12-31,POOL,USD,945841,2015-02-26,2015-02-26 14:49:53,2014,Q4,376442000.0,270422000.0,106020000.0,0.2816370118,0,106752000.0,38674000.0,106752000.0,0.0,106752000.0,377174000.0,0.0,1794000.0,4058000.0,3326000.0,0.0088353584,-732000.0,-0.0019445227,-1794000.0,-2526000.0,-0.0067101971,-552000.0,-2195000.0,-0.0058309115,-0.0505,-0.0505,43444000,43444000,https://www.sec.gov/Archives/edgar/data/945841/000094584115000034/0000945841-15-000034-index.htm,https://www.sec.gov/Archives/edgar/data/945841/000094584115000034/pool-12312014x10k.htm,8.664994015284044,-0.0505248135530798,1.9472194088942083,1.886428505662462,0.3413589908848172,5.624528128164994,1.3450188748734002,5.624528128164994,7.426387993739066,2756087360.0,3062095360.0,-313.905166287016,7.321413019801192,32.57979029493469,33.62968689752788,11.27916841278156,11.27916841278156,8.134308499051647,920.654046903187,36.19711992434541,37.36358640212802,-0.00079641887694,0.0297356321825734,1.3130156495547407,0.3593064236334702,92.00481058328322,2.1829240719678804,-0.4080267558528428,-42.74633653360283,0.0034559862427582,-4.339407744874715,0.283581534472774,0.0,0.2082106576387808,0.0312193392044447,0.0070156890038837,0.6508132084770824,0.0058734147624335,,-0.0009493492821447,-0.0031045885677592,-6.785522741920634,345305000.0,58433000.0,-11372000.0,587699000.0,173905000.0,195402500.0,440646500.0,33.62549874881124,78.6417525201352,155.4110982094652,2.6765402253901667,1.144430243679484,0.5791092208787867,-0.0089829426401257,0.0607909032317466,2015-02-12,-0.07,bmo,602240000.0,2025-04-24,2014-12-31,-0.2857142857142857,59.136875,201672.125
2014-09-30,POOL,USD,945841,2014-10-30,2014-10-30 13:39:15,2014,Q3,615536000.0,439292000.0,176244000.0,0.2863260638,0,117787000.0,0.0,117787000.0,0.0,117787000.0,557079000.0,0.0,1864000.0,4107000.0,62564000.0,0.1016414962,58457000.0,0.0949692626,-1864000.0,56593000.0,0.0919410075,21711000.0,34836000.0,0.0565945777,0.8,0.78,43756000,44864000,https://www.sec.gov/Archives/edgar/data/945841/000094584114000108/0000945841-14-000108-index.htm,https://www.sec.gov/Archives/edgar/data/945841/000094584114000108/pool-2014930x10q.htm,14.067465033366853,0.7961422433494835,2.013620989121492,1.9504068013529576,0.334834079897614,5.774293811134473,1.4996800438796964,5.774293811134473,9.041091507450409,2359323520.0,2738606520.0,16.931647720748654,3.832957812378155,26.777631089117904,27.64551475240796,9.337938415261616,9.337938415261616,4.449141106287853,43.77288088996868,31.082382076542427,32.08978603735558,0.0147652493202797,0.0361722329627774,1.558370933270007,0.4330426863872526,6.062320184131449,2.8056259710524163,31.361051502145923,2.520395903655816,0.0040965132242652,0.2774428751865886,0.1913568012268982,0.0,0.2057111684975077,0.0313932900531166,0.0044936445634373,0.6734842951059167,0.0035692469652465,10.17035312280266,0.0530253820657325,0.048236212884037,-6.385084331291709,419539000.0,65620000.0,-4686000.0,663839000.0,152346000.0,194030000.0,432919000.0,30.29042980426815,31.65545923895723,84.88611219871976,2.971235488620182,2.8431114936800617,1.060244104351352,0.1378769888387556,0.0632141877685346,2014-10-16,0.78,bmo,615500000.0,2025-04-24,2014-09-30,0.0,55.6771875,200884.546875
2014-06-30,POOL,USD,945841,2014-07-30,2014-07-30 13:14:42,2014,Q2,848240000.0,601264000.0,246976000.0,0.2911628784,0,124477000.0,0.0,124477000.0,0.0,124477000.0,725741000.0,0.0,1894000.0,3955000.0,126454000.0,0.1490780911,122499000.0,0.1444154956,-1894000.0,120605000.0,0.142182637,46796000.0,73863000.0,0.0870779496,1.65,1.61,44769000,45971000,https://www.sec.gov/Archives/edgar/data/945841/000094584114000082/0000945841-14-000082-index.htm,https://www.sec.gov/Archives/edgar/data/945841/000094584114000082/pool-2014630x10q.htm,18.947039245906765,1.6498693292233466,-0.302508432174049,-0.4376689226920414,0.6160959592575219,6.060376599879381,1.938662914070004,6.060376599879381,9.668855681386674,2532134640.0,2935542640.0,8.570375695544454,2.985162972743564,-186.96999483127817,-129.2301030927835,9.332753347560235,9.332753347560235,3.4607453550881826,23.21431224002404,-216.75719116886955,-149.81844646320303,0.0291702498094651,-0.0077381351253896,1.588440827519101,0.4083299224594675,3.1901561041959923,2.4819317798041203,64.67740232312566,-0.1833529642716921,0.0038864442058262,0.1332331478548123,0.1467473828161841,0.0,0.1748309722506461,-0.4467990843978439,0.0071335942657738,1.529962073324905,0.0030639913232104,14.999122081071508,0.1023177433199181,0.0848100233889792,-10.222480957805624,478292000.0,86792000.0,16910000.0,720092000.0,72610500.0,301775500.0,489405500.0,10.347814297840236,34.958703664280584,67.58367372734772,8.697488900509603,2.57446617198104,1.3316825652758428,0.2722387465584537,0.1351604905179923,2014-07-17,1.61,bmo,848200000.0,2025-04-24,2014-06-30,0.0,58.3568253968254,258022.85714285716
2014-03-31,POOL,USD,945841,2014-04-30,2014-04-30 11:43:17,2014,Q1,406344000.0,292244000.0,114100000.0,0.2807965665,0,105454000.0,0.0,105454000.0,0.0,105454000.0,397698000.0,0.0,1933000.0,3762000.0,12408000.0,0.0305357037,8646000.0,0.0212775382,-1933000.0,6713000.0,0.0165204851,2604000.0,4188000.0,0.0103065383,0.09,0.09,45178000,46375000,https://www.sec.gov/Archives/edgar/data/945841/000094584114000046/0000945841-14-000046-index.htm,https://www.sec.gov/Archives/edgar/data/945841/000094584114000046/pool-2014331x10q.htm,8.994289255832484,0.0926999867191996,-0.8266191509141617,-0.9565496480587896,0.1606312807118509,5.792155473903227,1.70731329408119,5.792155473903227,7.219509495772279,2770314960.0,3087287960.0,165.37219197707736,6.817659323135078,-74.18168322399251,-64.10540229087123,10.586732396303857,10.586732396303857,7.597720059850767,248.8143101225016,-82.66937903333779,-71.44019345134791,0.0015117414663926,-0.0155993093290735,1.2390418758932733,0.32000592183182,25.54585751128304,1.9117980280097973,4.472840144852561,-8.917144221585483,0.0030931501016043,2.046084049665712,0.2595190282125489,0.0,0.1821407422029214,-0.1571830231624046,0.0144458882129427,1.5603402445507708,0.005064674266139,3.475771360272895,0.0086033684625484,0.0050539730044469,-9.846440745495595,362964000.0,77133000.0,9517000.0,602721000.0,86490500.0,292299000.0,478250500.0,10.563611127517571,113.94649676297888,162.38951013536635,8.519813813058246,0.7898443792195717,0.5542229909122631,0.0160044023570953,0.1299304971446279,2014-04-17,0.1,bmo,451444444.0,2025-04-24,2014-03-31,-0.1,57.532459016393446,187794.4262295082
2013-12-31,POOL,USD,945841,2014-02-27,2014-02-27 15:24:50,2013,Q4,340789000.0,244996000.0,95793000.0,0.2810918193,0,102607000.0,35010000.0,102607000.0,0.0,102607000.0,347603000.0,0.0,1509000.0,3958000.0,-2856000.0,-0.0083805522,-6814000.0,-0.0199947768,-1509000.0,-8323000.0,-0.0244227366,-3218000.0,-4975000.0,-0.0145984759,-0.11,-0.11,45708000,45708000,https://www.sec.gov/Archives/edgar/data/945841/000094584114000019/0000945841-14-000019-index.htm,https://www.sec.gov/Archives/edgar/data/945841/000094584114000019/pool-12312013x10k.htm,7.455784545374989,-0.1088430909250021,1.1210728975234094,1.026231731863131,0.1751553338584055,6.261092150170649,2.2755753916163477,6.261092150170649,5.424345847554038,2657463120.0,2895884120.0,-133.54086030150754,7.797972117644642,51.86103430779439,56.6538708508325,9.285919869174162,9.285919869174162,8.497586835255833,-1013.9650280112044,56.51387767846688,61.736715628797405,-0.0018720861872205,0.0176510445796892,0.8610849040121321,0.2991486608373059,-83.48074229691876,2.189222677771631,-4.515573227302849,-10.299899497487438,0.0032692833757933,-1.7463316582914572,0.3010865961049212,0.0,0.221144239652035,0.0845985714843292,0.0127204810014407,1.0952501263264276,0.0060447960468207,,-0.0074650967096317,-0.0077541611400409,-4.835242189551063,313843000.0,104012000.0,40170000.0,548341000.0,153092500.0,178686500.0,397396500.0,33.0874235964189,78.83247073421606,157.666778233114,2.720066726795278,1.1416615407556523,0.5708241203922674,-0.0173840423227177,0.0948411656602782,2014-02-13,-0.11,bmo,340800000.0,2025-04-24,2013-12-31,-0.0,55.20078125,200189.296875
2013-09-30,POOL,USD,945841,2013-10-31,2013-10-31 17:13:40,2013,Q3,578157000.0,415600000.0,162557000.0,0.2811641129,0,109182000.0,0.0,109182000.0,0.0,109182000.0,524782000.0,0.0,1544000.0,3678000.0,57053000.0,0.0986808082,53375000.0,0.0923192143,-1544000.0,51831000.0,0.0896486594,19496000.0,32332000.0,0.0559225262,0.7,0.68,46380000,47598000,https://www.sec.gov/Archives/edgar/data/945841/000094584113000119/0000945841-13-000119-index.htm,https://www.sec.gov/Archives/edgar/data/945841/000094584113000119/pool-2013930x10q.htm,12.465653298835704,0.6971108236308754,1.8720137990513157,1.7877749029754204,0.5222509702457956,7.240858128503666,3.351832686502803,7.240858128503666,5.648792583009918,2600526600.0,2836751600.0,20.10799362860324,4.497959204852661,29.951702294296503,31.363008791924457,7.743557324964044,7.743557324964044,4.906541994648513,49.72133980684627,32.672436192757765,34.21194206254447,0.0124328664817348,0.0318846959688856,0.7755299540542714,0.3149778563602193,4.140448355038298,2.813736875328267,34.56930051813472,2.6853890882098232,0.0033885444586492,0.2725473215390325,0.1888448985310218,0.0,0.2181384346345392,0.0449990785957799,0.0067576800073336,1.06226209896683,0.0034229456704666,10.657054607606126,0.0537623212200676,0.0500107501767205,-3.198566192324278,376403000.0,155458000.0,92889000.0,608313000.0,230981000.0,191376500.0,395137500.0,28.15985969209056,30.91898460057748,79.17141482194417,3.196038651615828,2.910832977300265,1.1367739253164697,0.0962746143149381,0.0842388960758947,2013-10-17,0.72,bmo,612211764.0,2025-04-24,2013-09-30,-0.0555555555555554,54.1003125,182293.03125
2013-06-30,POOL,USD,945841,2013-07-31,2013-07-31 15:26:26,2013,Q2,790392000.0,562226000.0,228166000.0,0.2886744805,0,116173000.0,0.0,116173000.0,0.0,116173000.0,678399000.0,0.0,2081000.0,3566000.0,115559000.0,0.1462046681,111993000.0,0.1416929827,-2081000.0,109912000.0,0.1390601119,43416000.0,66533000.0,0.0841772184,1.43,1.39,46659000,47882000,https://www.sec.gov/Archives/edgar/data/945841/000094584113000088/0000945841-13-000088-index.htm,https://www.sec.gov/Archives/edgar/data/945841/000094584113000088/pool-2013630x10q.htm,16.939754388220923,1.4259414046593368,0.1501961036455989,0.0297906084571036,0.5772948412953557,7.428556119933989,3.55845603206241,7.428556119933989,6.483786622087915,2502322170.0,2775832170.0,9.402560270843042,3.1659254774845897,357.0665196917808,1800.2317769784172,7.21943795458283,7.21943795458283,3.5119689597060697,24.020908540226205,396.0947731164384,1997.0015611510792,0.0265885027905899,0.0005554840286612,0.8668153452449302,0.3034780491894518,2.366842911413217,2.338672461230616,53.81691494473811,0.1053311890340132,0.0035463059498849,0.1333774217305698,0.1469814977884391,0.0,0.1823973317414286,0.8016552511415526,0.0071078654642253,1.57543466068424,0.0027910201520258,15.438116120032625,0.1010983328742643,0.082196942554921,-4.143391414303778,428161000.0,166034000.0,104601000.0,659846000.0,234679000.0,289001000.0,459500000.0,32.00406886709379,38.414872311134665,67.98175466805164,2.812142430193835,2.342842617595093,1.3238846281544414,0.1919540462019162,0.1204054951884952,2013-07-18,1.4,bmo,796086330.0,2025-04-24,2013-06-30,-0.0071428571428571,50.6709375,238706.03125
2013-03-31,POOL,USD,945841,2013-04-30,2013-04-30 16:15:26,2013,Q1,370362000.0,265601000.0,104761000.0,0.2828610927,0,97829000.0,0.0,97829000.0,0.0,97829000.0,363430000.0,0.0,1614000.0,3394000.0,10326000.0,0.0278808301,6932000.0,0.018716823,-1614000.0,5318000.0,0.0143589245,1896000.0,3440000.0,0.0092882099,0.07,0.07,46385000,47580000,https://www.sec.gov/Archives/edgar/data/945841/000094584113000048/0000945841-13-000048-index.htm,https://www.sec.gov/Archives/edgar/data/945841/000094584113000048/pool-2013331x10q.htm,7.984520858036003,0.0741619057885092,-0.862045920017247,-0.9672954618950091,0.2775250619812439,6.143839603320039,2.246545219359706,6.143839603320039,6.040250080845101,2196793600.0,2462483600.0,159.6506976744186,5.931476771375033,-54.93906867403591,-48.96125523758581,7.708534574113452,7.708534574113452,6.648855984145242,238.4741042029828,-61.583644275496425,-54.88284746367121,0.0015659186188452,-0.0204243129623101,0.977475770399534,0.2920743598884392,25.73019562269998,1.936899527764208,4.294919454770756,-11.623837209302325,0.0033840229687486,2.161046511627907,0.2641442696604943,0.0,0.1895443202549961,-0.1220927324563597,0.0131816979063726,1.4384207424867412,0.0051436162457271,3.201854807986378,0.0076209824258375,0.0044504013123508,-5.767036757572491,345210000.0,104206000.0,44912000.0,574741000.0,151076500.0,268906500.0,447314500.0,45.756476096359776,114.5415115153934,167.50272024578223,1.966934687244416,0.78574133350689,0.5373047068605218,0.0120709378136162,0.1052495418777622,2013-04-18,0.05,bmo,264571428.0,2025-04-24,2013-03-31,0.4000000000000001,45.78433333333333,174565.41666666666
2012-12-31,POOL,USD,945841,2013-03-01,2013-03-01 16:38:52,2012,Q4,306818000.0,217880000.0,88938000.0,0.2898721718,0,99235000.0,33964000.0,99235000.0,0.0,99235000.0,317115000.0,0.0,1105000.0,3433000.0,-6864000.0,-0.0223715688,-10297000.0,-0.0335606125,-1105000.0,-11402000.0,-0.0371620961,-3276000.0,-7997000.0,-0.0260643117,-0.17,-0.17,46522000,46522000,https://www.sec.gov/Archives/edgar/data/945841/000094584113000019/0000945841-13-000019-index.htm,https://www.sec.gov/Archives/edgar/data/945841/000094584113000019/pool-12312012x10k.htm,6.595116289067538,-0.1718971669317742,-0.1171918662138343,-0.1720906237908946,0.2678947594686385,6.053544559563218,2.162138343149478,6.053544559563218,4.987102876058639,1968811040.0,2187253040.0,-61.54842565962236,6.416869414441135,-361.1172120322817,-245.91694229328004,6.990945483856077,6.990945483856077,7.128828947454191,-318.6557459207459,-401.18360968451947,-273.2017287034724,-0.0040618423188037,-0.0040664136056449,0.8199081751135383,0.2958136043127126,-31.8243006993007,2.1899385473959256,-9.318552036199096,0.6817556583718895,0.0037921363951717,-0.933600100037514,0.3234327842564647,0.0,0.2319261673430902,-0.4684519442406456,0.0083241530809796,0.7439557238566851,0.0072648931940107,,-0.0137785299855496,-0.0133385595623311,-4.31928442457332,295100000.0,100587000.0,44143000.0,522702000.0,144659000.0,181665000.0,374816500.0,33.398659791798394,82.5262988801175,165.3557921791812,2.694718906717958,1.0905614479420582,0.5442809037041478,-0.0283961182147764,0.0548987575770603,2013-02-14,-0.19,bmo,342894117.0,2025-04-24,2012-12-31,-0.1052631578947368,41.58483870967742,232741.9516129032
2012-09-30,POOL,USD,945841,2012-11-01,2012-11-01 17:24:21,2012,Q3,528027000.0,376526000.0,151501000.0,0.2869190401,0,103544000.0,0.0,103544000.0,0.0,103544000.0,480070000.0,0.0,1687000.0,3246000.0,41011000.0,0.0776683768,41011000.0,0.0776683768,-1687000.0,39324000.0,0.0744734644,17965000.0,21375000.0,0.0404808845,0.46,0.45,46574000,47787000,https://www.sec.gov/Archives/edgar/data/945841/000094584112000108/0000945841-12-000108-index.htm,https://www.sec.gov/Archives/edgar/data/945841/000094584112000108/pool-2012930x10q.htm,11.337377077339289,0.4589470520032636,1.9540730879890067,1.8639584317430329,0.6187572465324,6.709108086056598,2.8173873835187013,6.709108086056598,4.638596641903208,1934683960.0,2120216960.0,22.627882573099413,3.6639868037051135,21.258160841235483,22.28590471363406,6.191583063974141,6.191583063974141,4.0153570934819625,51.69873838726196,23.29678339504884,24.423086209279823,0.0110483161291108,0.0448714114526488,0.6859890549492751,0.2578246127236183,4.523981370851723,2.152039824155032,24.310017783046828,4.257730994152047,0.0038486906150811,0.3483508771929824,0.1960960329680111,0.0,0.2180138395901768,0.0461163181663352,0.0079484571811668,1.292975970425139,0.0036551161209559,8.323480101346192,0.0394228699412633,0.03287803977666,-3.9472291407222913,306870000.0,131217000.0,54328000.0,534766000.0,222774000.0,215766500.0,375795500.0,29.906254793788957,39.09124469492147,83.49821791855011,3.0094039063256943,2.3023058155958984,1.0778673155371072,0.0684065670304349,0.0901146562459741,2012-10-18,0.56,bmo,501152542.0,2025-04-24,2012-09-30,0.0535714285714284,39.00587301587301,258780.9523809524
2012-06-30,POOL,USD,945841,2012-07-27,2012-07-27 17:10:59,2012,Q2,757175000.0,534770000.0,222405000.0,0.2937299832,0,114271000.0,0.0,114271000.0,0.0,114271000.0,649041000.0,0.0,2200000.0,3213000.0,108134000.0,0.1428124278,108134000.0,0.1428124278,-2200000.0,105934000.0,0.1399068907,41018000.0,64943000.0,0.0857701324,1.38,1.34,47142000,48288000,https://www.sec.gov/Archives/edgar/data/945841/000094584112000085/0000945841-12-000085-index.htm,https://www.sec.gov/Archives/edgar/data/945841/000094584112000085/poolq2201210q.htm,16.06157990751347,1.3776038352212463,1.4328624156802852,1.372215858470154,1.0672224343472911,6.414195409613508,2.413516609392898,6.414195409613508,6.619044588689492,1907365320.0,2166889320.0,7.342459233481668,2.5190548023904644,28.23718422455143,29.48515698186709,6.307883906897989,6.307883906897989,2.861807798725526,20.03892688701056,32.07925208740451,33.49702917033808,0.0340485376970154,0.0339153697100878,1.0246611856682697,0.3076769538457261,2.400022194684373,2.088823651813984,49.15181818181818,1.0401120983015877,0.0039609611859777,0.1163327841337788,0.1509175553867996,0.0,0.1872863733771328,0.0423254574524782,0.0037758774391653,0.8898225957049486,0.0029121405223363,14.100175687316696,0.1017241869534264,0.0793522593699521,-5.316389843451699,387214000.0,113778000.0,38204000.0,621223000.0,235940500.0,293726000.0,432538000.0,32.103555981114006,45.10181947379247,67.70002056959066,2.80342775899796,1.9954849061532147,1.3293939830858188,0.2147742229924134,0.060646557210131,2012-07-19,1.35,bmo,757200000.0,2025-04-24,2012-06-30,0.0,37.08492063492064,268165.7777777777
2012-03-31,POOL,USD,945841,2012-05-01,2012-05-01 17:19:51,2012,Q1,361954000.0,257391000.0,104563000.0,0.2888847754,0,98542000.0,0.0,98542000.0,0.0,98542000.0,355933000.0,0.0,1477000.0,2984000.0,6021000.0,0.0166347105,6021000.0,0.0166347105,-1477000.0,4544000.0,0.0125540815,1037000.0,3651000.0,0.0100869171,0.08,0.08,47519000,48598000,https://www.sec.gov/Archives/edgar/data/945841/000094584112000047/0000945841-12-000047-index.htm,https://www.sec.gov/Archives/edgar/data/945841/000094584112000047/poolq1201210q.htm,7.617037395568088,0.0768324249247669,-0.716071466150382,-0.8562469748942528,0.4352153875291988,5.925335129106252,1.95176666175635,5.925335129106252,6.324017761316526,1778160980.0,2056513980.0,121.75848945494386,4.9126711681594895,-52.25735386604755,-43.70234418010224,6.315254611707379,6.315254611707379,5.681699829260071,341.5568809167912,-60.43771064154936,-50.54350127801809,0.0020532449204908,-0.0228820677416956,1.0620387404729263,0.3069329186617604,46.2303604052483,2.00610643861757,4.076506431956669,-9.31991235278006,0.0037499416953801,1.826348945494385,0.2722500649253772,0.0,0.1938076396052408,-0.1957563111646633,0.0184028909750962,2.2322386058981234,0.0058046050050558,3.2005158951918453,0.0074882475387581,0.0046483203788934,-6.087438708727036,355885000.0,92746000.0,16911000.0,590060000.0,155532500.0,248449500.0,424867000.0,50.175657680257714,111.7039057309696,161.82733662016153,1.7936984617824294,0.8057014605806011,0.5561483114020872,0.0129667644530944,0.1401755087438708,2012-04-19,0.00875,bmo,45249999.0,2025-04-24,2012-03-31,8.142857142857142,35.09032258064516,217773.67741935485
2011-12-31,POOL,USD,945841,2012-02-29,2012-02-29 16:49:37,2011,Q4,270422000.0,189587000.0,80835000.0,0.2989216854,0,95178000.0,0.0,95178000.0,0.0,95178000.0,284765000.0,0.0,2854000.0,2991000.0,-11352000.0,-0.0419788331,-14343000.0,-0.0530393237,-2854000.0,-17197000.0,-0.0635931988,-7058000.0,-10115000.0,-0.0374045011,-0.21,-0.21,47519000,47519000,https://www.sec.gov/Archives/edgar/data/945841/000094584112000018/0000945841-12-000018-index.htm,https://www.sec.gov/Archives/edgar/data/945841/000094584112000018/pool201110k.htm,5.690818409478314,-0.2128622235316399,0.9076159010080178,0.8551105873440098,0.3680001683537111,5.887034659820283,1.913024263978619,5.887034659820283,5.26475725499274,1430321900.0,1660156900.0,-35.35150519031142,5.289221660959537,33.16380857427717,35.2001255106561,5.112930658525949,5.112930658525949,6.139134020161082,-146.2435606060606,38.492821535393816,40.85634936260275,-0.0070718346688252,0.0284089896127578,0.8840948574778549,0.3096859340213518,-20.24621212121212,2.330451318348588,-5.025578135949544,-4.263865546218487,0.0046646842224816,-0.6596144340088976,0.3519610090894972,0.0,0.2364585498521202,0.0578497066938718,0.009226320343759,0.8341691741892344,0.0077286611296418,,-0.0148935073977805,-0.016587922549243,-4.755408362970601,307144000.0,90905000.0,19125000.0,537379000.0,134960000.0,148829000.0,362311000.0,36.36749228982849,84.23219946515322,183.6790497238735,2.4747375838496244,1.0684750080310197,0.4899851133555943,-0.0361578002902633,0.052505313664008,2012-02-16,-0.22,bmo,283276190.0,2025-04-24,2011-12-31,-0.0454545454545455,29.01063492063492,271528.14285714284
2011-09-30,POOL,USD,945841,2011-10-31,2011-10-31 17:30:23,2011,Q3,503584000.0,355678000.0,147906000.0,0.2937067103,0,106993000.0,0.0,106993000.0,0.0,106993000.0,462671000.0,0.0,1641000.0,2946000.0,40913000.0,0.0812436455,40913000.0,0.0812436455,-1641000.0,39272000.0,0.0779850035,15126000.0,24169000.0,0.0479939792,0.5,0.5,47987000,48772000,https://www.sec.gov/Archives/edgar/data/945841/000094584111000096/0000945841-11-000096-index.htm,https://www.sec.gov/Archives/edgar/data/945841/000094584111000096/poolq3201110q.htm,10.494175505866172,0.5036572405026362,1.0609748473544918,0.9665326025798654,0.4304499135182445,6.345447725425636,2.37626857273845,6.345447725425636,5.63408839894138,1256299660.0,1504365660.0,12.994948694608796,2.494717187202135,24.67542003024768,27.086515167848905,4.125792399975041,4.125792399975041,2.987318222977696,36.76986923471757,29.54777090330564,32.43495526185291,0.0192382444806201,0.0369187395943416,0.8825053612655542,0.3366549237545915,6.063256177743016,2.80947418582852,24.931748933577087,2.10654143737846,0.0053522262355782,0.2782076213331126,0.2124630647518586,0.0,0.2386195647271652,0.0890145935222831,0.0089994916438965,1.538357094365241,0.0040886922539238,8.479884465644925,0.0414228075133999,0.0397684547580144,-3.8285942025965367,345539000.0,114030000.0,42787000.0,576782000.0,213339500.0,184062500.0,363730500.0,28.71066197496346,30.42046457751112,85.45037927563695,3.1347239599868035,2.958534698596751,1.0532428382756192,0.0793730028670045,0.0944422447746264,2011-10-20,0.48,bmo,483456000.0,2025-04-24,2011-09-30,0.0416666666666667,26.54015625,352429.625
2011-06-30,POOL,USD,945841,2011-07-29,2011-07-29 17:19:29,2011,Q2,706423000.0,494984000.0,211439000.0,0.2993093373,0,113518000.0,0.0,113518000.0,0.0,113518000.0,608502000.0,0.0,1824000.0,2717000.0,97921000.0,0.1386152489,97921000.0,0.1386152489,-1824000.0,96097000.0,0.1360332266,37670000.0,58577000.0,0.0829205731,1.21,1.19,48231000,49116000,https://www.sec.gov/Archives/edgar/data/945841/000094584111000083/0000945841-11-000083-index.htm,https://www.sec.gov/Archives/edgar/data/945841/000094584111000083/poolq2201110q.htm,14.646658787916484,1.2145093404656755,0.3771225974995335,0.2489685057328274,0.7716613796106239,6.28135431568908,2.3266985963384545,6.28135431568908,6.383985403578611,1437766110.0,1706630110.0,6.136222877579937,2.0352764703301,79.04591291439881,119.73401982011993,4.745791831157,4.745791831157,2.4158756297572417,17.428642579222025,93.82759415031065,142.1244262158561,0.0407416752923742,0.0083518452107624,1.010318330054529,0.3153696357735305,2.745723593509054,1.6620633061433472,53.68475877192982,0.3105143657066767,0.0046968696459259,0.1152841558973658,0.1606940883861369,0.0,0.1965246509710988,0.3398207707955357,0.0087497151140322,2.274935590725065,0.0031029567270601,13.10141894840106,0.1096792714616469,0.0751167267024273,-4.8925068939064085,283185000.0,112219000.0,43322000.0,512654000.0,219909500.0,275649500.0,414277000.0,33.89312069397514,45.07491151229131,70.86829069222439,2.6554061165574065,1.996676132696528,1.2699614894179283,0.1933515097902005,0.128154091766706,2011-07-21,1.15,bmo,682655462.0,2025-04-24,2011-06-30,0.0347826086956522,28.104603174603174,245252.07936507935
2011-03-31,POOL,USD,945841,2011-04-29,2011-04-29 16:21:52,2011,Q1,312889000.0,221479000.0,91410000.0,0.2921483338,0,90834000.0,0.0,90834000.0,0.0,90834000.0,312313000.0,0.0,1645000.0,2651000.0,576000.0,0.0018409084,576000.0,0.0018409084,-1645000.0,-1069000.0,-0.0034165471,-419000.0,-638000.0,-0.0020390618,-0.0131,-0.0131,48864000,48864000,https://www.sec.gov/Archives/edgar/data/945841/000094584111000053/0000945841-11-000053-index.htm,https://www.sec.gov/Archives/edgar/data/945841/000094584111000053/poolq1201110q.htm,6.403262115258677,-0.0130566470203012,-0.7598231827111984,-0.887647347740668,0.2337098886705959,5.127906024885396,1.2167853634577603,5.127906024885396,5.7683775376555335,1178111040.0,1446912040.0,-461.64225705329153,3.765268321992784,-31.731066580478345,-27.16168764697745,4.70172422875843,4.70172422875843,4.6243621220304965,2512.0000694444443,-38.970912518853694,-33.358971734218656,-0.0005415448784861,-0.036816563572819,1.118334198028495,0.3125223751258862,466.66840277777777,1.482028874940759,0.3501519756838905,58.19435736677116,0.0053653686158479,-9.907523510971789,0.2903074253169654,0.0,0.2131428004233569,-0.1682288299935359,0.0199623508656424,2.356092040739344,0.0060468728526729,,0.0006208147155797,-0.0009042847221237,-5.830821259004584,208504000.0,59457000.0,-5014000.0,434363000.0,137665000.0,236547500.0,393115000.0,49.98843040183579,123.2873094063094,178.30670176404985,1.8004166019322505,0.7300021424215956,0.5047482742353421,-0.0025461946761384,0.1278241650294695,2011-04-21,-0.08,bmo,2503200000.0,2025-04-24,2011-03-31,-0.83675,24.293225806451613,260638.70967741936
2010-12-31,POOL,USD,945841,2011-03-01,2011-03-01 16:22:09,2010,Q4,241426000.0,167859000.0,73567000.0,0.3047186301,0,90350000.0,0.0,90350000.0,0.0,90350000.0,258209000.0,0.0,1961000.0,2769000.0,-14014000.0,-0.0580467721,-16783000.0,-0.069516125,-1961000.0,-18744000.0,-0.0776386967,-6951000.0,-11805000.0,-0.0488969705,-0.24,-0.24,48864000,48864000,https://www.sec.gov/Archives/edgar/data/945841/000094584111000020/0000945841-11-000020-index.htm,https://www.sec.gov/Archives/edgar/data/945841/000094584111000020/pool201010k.htm,4.940774394237066,-0.2415888998035363,0.5876923706614277,0.5574451538965292,0.1989399148657498,5.836239358218729,1.9175875900458417,5.836239358218729,4.109262442698101,1101394560.0,1290507560.0,-23.32474714104193,4.562037891527838,38.35339903193231,40.43447116267117,3.862076007602163,3.862076007602163,5.345354518568837,-92.08702440416728,44.93880140683219,47.37720033775102,-0.0107182298049483,0.0247313732873349,0.6972179169793324,0.2729193117789567,-13.494576851719708,2.252985279240609,-8.558388577256501,-2.4326132994493856,0.0058453166865106,-0.5453621346886912,0.3742347551630727,0.0,0.2628265927293441,0.0514677717031723,0.006121958695418,0.5337667027807873,0.0077787810757747,,-0.0204184441548459,-0.0219806205591884,-3.760749222331369,265054000.0,93701000.0,33229000.0,487220000.0,128397500.0,148847500.0,327024000.0,37.8537108679264,90.98707844083428,186.28438153450216,2.3775740326758124,0.9891514437242191,0.4831322908481776,-0.0413946181736575,0.0302472167648984,2011-02-17,-0.24,bmo,241400000.0,2025-04-24,2010-12-31,-0.0,21.468125,263498.875
2010-09-30,POOL,USD,945841,2010-10-29,2010-10-29 15:51:18,2010,Q3,455020000.0,324151000.0,130869000.0,0.2876115336,0,93822000.0,0.0,93822000.0,0.0,93822000.0,417973000.0,0.0,376000.0,2900000.0,37047000.0,0.0814183992,37047000.0,0.0814183992,-376000.0,36671000.0,0.0805920619,13902000.0,22784000.0,0.0500725243,0.46,0.45,49615000,50168000,https://www.sec.gov/Archives/edgar/data/945841/000094584110000089/0000945841-10-000089-index.htm,https://www.sec.gov/Archives/edgar/data/945841/000094584110000089/poolq3201010q.htm,9.171016829587826,0.4592159629144412,0.7362088078202157,0.705653532197924,0.6562733044442205,6.253451577144009,2.3949410460546208,6.253451577144009,4.671349390305351,995773050.0,1194605050.0,10.92623167573736,2.1884160036921454,27.2612875407233,28.44171974522293,3.2094275860957566,3.2094275860957566,2.625390202628456,32.24566226685022,32.704712952062856,34.12084916169204,0.0228807156409786,0.0351596179470814,0.7457915008138204,0.3024551368605148,5.367020271546954,2.4805912733403748,98.52925531914892,1.6031864466292134,0.0064773795595291,0.2830933988764045,0.2061931343677201,0.0,0.2502323380593922,0.041503545322638,0.0033317216825634,0.5227586206896552,0.0041272911080831,8.038215456155855,0.0402958064517996,0.039720436743496,-3.073254056232994,305597000.0,118825000.0,57215000.0,528365000.0,196945000.0,174684500.0,319073000.0,30.707837018153047,35.53760438807839,85.12949211941348,2.9308479117821347,2.532528614399,1.0572129324318595,0.0734339999677694,0.0305552756222916,2010-10-21,0.43,bmo,434777777.0,2025-04-24,2010-09-30,0.0465116279069767,20.68703125,356722.09375
2010-06-30,POOL,USD,945841,2010-08-02,2010-08-02 17:01:27,2010,Q2,647467000.0,456933000.0,190534000.0,0.2942760017,0,101665000.0,0.0,101665000.0,0.0,101665000.0,558598000.0,0.0,1928000.0,2868000.0,88869000.0,0.1372564162,88869000.0,0.1372564162,-1928000.0,86941000.0,0.1342786582,34167000.0,52770000.0,0.0815022233,1.07,1.05,49513000,50445000,https://www.sec.gov/Archives/edgar/data/945841/000094584110000076/0000945841-10-000076-index.htm,https://www.sec.gov/Archives/edgar/data/945841/000094584110000076/poolq2201010q.htm,13.07670712742108,1.0657807040575202,1.090602468038697,1.0511986750954294,0.7469755417769071,5.886353078989356,2.0096338335386665,5.886353078989356,5.418354775513501,1085324960.0,1314690960.0,5.141770703050977,1.6762629755647778,20.098982573751368,20.85238549031663,3.7238676827322608,3.7238676827322608,2.0305142347023093,14.793583364277756,24.34657975147688,25.25920227482324,0.0486213824843759,0.0479561439368352,0.913879176945696,0.3027159663177897,2.580944986440716,1.977946335450839,46.093879668049794,1.0232897479628578,0.0059337067121353,0.1220390373318173,0.1570195855541672,0.0,0.218154706769515,0.0361302987092353,0.003013280985749,0.6802649930264993,0.0033407108007049,11.880872627853126,0.0917918292901322,0.0767091665782362,-4.174418839496698,309432000.0,99503000.0,37422000.0,533542000.0,198103000.0,236482000.0,356958500.0,33.17145120909637,43.603022762636975,65.30132426417002,2.713176442980582,2.0640770822228447,1.3782262613222658,0.1810595949233318,0.0394037929432674,2010-07-22,1.03,bmo,635166666.0,2025-04-24,2010-06-30,0.0194174757281553,23.887619047619047,458385.77777777775
2010-03-31,POOL,USD,945841,2010-04-30,2010-04-30 17:17:45,2010,Q1,269833000.0,193541000.0,76292000.0,0.2827378416,0,84180000.0,0.0,84180000.0,0.0,84180000.0,277721000.0,0.0,2354000.0,2791000.0,-5097000.0,-0.0188894613,-7888000.0,-0.0292328959,-2354000.0,-10242000.0,-0.0379568103,-4025000.0,-6111000.0,-0.0226473411,-0.12,-0.12,49194000,49194000,https://www.sec.gov/Archives/edgar/data/945841/000094584110000050/0000945841-10-000050-index.htm,https://www.sec.gov/Archives/edgar/data/945841/000094584110000050/poolq1201010q.htm,5.485079481237549,-0.124222466154409,-0.5139651176972801,-0.5776517461479043,0.2336463796397934,4.936475993007277,1.0665528316461357,4.936475993007277,5.70652925153474,1113752160.0,1380631160.0,-45.56341678939617,4.127560972898052,-44.04968201233982,-39.19316465496006,4.5862676192633165,4.5862676192633165,5.11661346091842,-270.8713282322935,-54.60493434583135,-48.58469085406623,-0.0054868580456894,-0.0255146530984056,1.146299079659865,0.3362553179153047,-52.36001569550716,1.8376718320020944,-3.35089209855565,4.13745704467354,0.0057625028534175,-1.0502372770414008,0.3119707374561303,0.0,0.2299622400834921,-0.1239123556399303,0.0116108852512479,1.1225367251881049,0.0069339183865576,,-0.0086923091283364,-0.0095861079084213,-5.369699556856527,262394000.0,52468000.0,-9381000.0,484977000.0,126966000.0,214990500.0,368954000.0,52.55517301442003,116.99381526394924,177.81348654806993,1.7124860377741673,0.7692714336817839,0.5061483341178932,-0.0251641993864399,0.063686628450624,2010-04-22,-0.15,bmo,337250000.0,2025-04-24,2010-03-31,-0.2,20.50655737704918,384635.868852459
2009-12-31,POOL,USD,945841,2010-03-01,2010-03-01 16:03:03,2009,Q4,231032000.0,163963000.0,67069000.0,0.2903017764,0,88845000.0,0.0,88845000.0,0.0,88845000.0,252808000.0,0.0,686000.0,2909000.0,-18867000.0,-0.0816640119,-21776000.0,-0.0942553413,-686000.0,-22462000.0,-0.0972246269,-8829000.0,-13606000.0,-0.0588922747,-0.28,-0.28,48967000,49194000,https://www.sec.gov/Archives/edgar/data/945841/000094584110000036/0000945841-10-000036-index.htm,https://www.sec.gov/Archives/edgar/data/945841/000094584110000036/pool2009.htm,4.7181162823942655,-0.2778605999959156,0.5345436722690792,0.5141625993015705,0.3235444278800008,5.150141932321768,1.2528233299977536,5.150141932321768,5.097759715726919,934290360.0,1167383360.0,-17.16688152285756,4.043986807022403,35.69399656160458,37.10888350478611,3.704752267166824,3.704752267166824,5.052907649156826,-61.87434992314624,44.599173256924544,46.36705564602614,-0.0145629245280878,0.0269477253302709,0.9871087724585328,0.3349970865254831,-12.354534372184236,1.8859596258152185,-31.74344023323615,-1.92378362487138,0.0068126572557165,-0.4678083198588857,0.3845571176287267,0.0,0.2568163865110839,0.0381279847182426,0.0043197479137089,0.3430732210381574,0.0074491845285501,,-0.0248984439134617,-0.0246369909770596,-4.5955847815876,230804000.0,61347000.0,405000.0,453076000.0,123048500.0,158076000.0,336852500.0,37.53921534679179,97.91959161518147,195.1508572055891,2.397492839649661,0.9191214803437392,0.4611816790801287,-0.0539520276620127,0.0203810729675087,2010-02-18,-0.24,bmo,205333333.0,2025-04-24,2009-12-31,0.1250000000000001,20.17109375,414098.34375
2009-09-30,POOL,USD,945841,2009-10-30,2009-10-30 15:38:37,2009,Q3,430054000.0,306660000.0,123394000.0,0.286926758,0,91252000.0,0.0,91252000.0,0.0,91252000.0,397912000.0,0.0,2504000.0,2837000.0,32142000.0,0.0747394513,32142000.0,0.0747394513,-2504000.0,29638000.0,0.0689169267,11648000.0,-9322000.0,-0.0216763476,-0.19,-0.19,48799000,48799000,https://www.sec.gov/Archives/edgar/data/945841/000094584109000058/0000945841-09-000058-index.htm,https://www.sec.gov/Archives/edgar/data/945841/000094584109000058/poolq3200910q.htm,8.812762556609767,-0.191028504682473,1.0546117748314514,1.0483821389782575,0.6238242586938257,5.528965757495031,1.7922293489620689,5.528965757495031,5.655300313531015,1084313780.0,1327340780.0,-29.079429843381245,2.521343319676134,21.069364604383647,21.19456176700547,4.018834801043705,4.018834801043705,3.086451422379515,41.29614771949474,25.791636483755635,25.944894057857702,-0.0085971424249537,0.0471819144454661,1.0135689082606891,0.3593741581346695,7.56104162777674,2.252721773314854,12.83626198083067,-5.520703711649861,0.0058507049500007,-0.6805406565114782,0.2121873067103201,0.0,0.2396305188584404,0.0059070418156381,0.0007068879722081,0.1071554458935495,0.0041227380747534,,0.036706356244699,-0.0161110246971189,-3.8796030656365903,287432000.0,87459000.0,25727000.0,501939000.0,191510500.0,165882500.0,321687500.0,31.33552995670311,40.43073762473097,93.38006261005674,2.872139074218776,2.226029137419153,0.9638031661622304,-0.0345504951669335,0.0062296358531937,2009-10-27,0.41,bmo,503831428.0,2025-04-24,2009-09-30,-0.1463414634146341,21.7121875,666650.0
2009-06-30,POOL,USD,945841,2009-07-30,2009-07-30 15:10:28,2009,Q2,602082000.0,424014000.0,178068000.0,0.2957537345,0,96348000.0,0.0,96348000.0,0.0,96348000.0,520362000.0,0.0,3150000.0,2928000.0,81720000.0,0.1357290203,81720000.0,0.1357290203,-3150000.0,78570000.0,0.1304971748,30878000.0,48366000.0,0.0803312506,1.0,0.99,48536000,48844000,https://www.sec.gov/Archives/edgar/data/945841/000094584109000043/0000945841-09-000043-index.htm,https://www.sec.gov/Archives/edgar/data/945841/000094584109000043/poolq20910q.htm,12.404854128894018,0.9964974451953188,1.6807730344486569,1.639875556288116,0.859712378440745,5.752163342673479,1.980282676776001,5.752163342673479,6.949048129223669,803756159.9999999,1096158160.0,4.154551544473391,1.3349612843433285,9.85260928191424,10.098327239832647,2.878916855011157,2.878916855011157,1.82061274045728,13.41358492413118,13.436933486969526,13.772042265023304,0.0601749664973018,0.0990263017082195,1.1967928306117406,0.373370626182396,3.5780959373470385,2.017543003775941,25.942857142857143,1.686680726129926,0.0078655695777186,0.1307116569490964,0.1600247142415817,0.0,0.2045728065401794,0.0243325406359557,0.0032968931142269,0.6779371584699454,0.0026806979780162,11.356511863010864,0.0844430624468722,0.0679462847011984,-4.871023570133509,312867000.0,96115000.0,4628000.0,530102000.0,196803000.0,197652000.0,361530500.0,34.872193488594576,41.178734664421455,69.02559821137982,2.5808528514111315,2.1855941114616195,1.3038641074053343,0.173238725298814,0.0408974781605406,2009-07-23,0.89,bmo,541281818.0,2025-04-24,2009-06-30,0.1123595505617977,16.735714285714284,500738.77777777775
2009-03-31,POOL,USD,945841,2009-05-01,2009-05-01 17:25:04,2009,Q1,276626000.0,195433000.0,81193000.0,0.2935118174,0,84839000.0,0.0,84839000.0,0.0,84839000.0,280272000.0,0.0,3327000.0,2871000.0,-775000.0,-0.0028016166,-3646000.0,-0.0131802506,-3327000.0,-6973000.0,-0.0252073196,-2740000.0,-6236000.0,-0.0225430726,-0.13,-0.13,48287000,48287000,https://www.sec.gov/Archives/edgar/data/945841/000094584109000017/0000945841-09-000017-index.htm,https://www.sec.gov/Archives/edgar/data/945841/000094584109000017/poolq1200910q.htm,5.728788286702425,-0.1291444902354671,-0.9519539420547972,-1.0323275415743367,0.2713566798517199,4.793836850498064,1.0045975107171703,4.793836850498064,7.966139954853273,647045800.0,1015276800.0,-25.9399374599102,2.3390635731999163,-14.076311266778342,-12.980376344086022,2.795255745636772,2.795255745636772,3.670214658058173,-1310.0345806451612,-22.08707986163987,-20.367453057294178,-0.0096376485250348,-0.0770393687742042,1.6473734231899084,0.4414737634221874,-475.1367741935484,2.35689168500622,-1.0958821761346558,7.371231558691469,0.009704104408065,-1.0068954457985888,0.3066920679907167,0.0,0.211827154062111,-0.0844301346618226,0.0140297730509785,1.351793800069662,0.0047754007215518,,-0.0036109336602168,-0.0091597581682833,-6.213307929670512,340341000.0,48509000.0,-41130000.0,557989000.0,137951000.0,187494000.0,401888500.0,52.15930534367703,92.70184666867928,183.22222961321785,1.725483102334111,0.9708544461003478,0.4912067721803736,-0.0269396924140314,0.0803735995195394,2009-04-23,-0.11,bmo,234046153.0,2025-04-24,2009-03-31,0.1818181818181818,14.92983606557377,591879.7540983607
2008-12-31,POOL,USD,945841,2009-03-02,2009-03-02 16:59:19,2008,Q4,258966000.0,183644000.0,75322000.0,0.2908567148,0,90650000.0,0.0,90650000.0,0.0,90650000.0,274294000.0,0.0,18912000.0,3076000.0,-12252000.0,-0.04731123,-15328000.0,-0.0591892372,-4212000.0,-19540000.0,-0.0754539206,-7486000.0,-14795000.0,-0.057131052,-0.31,-0.31,48287000,48287000,https://www.sec.gov/Archives/edgar/data/945841/000094584109000010/0000945841-09-000010-index.htm,https://www.sec.gov/Archives/edgar/data/945841/000094584109000010/pool200810k.htm,5.363058380102305,-0.3063971669393418,0.346822126038064,0.3053202725371218,0.3264232609190879,5.006192142812766,1.218298921034647,5.006192142812766,7.18236792511442,867717390.0,1179858390.0,-14.66234183845894,3.3507000532888487,51.81330327819908,58.85622939700197,3.5895545930651043,3.5895545930651043,4.556035888881166,-96.29924828599412,70.45192512091718,80.0283788916774,-0.0170504823004642,0.0169905549547647,1.3564620616049046,0.3946330872565609,-25.47673849167483,2.122992695164168,-0.8104906937394247,-1.131936465021967,0.0071958912797633,-0.422034471105103,0.3500459519782519,0.0,0.2201283899743172,0.1196632232638681,0.007738467598063,0.6514954486345904,0.0259068758060903,,-0.0158780789063445,-0.0228317901234567,-5.876633462422598,294552000.0,58828000.0,-32328000.0,510506000.0,147255500.0,151008500.0,375929000.0,40.16959755334677,85.12077715580143,198.9297771775827,2.240500415282392,1.0573211735986363,0.4524209561631281,-0.0612036370556065,0.0415018535009422,2009-02-19,-0.26,bmo,217225806.0,2025-04-24,2008-12-31,0.1923076923076922,16.959375,606139.71875
2008-09-30,POOL,USD,945841,2008-10-31,2008-10-31 12:47:23,2008,Q3,493530000.0,351730000.0,141800000.0,0.2873178935,0,103183000.0,0.0,103183000.0,0.0,103183000.0,454913000.0,0.0,4589000.0,3425000.0,38617000.0,0.0782465098,38617000.0,0.0782465098,-4589000.0,34028000.0,0.0689481896,13675000.0,22060000.0,0.0446983973,0.46,0.45,47824000,49060000,https://www.sec.gov/Archives/edgar/data/945841/000094584108000064/0000945841-08-000064-index.htm,https://www.sec.gov/Archives/edgar/data/945841/000094584108000064/poolq30810q.htm,10.319713951154233,0.4612746738039478,2.335584643693543,2.3065615590498494,0.5285630645700903,5.650405654064905,1.867890598862496,5.650405654064905,7.160630645700904,1115733920.0,1428316920.0,12.64431006346328,2.2607215772090856,9.988933632953437,10.114622741571404,4.12890709593857,4.12890709593857,2.894083277612303,36.98673951886475,12.787424192234347,12.94832624717838,0.0197717391257585,0.0988667620681461,1.250295124433343,0.4013153831169139,8.094440272418883,2.079754038852182,8.415123120505557,5.063327289211242,0.0055891462007357,0.2826835902085222,0.2090713837051445,0.0,0.214869269400535,0.0124264751962899,0.0028123923571008,0.4052554744525547,0.0,7.657920935940927,0.0405823970885919,0.0333742316437943,-5.00196031281365,294477000.0,89330000.0,-4456000.0,508267000.0,228790500.0,160996000.0,365601000.0,32.62908029906996,32.83657919426833,88.51948938105934,2.758275721383581,2.740845794793071,1.0167252503295332,0.0816356739753908,0.0290230846436935,2008-10-23,0.44,bmo,482533333.0,2025-04-24,2008-09-30,0.0227272727272727,22.1209375,614215.375
2008-06-30,POOL,USD,945841,2008-07-31,2008-07-30 17:33:12,2008,Q2,692972000.0,490220000.0,202752000.0,0.2925832501,0,112762000.0,0.0,112762000.0,0.0,112762000.0,602982000.0,0.0,5087000.0,3502000.0,89990000.0,0.1298609468,89990000.0,0.1298609468,-5087000.0,84903000.0,0.1225201018,32811000.0,52875000.0,0.0763017842,1.11,1.09,47718000,48716000,https://www.sec.gov/Archives/edgar/data/945841/000094584108000052/0000945841-08-000052-index.htm,https://www.sec.gov/Archives/edgar/data/945841/000094584108000052/poolq20810q.htm,14.522234796093716,1.108072425499811,-0.4133031560417453,-0.4505218156670438,0.5543610377635274,5.334045852718052,1.5234921832432209,5.334045852718052,9.371977031728068,847471680.0000001,1263143680.0,4.006958297872341,1.2229522693557606,-42.97087922117432,-39.42095450739604,3.329555180135937,3.329555180135937,1.8227918011117328,14.036489387709745,-64.04744346415171,-58.75633454274816,0.0623914653997641,-0.0253672193506218,1.7370251050956664,0.4488328062900041,4.619091010112235,1.820234903710987,17.690190682130922,-0.3729929078014184,0.0073359383525358,0.117579196217494,0.1627223033542481,0.0,0.1845907081330484,-0.0900517188926072,0.0025628741132397,0.5071387778412336,0.0,11.531975343770958,0.0766170967226609,0.0658285432563559,-6.338331447252609,320337000.0,72698000.0,-19645000.0,536061000.0,242420500.0,263383500.0,431008000.0,36.19029340290805,35.554791726163764,70.72991718004161,2.4868546656426966,2.53130437925675,1.2724459972278317,0.2077358268180568,0.0372186596252986,2008-07-24,1.07,bmo,680284403.0,2025-04-24,2008-06-30,0.0186915887850467,20.630625,613832.453125
2008-03-31,POOL,USD,945841,2008-05-01,2008-05-01 13:14:30,2008,Q1,338215000.0,242861000.0,95354000.0,0.2819330899,0,93157000.0,0.0,93157000.0,0.0,93157000.0,336018000.0,0.0,5024000.0,3451000.0,2197000.0,0.006495868,2197000.0,0.006495868,-5024000.0,-2827000.0,-0.0083585885,-1089000.0,-3184000.0,-0.0094141301,-0.0668,-0.0668,47648000,47648000,https://www.sec.gov/Archives/edgar/data/945841/000094584108000029/0000945841-08-000029-index.htm,https://www.sec.gov/Archives/edgar/data/945841/000094584108000029/poolq10810q.htm,7.098199294828744,-0.0668233713901947,-0.3240429818670248,-0.3625545668233714,0.135913364674278,4.225780725319006,0.3879911014103425,4.225780725319006,8.421885493619879,900070720.0,1289856720.0,-70.67138190954775,2.6612383247342666,-58.29473575129534,-52.102501881331406,4.470179885771046,4.470179885771046,3.8137182561388463,587.0990987710514,-83.53994300518134,-74.66609088277858,-0.0035374998089039,-0.0191929363061604,1.9680258256766825,0.403137100105194,177.41738734638142,1.6340404636537167,0.4373009554140127,4.849246231155779,0.0063706105226931,-1.8008793969849246,0.275437221885487,0.0,0.1860356520093677,-0.1188471502590673,0.0054255429238797,0.5317299333526514,0.0067117070502491,,0.0021815569790623,-0.0039795871178365,-8.019240052048355,275029000.0,18487000.0,-72795000.0,492849000.0,173652000.0,263641000.0,428210500.0,54.86696332214716,123.44246297264692,176.6780998184147,1.6403313496971197,0.7290846102118257,0.5094009958930946,-0.0158132604916811,0.0385115849563465,2008-04-24,-0.06,bmo,289885714.0,2025-04-24,2008-03-31,0.1666666666666668,20.0044262295082,623369.3114754099
2007-12-31,POOL,USD,945841,2008-02-29,2008-02-29 16:53:34,2007,Q4,300755000.0,221319000.0,79436000.0,0.2641219597,0,92232000.0,0.0,92232000.0,0.0,92232000.0,313551000.0,0.0,5383000.0,3450000.0,-9346000.0,-0.0310751276,-12796000.0,-0.0425462586,-5383000.0,-18179000.0,-0.0604445479,-6964000.0,-11589000.0,-0.0385330252,-0.24,-0.24,47432000,48623000,https://www.sec.gov/Archives/edgar/data/945841/000094584108000016/0000945841-08-000016-index.htm,https://www.sec.gov/Archives/edgar/data/945841/000094584108000016/pool200710k.htm,6.340761511216057,-0.2443287232248271,0.8046044864226682,0.7789045370214202,0.333635520323832,4.4019016697588125,0.8230730308652386,4.4019016697588125,7.519691347613426,940576560.0,1276042560.0,-20.290287341444472,3.127384615384615,24.645649303008067,25.458832318311,4.50487118697645,4.50487118697645,4.242797492976011,-136.533550181896,33.43576564301436,34.53897848152659,-0.0123211660728606,0.0392790991942219,1.6825006825006823,0.4311091312063265,-35.89407233040873,1.8274475524475524,-2.377113133940182,-3.293122788851497,0.0060611759238397,-0.4919320044870136,0.3066682183172349,0.0,0.2083207543928114,0.0319410963211403,0.0040531329487456,0.3533333333333333,0.0245980947947665,,-0.0135298328729041,-0.0179645730991795,-6.210337957497049,250849000.0,39040000.0,-52054000.0,454823000.0,170825500.0,161033500.0,348386500.0,42.22882412594969,78.96303525680126,154.39103737139604,2.1312457039194426,1.1397738157772763,0.5829353927035292,-0.0555052660315818,0.0256999494012481,2008-02-21,-0.13,bmo,257666062.0,2025-04-24,2007-12-31,0.846153846153846,22.7515625,493019.96875
2007-09-30,POOL,USD,945841,2007-09-30,2007-09-29 20:00:00,2007,Q3,527434000.0,387631000.0,139803000.0,0.2650625481,0,100298000.0,0.0,100298000.0,0.0,100298000.0,487929000.0,0.0,6349000.0,3524000.0,39505000.0,0.0749003667,39505000.0,0.0749003667,-6349000.0,33156000.0,0.0628628416,12802000.0,21835000.0,0.0413985447,0.45,0.43,48623000,50490000,,,10.847417888653515,0.4490673138226765,1.8006910309935626,1.7636509470826565,1.0337700265306542,4.8295045554572935,1.3186969129835675,4.8295045554572935,8.49729551858174,1224813370.0,1581363370.0,14.023510075566753,2.3222116321663,13.989073953514934,14.282871586165076,5.215855935270947,5.215855935270947,2.998220383972213,40.02944867738261,18.061371366569585,18.440695127924062,0.0178272057889113,0.0700139320001054,1.7324177579048228,0.4817668396052689,9.025439817744587,1.9781497135470425,6.222239722790991,4.009846576597206,0.0047746049669591,0.2678268834440119,0.1901621814293352,0.0,0.2021569758284651,0.0205699274741591,0.003414645244713,0.511066969353008,0.0,6.985512461574003,0.0365797929742412,0.032409750681666,-5.149363469962775,289054000.0,64119000.0,-25033000.0,495278000.0,250899500.0,178790000.0,352737000.0,34.218613134534365,29.69321339108585,73.62646434366705,2.630147506158557,3.0309956290220423,1.2223865535618554,0.0929841371233897,0.0370400839109063,2007-10-23,0.46,bmo,564231720.0,2025-04-24,2007-09-30,-0.0652173913043478,32.58126984126984,990415.9523809524
2007-06-30,POOL,USD,945841,2007-07-30,2007-07-30 17:27:43,2007,Q2,726472000.0,518550000.0,207922000.0,0.2862078649,0,109489000.0,0.0,109489000.0,0.0,109489000.0,628039000.0,0.0,5897000.0,3605000.0,98433000.0,0.1354945545,98433000.0,0.1354945545,-5897000.0,92536000.0,0.1273772423,35728000.0,57794000.0,0.0795543393,1.17,1.12,49326000,51504000,https://www.sec.gov/Archives/edgar/data/945841/000094584107000074/0000945841-07-000074-index.htm,https://www.sec.gov/Archives/edgar/data/945841/000094584107000074/poolq20710q.htm,14.727973077079024,1.1716741677816973,-0.8265012366703158,-0.9184000324372542,0.956311073267648,5.5625836272959495,2.079795645298625,5.5625836272959495,8.775209828488018,1925193780.0,2304971780.0,8.327827196594802,2.6500591626380645,-47.22315983124019,-42.49782079865787,7.016523726219113,7.016523726219113,3.1728294827605192,23.41665681224793,-56.538750490580846,-50.88125604291296,0.0300198351980962,-0.0235306183048233,1.5560500036445806,0.4207131891109968,3.858238598843884,1.6928058424790189,16.692046803459387,-0.7054019448385646,0.0030838454090579,0.1027269266705886,0.1507133103547005,0.0,0.1692828890189609,-0.1111901491365777,0.0062397449592,1.2574202496532594,0.0,12.109688257760054,0.0835728401978975,0.0685550929385668,-5.53744982362243,309069000.0,102588000.0,14739000.0,517489000.0,266149500.0,277569500.0,400762500.0,37.3226359722054,39.86537460225629,67.40480185131617,2.411405241232801,2.257598251564058,1.3352164464265484,0.2106348859246301,0.0918987957669383,2007-07-19,1.12,bmo,726500000.0,2025-04-24,2007-06-30,0.0,39.277142857142856,560306.6825396825
2007-03-31,POOL,USD,945841,2007-05-02,2007-05-02 17:29:01,2007,Q1,373706000.0,270221000.0,103485000.0,0.2769155432,0,94853000.0,0.0,94853000.0,0.0,94853000.0,365074000.0,0.0,4519000.0,3404000.0,8632000.0,0.0230983714,8632000.0,0.0230983714,-4519000.0,4113000.0,0.011005978,1588000.0,1354000.0,0.003623169,0.03,0.03,50201000,52462000,https://www.sec.gov/Archives/edgar/data/945841/000094584107000033/0000945841-07-000033-index.htm,https://www.sec.gov/Archives/edgar/data/945841/000094584107000033/poolq107.htm,7.444194338758192,0.0269715742714288,-0.2650744009083484,-0.3262883209497819,0.6086532140794008,4.348279914742734,0.9022529431684628,4.348279914742734,7.258640266130157,1797195799.9999998,2126512800.0,331.830834564254,4.809116792344784,-135.05642143232885,-109.7189133089133,8.233140621564171,8.233140621564171,5.690336253632534,246.3522706209453,-159.8040730442624,-129.82373626373624,0.0007533959293695,-0.0091141989092117,1.648611009308803,0.3797604336718272,38.15071825764597,1.5150882694973642,1.910157114405842,-9.82791728212703,0.0029201047543066,3.875923190546529,0.2538171717874479,0.0,0.1825545651304466,-0.2309310889005786,0.0082230416423605,0.9027614571092832,0.0041289141731735,1.6244380505739622,0.0088665681036634,0.0017479199881234,-6.353060696002071,235196000.0,45294000.0,-37532000.0,442741000.0,192985500.0,251496000.0,372615000.0,55.64015563036183,108.3939442160306,137.60769888350646,1.6175368127634893,0.830304687692043,0.6540331735086322,0.0062028146302132,0.0612139200414334,2007-04-19,0.07,bmo,871966666.0,2025-04-24,2007-03-31,-0.5714285714285715,36.382295081967214,739607.5573770492
2006-12-31,POOL,USD,945841,2007-03-01,2007-03-01 17:27:07,2006,Q4,318486000.0,235581000.0,82905000.0,0.2603097153,0,86975000.0,0.0,86975000.0,0.0,86975000.0,322556000.0,0.0,15196000.0,3452000.0,-618000.0,-0.0019404307,-4070000.0,-0.0127792116,-4213000.0,-8283000.0,-0.0260074226,-3198000.0,-5001000.0,-0.0157024171,-0.0996,-0.0996,50201000,50201000,https://www.sec.gov/Archives/edgar/data/945841/000094584107000018/0000945841-07-000018-index.htm,https://www.sec.gov/Archives/edgar/data/945841/000094584107000018/pool10k2006.htm,6.344216250672297,-0.0996195294914444,-0.2483615864225812,-0.3206908228919742,0.3333399733073046,5.5314435967411,2.0858947032927637,5.5314435967411,5.617198860580467,1966373170.0,2216432170.0,-98.29899870025994,6.17412749697004,-157.7136004170677,-122.14256599788808,7.0813340703821614,7.0813340703821614,6.959276608704935,-3586.4598220064727,-177.7696639396856,-137.6751456612212,-0.0025432609009814,-0.0081871540181765,0.9607791590440932,0.344443698503154,-404.626213592233,1.7801192638541417,-0.2678336404316925,2.493101379724055,0.0027187108131667,-1.068986202759448,0.2730889269858015,0.0,0.223313304809686,-0.2912255373756817,0.0114008151064724,1.051853997682503,0.0226195185973637,,-0.0044506055804143,-0.0083129429912631,-3.942287006234936,227631000.0,104714000.0,22543000.0,434234000.0,183263000.0,144446500.0,307999500.0,43.78318042237335,67.827880856266,126.86171635233742,2.0555838824812667,1.3268879826972468,0.7094338827171461,-0.0180096800679909,0.072329236469393,2007-02-15,-0.09,bmo,286650000.0,2025-04-24,2006-12-31,0.1111111111111112,40.0868253968254,453815.3015873016
2006-09-30,POOL,USD,945841,2006-11-01,2006-11-01 17:26:34,2006,Q3,537017000.0,387022000.0,149995000.0,0.2793114557,0,96903000.0,0.0,96903000.0,0.0,96903000.0,483925000.0,0.0,800.0,3221000.0,53092000.0,0.0988646542,53092000.0,0.0988646542,-4276000.0,48816000.0,0.0909021502,18848000.0,31493000.0,0.058644326,0.61,0.58,51532000,54277000,https://www.sec.gov/Archives/edgar/data/945841/000094584106000119/0000945841-06-000119-index.htm,https://www.sec.gov/Archives/edgar/data/945841/000094584106000119/pool10-q.htm,10.42103935418769,0.6111348288442133,2.53595823954048,2.4695334937514555,0.7931770550337655,5.79550570519289,2.378463867111697,5.79550570519289,5.034848249631297,1983982000.0,2202563000.0,15.749388753056234,3.6944491515166185,15.181638009534522,15.58998899889989,6.6430786127090204,6.6430786127090204,4.10147723442647,41.48577940179312,16.854242709457235,17.307582901147256,0.0158736319180315,0.0641437271104274,0.8687477817139566,0.3232137629479218,4.117023280343554,1.5892400549651249,66365.0,4.149588797510558,0.0027439765078513,0.1728638110056203,0.1804468014979041,0.0,0.21935881704423,0.0261931544271251,0.0063740998888303,1.0627134430301148,0.0,8.926998163559583,0.0711966078839409,0.050256284229743,-3.1543555460684622,203256000.0,122567000.0,44121000.0,411544000.0,253655500.0,159538000.0,325513000.0,35.46072098276218,25.89364428895515,66.02647911488236,2.5380194622593804,3.475756405535748,1.363089493889339,0.1054497847006904,0.0664247457890243,2006-10-19,0.58,bmo,537000000.0,2025-04-24,2006-09-30,0.0,39.703968253968256,641557.7777777778
2006-06-30,POOL,USD,945841,2006-08-09,2006-08-09 09:12:52,2006,Q2,705703000.0,496703000.0,209000000.0,0.2961585823,0,105662000.0,0.0,105662000.0,0.0,105662000.0,602365000.0,0.0,500.0,3043000.0,106381000.0,0.1507447184,103338000.0,0.1464327061,-3856000.0,99482000.0,0.1409686511,38410000.0,62110000.0,0.0880115289,1.18,1.12,52608000,55544000,https://www.sec.gov/Archives/edgar/data/945841/000094584106000075/0000945841-06-000075-index.htm,https://www.sec.gov/Archives/edgar/data/945841/000094584106000075/pool10-q.htm,13.41436663625304,1.1806189172749393,0.2177235401459854,0.1357017944038929,0.6179098236009732,5.911097171532846,2.867643704379562,5.911097171532846,5.731077022506082,2295287040.0,2564280040.0,9.238798261149572,3.2524830417328534,200.39174436877943,321.513803053649,7.381032443539752,7.381032443539752,3.633653307411192,24.10468072306145,223.8763785577091,359.1931699117524,0.0270597964078601,0.0031102863718517,0.9695437838255014,0.3205182721992125,2.528581231610908,1.5324902517336867,206676.0,0.1844147480276928,0.0024136414764054,0.0891965867010143,0.1497258761830401,0.0,0.1702095541022086,0.3767242884581805,0.0061144702516497,1.418008544199803,0.0,12.530839784613258,0.1008913963039187,0.0795716888261414,-3.646717229318735,245945000.0,150861000.0,78129000.0,436344000.0,253650000.0,237511500.0,386703000.0,37.71413753377838,37.63905190828322,66.51588575063973,2.386373012491461,2.39113355509876,1.3530602349249243,0.1997292352019963,0.0820217457420924,2006-07-20,1.11,bmo,699399107.0,2025-04-24,2006-06-30,0.009009009009009,44.75539682539683,360085.5873015873
2006-03-31,POOL,USD,945841,2006-05-05,2006-05-05 16:50:06,2006,Q1,348556000.0,250508000.0,98048000.0,0.2812976968,0,83026000.0,0.0,83026000.0,0.0,83026000.0,333534000.0,0.0,800.0,3188000.0,15022000.0,0.0430978092,15022000.0,0.0430978092,-2851000.0,12171000.0,0.0349183488,4699000.0,6422000.0,0.018424586,0.12,0.12,52593000,55443000,https://www.sec.gov/Archives/edgar/data/945841/000094584106000059/0000945841-06-000059-index.htm,https://www.sec.gov/Archives/edgar/data/945841/000094584106000059/pool10-q.htm,6.627421900252886,0.1221075048010191,-1.1533664175840892,-1.2181659156161466,0.1133991215561006,5.590192611183998,2.5264388796988198,5.590192611183998,4.516547829559067,2467137630.0,2698711630.0,96.0424178604796,7.078167152480519,-40.67224369013666,-38.50871166122965,8.391481879559871,8.391481879559871,7.742548198854704,179.65062108906938,-44.48987998483325,-42.12327141898325,0.0026030165167558,-0.0259681499811585,0.8079386404993112,0.2744118129538623,15.415657036346692,1.5766330093798724,18777.5,-9.44549984428527,0.0019253080745235,0.7396449704142012,0.2381998875360056,0.0,0.1861450557169031,-0.0561829242156975,0.0097774819541192,1.06900878293601,0.006153960913024,3.9190050522992905,0.0168750787463833,0.0091157625189142,-3.87539216245508,231517000.0,132873000.0,61394000.0,420533000.0,176681500.0,220733000.0,368442500.0,54.63116400234109,96.03142414613508,145.97497884299105,1.647411356568263,0.9371932239913804,0.6165440181142477,0.0218431659325521,0.0647994980320574,2006-04-20,0.11,bmo,319550000.0,2025-04-24,2006-03-31,0.0909090909090908,41.6233870967742,288490.56451612903
2005-12-31,POOL,USD,945841,2006-03-07,2006-03-07 13:50:58,2005,Q4,299791000.0,216580000.0,83211000.0,0.2775633691,0,79443000.0,0.0,79443000.0,0.0,79443000.0,296023000.0,0.0,0.0,2877000.0,6645000.0,0.0221654419,3768000.0,0.0125687562,-2118000.0,1650000.0,0.0055038343,637000.0,108000.0,0.000360251,0.0021,0.0021,52313000,52593000,https://www.sec.gov/Archives/edgar/data/945841/000119312506047003/0001193125-06-047003-index.htm,https://www.sec.gov/Archives/edgar/data/945841/000119312506047003/d10k.htm,5.730717030183702,0.0020644963966891,-0.2519450232255845,-0.2864488750406209,0.5135625943838051,5.218205799705618,2.114120773039206,5.218205799705618,3.748724026532602,1947089860.0,2116330860.0,4507.152453703703,6.494824260901762,-147.73064188163883,-129.93592659325992,7.132719832954795,7.132719832954795,7.059354216771017,318.48470428893904,-160.57138543247345,-141.22995395395395,5.546739378530789e-05,-0.0076961008877114,0.7183932888856327,0.266219679733274,25.468924003009786,1.6122011692079214,0.0,-122.03703703703704,0.0024189946734148,43.61111111111112,0.2649946129136631,0.0,0.2204399459163006,-0.1369499241274658,0.0060208611999693,0.6273896419881821,0.0,0.4923329758305665,0.0047616789648113,0.0001880707424614,-3.1572219142469367,194571000.0,110596000.0,48737000.0,382553000.0,146911000.0,137045000.0,263855000.0,42.565153723760886,72.37648905716132,137.37071751777634,2.114405614134076,1.243497732100821,0.6551614610905241,0.0003956333797347,0.0345038518150364,2006-02-16,-0.05,bmo,550705002.0,2025-04-24,2005-12-31,-1.041,37.01412698412698,215093.9841269841
2005-09-30,POOL,USD,945841,2005-11-01,2005-10-31 19:04:17,2005,Q3,423729000.0,309124000.0,114605000.0,0.270467681,0,72212000.0,0.0,72212000.0,0.0,72212000.0,381336000.0,0.0,300.0,2451000.0,44844000.0,0.1058317934,42393000.0,0.100047436,-1331000.0,41062000.0,0.0969062774,15854000.0,26521000.0,0.0625895325,0.5,0.47,52699000,55945000,https://www.sec.gov/Archives/edgar/data/945841/000119312505212245/0001193125-05-212245-index.htm,https://www.sec.gov/Archives/edgar/data/945841/000119312505212245/d10q.htm,8.040551054099698,0.5032543312017306,1.9526935994990413,1.9340784455113,0.8471507998254236,5.63056224975806,3.518112298146075,5.63056224975806,1.603831192242737,1840776070.0,1880652070.0,17.352061291052372,4.34422961373897,17.88811107332005,18.06028089556925,6.2036433397927375,6.2036433397927375,4.43833693233175,41.93765208277585,18.27561411010155,18.451513578744947,0.0144075101975874,0.0553701244062782,0.2848428679753981,0.1493732227467211,0.8892159486218892,1.5822318090761391,141310.0,3.7944321533923295,0.0025809766203664,0.179141058029486,0.1704202450150922,0.0,0.1967442575610032,0.0095330644769447,0.00231515898133,0.4002447980416156,0.0,7.9847422553306835,0.0833488729554545,0.0583511365061484,-0.225179794683011,147647000.0,185401000.0,132129000.0,280384000.0,191886500.0,132896000.0,222242500.0,32.29264459123638,29.09123846741113,57.39492889584762,2.7870123719883977,3.0937149719775823,1.568082785908134,0.0893790546802595,0.0186151539877417,2005-10-20,0.48,bmo,415053061.0,2025-04-24,2005-09-30,0.0208333333333333,35.5421875,163713.5625
2005-06-30,POOL,USD,945841,2005-07-29,2005-07-29 12:45:59,2005,Q2,563978000.0,401297000.0,162681000.0,0.2884527411,0,79886000.0,0.0,79886000.0,0.0,79886000.0,481183000.0,0.0,0.0,2241000.0,83548000.0,0.1481405303,82795000.0,0.1468053718,-499000.0,80890000.0,0.1434275805,31192000.0,50709000.0,0.0899130817,0.97,0.91,52491000,55782000,https://www.sec.gov/Archives/edgar/data/945841/000119312505152445/0001193125-05-152445-index.htm,https://www.sec.gov/Archives/edgar/data/945841/000119312505152445/d10q.htm,10.74427997180469,0.9660513230839572,-0.0095444933417157,-0.0629441237545484,0.6982530338534225,5.2016155150406735,3.002609971233164,5.2016155150406735,3.2680078489645843,1841909190.0,1976798190.0,9.08078048275454,3.2659238303621776,-3676.465449101797,-557.4785684019371,6.745981108856643,6.745981108856643,3.5050980534701712,23.66062850098147,-3945.704970059881,-598.3045369249395,0.0275306732141338,-0.0017937909305941,0.6282678601513343,0.2505078325226024,1.6145090247522382,1.6130638123848853,0.0,-0.0097017815646785,0.0025674447066524,0.093257607130884,0.1416473692236222,0.0,0.1685638890552051,-5.594810379241517,0.0049700520233058,1.250780901383311,0.0,10.633114307942868,0.1103666116648834,0.0890655050979634,-1.4784629746051705,199380000.0,157610000.0,112864000.0,336569000.0,198121500.0,192581000.0,264308500.0,36.98059144151013,37.20057712866031,55.47387595720875,2.433709048227293,2.41931730490981,1.6223852840105115,0.1857214014166526,0.0533996304128326,2005-07-21,0.91,bmo,551870967.0,2025-04-24,2005-06-30,0.0219780219780219,33.94,351625.9375
2005-03-31,POOL,USD,945841,2005-04-29,2005-04-29 16:15:02,2005,Q1,265161000.0,193210000.0,71951000.0,0.2713483506,0,60650000.0,0.0,60650000.0,0.0,60650000.0,253860000.0,0.0,1080000.0,2229000.0,13530000.0,0.0510256033,11301000.0,0.0426193897,-1080000.0,10221000.0,0.0385463926,3986000.0,4102000.0,0.0154698466,0.08,0.07,52273000,55477000,https://www.sec.gov/Archives/edgar/data/945841/000119312505090461/0001193125-05-090461-index.htm,https://www.sec.gov/Archives/edgar/data/945841/000119312505090461/d10q.htm,5.07261875155434,0.0784726340558223,-0.9783062001415644,-1.0313354886844068,0.2786333288695885,4.292215866699826,2.065253572590056,4.292215866699826,2.735810074034396,1665417780.0,1792781780.0,101.50035226718674,6.280779526400941,-32.566490936467275,-30.89198456715698,7.422739440292021,7.422739440292021,6.761106572987732,132.50419660014782,-35.05703631279454,-33.254470887202984,0.0024630456389146,-0.0323708565186568,0.6325752004528296,0.2276823814015567,9.413451589061346,1.5488994268989158,10.463888888888889,-10.759309909530822,0.0022048521662834,0.8951730862993662,0.2287289608954559,0.0,0.1867448232493374,-0.0542052054205205,0.010454026044554,1.243606998654105,0.0,2.752904541100712,0.0180923064390594,0.0080914639198033,-2.303641459261952,165407000.0,107957000.0,67753000.0,301904000.0,131048000.0,166202000.0,238527000.0,55.83637865296932,102.14843952176388,131.0182185187102,1.6118523831812628,0.8810707282593826,0.6869273679457597,0.0182825460072114,0.0530292885428423,2005-04-21,0.09,bmo,265200000.0,2025-04-24,2005-03-31,0.0,31.738360655737704,251055.9836065574
2004-12-31,POOL,USD,945841,2005-03-01,2005-03-01 17:16:44,2004,Q4,209937000.0,153533000.0,56404000.0,0.2686710775,0,60020000.0,0.0,60020000.0,0.0,60020000.0,213553000.0,0.0,3855000.0,0.0,-3616000.0,-0.0172242149,-3616000.0,-0.0172242149,-882000.0,-4498000.0,-0.0214254753,-1754000.0,-2744000.0,-0.0130705878,-0.0526,-0.0525,52182333,52273000,https://www.sec.gov/Archives/edgar/data/945841/000094584105000053/0000945841-05-000053-index.htm,https://www.sec.gov/Archives/edgar/data/945841/000094584105000053/pool10kparen.htm,4.023143235086864,-0.0525848470592527,0.4804499637837197,0.4612288990605307,0.4170376974137971,4.22240607755119,1.974442192916135,4.22240607755119,1.882246238396432,1664616422.6999998,1737219422.6999998,-151.65965950255102,7.929123607082124,66.39609200670097,69.1630556215722,7.554934180679419,7.554934180679419,8.274955928207033,-480.42572530420347,69.29198766303696,72.17963365049027,-0.0016484278075,0.0144585861774461,0.4282796650554837,0.1962397008730083,-20.078263274336283,1.6562151259815916,-0.9380025940337224,-9.136661807580175,0.0021944995556843,-1.331268221574344,0.285895292397243,0.0,0.2439432191088577,0.0400063818754736,0.0047776237633194,0.0976155717761557,0.0,,-0.0076896742804302,-0.0075475434726401,-1.2970625518027337,128189000.0,103031000.0,63004000.0,264088000.0,113974500.0,94784000.0,181405500.0,41.83640806527672,66.30665720073209,114.76900731438845,2.151236307370708,1.3573297735028378,0.7841838324301409,-0.0124537635872648,0.0192210647231889,2005-02-17,-0.05,bmo,209900000.0,2025-04-24,2004-12-31,-0.0,30.1196875,297900.484375
2004-09-30,POOL,USD,945841,2004-10-29,2004-10-29 10:38:06,2004,Q3,362091000.0,257908000.0,104183000.0,0.2877260136,0,67234000.0,0.0,67234000.0,0.0,67234000.0,325142000.0,0.0,868000.0,0.0,36949000.0,0.102043409,36949000.0,0.102043409,-868000.0,36081000.0,0.0996462215,14071000.0,22010000.0,0.0607858246,0.42,0.39,52847000,56175000,https://www.sec.gov/Archives/edgar/data/945841/000119312504181267/0001193125-04-181267-index.htm,https://www.sec.gov/Archives/edgar/data/945841/000119312504181267/d10q.htm,6.851685053077753,0.4164853255624728,1.3633318826044998,1.3417412530512611,0.5757564289363635,4.573258652335989,2.225008042083751,4.573258652335989,1.8833803243325071,1413128780.0,1481364780.0,16.05098568832349,3.9026896001281446,19.61371280257606,19.929326864766526,5.847034255615827,5.847034255615827,4.091139464941134,40.092148096024246,20.560803630912726,20.89165780529426,0.0155753674481104,0.0501773093886036,0.4082330987284997,0.2028204047650862,1.8467617526861348,1.5438669151653206,42.56797235023041,3.2734211721944573,0.0024944648002993,0.1601544752385279,0.1856826046491075,0.0,0.255106844415208,0.0158366644459249,0.003151141563861,0.0,0.0,6.546421936503931,0.0617909756658165,0.0607412027365277,-0.6256362707438454,118185000.0,117585000.0,90718000.0,267493000.0,164021500.0,110241500.0,193367500.0,32.401799547627526,26.67951362501357,58.284969834204446,2.777623504142375,3.3733748397729357,1.5441373694798353,0.0910697070129053,0.0215906295532385,2004-10-21,0.38,bmo,352815384.0,2025-04-24,2004-09-30,0.0263157894736842,28.41015625,431847.296875
2004-06-30,POOL,USD,945841,2004-07-30,2004-07-30 11:10:38,2004,Q2,504177000.0,358962000.0,145215000.0,0.2880238488,0,72626000.0,0.0,72626000.0,0.0,72626000.0,431588000.0,0.0,1122000.0,0.0,72589000.0,0.1439752309,72589000.0,0.1439752309,-1122000.0,71467000.0,0.141749822,27872000.0,43595000.0,0.0864676493,0.82,0.77,53062500,56377500,https://www.sec.gov/Archives/edgar/data/945841/000094584104000090/0000945841-04-000090-index.htm,https://www.sec.gov/Archives/edgar/data/945841/000094584104000090/pool2q04q.htm,9.50156890459364,0.8215783274440518,0.5407020023557126,0.5138280329799765,0.3980965842167255,4.241620730270907,1.884457008244994,4.241620730270907,2.9860259128386337,1591875000.0,1728075000.0,9.128770501204269,3.1573733034232028,55.48342685859677,58.385292499541535,7.072768148717516,7.072768148717516,3.4275165269339936,23.806292964498752,60.23056010595657,63.38070786722905,0.027385944248135,0.0171276010993325,0.6989972053263193,0.2613216573205411,1.876317348358567,1.2915572017169847,64.69607843137256,0.6581259318729212,0.0022222233333333,0.0811446672496846,0.1440486178465102,0.0,0.2077580593722592,0.0497019971419608,0.002828371782132,0.0,0.0,8.854859257358626,0.1086006618176916,0.0914027528802507,-1.841587750294464,101545000.0,99994000.0,72869000.0,252121000.0,172390000.0,155167000.0,230807000.0,35.28814285459273,36.11137112006285,55.08658298092835,2.550431751845126,2.492289747203688,1.6337916626841624,0.1936944342007633,0.0268739693757361,2004-07-22,0.77,bmo,504200000.0,2025-04-24,2004-06-30,0.0,27.107903225806453,403762.6612903226
2004-03-31,POOL,USD,945841,2004-04-30,2004-04-30 10:22:47,2004,Q1,234648000.0,169616000.0,65032000.0,0.2771470458,0,57360000.0,0.0,57360000.0,0.0,57360000.0,226976000.0,0.0,983000.0,2703000.0,7672000.0,0.0326957826,7672000.0,0.0326957826,-983000.0,6689000.0,0.0285065289,2609000.0,4080000.0,0.0173877468,0.08,0.07,53264000,56389000,https://www.sec.gov/Archives/edgar/data/945841/000094584104000058/0000945841-04-000058-index.htm,https://www.sec.gov/Archives/edgar/data/945841/000094584104000058/pool1q10q.htm,4.405376990087113,0.0765995794532892,-1.311542505256834,-1.358347101231601,0.0536760288374887,3.74879843796936,1.3821718233703817,3.74879843796936,2.7917167317512765,1323077760.0,1467933760.0,81.07094117647058,5.638563976679963,-18.93953104869879,-18.286931210349547,6.626123119453514,6.626123119453514,6.255897173638812,191.33651720542235,-21.01310887800968,-20.28905972274053,0.003083718979601,-0.0546838607581159,0.7397734329613974,0.2666528269189111,18.881126173096977,1.2308377759682896,7.804679552390641,-17.12205882352941,0.0,0.0,0.2444512631686611,0.0,0.2275543360531446,-0.035686678691059,0.0106244246701442,0.9223085460599334,0.0,2.541853385933386,0.0125539556019438,0.0095348489380795,-2.255759049264044,75125000.0,73620000.0,46286000.0,226717000.0,115460500.0,142308500.0,217904000.0,56.41953053083768,88.2431492312046,128.3562281860202,1.595192288082014,1.019909202970446,0.7011736109101582,0.0204331016246319,0.0468045959747671,2004-04-22,0.03288,bmo,193584600.0,2025-04-24,2004-03-31,1.128953771289538,22.806451612903224,251328.33870967745
2003-12-31,POOL,USD,945841,2004-03-01,2004-03-01 15:22:05,2003,Q4,189949000.0,140352000.0,49597000.0,0.2611069287,0,53499000.0,0.0,53499000.0,0.0,53499000.0,193851000.0,0.0,4669000.0,0.0,-3902000.0,-0.0205423561,-3902000.0,-0.0205423561,-1007000.0,-4909000.0,-0.0258437791,-1915000.0,-2994000.0,-0.0157621256,-0.0562,-0.0562,53263500,53263500,https://www.sec.gov/Archives/edgar/data/945841/000094584104000045/0000945841-04-000045-index.htm,https://www.sec.gov/Archives/edgar/data/945841/000094584104000045/pool10k03.htm,3.5662132604879515,-0.0562111014109099,0.3495639603105316,0.3069268823866249,0.240539957006205,3.6655683535629455,1.2854956959268542,3.6655683535629455,1.7074356735851004,1160611665.0,1234074665.0,-96.9114616733467,6.110122532890408,62.33480127826414,70.99410723024224,5.944507890248462,5.944507890248462,6.496873713470458,-316.2672129677089,66.28039448949997,75.48780676535355,-0.0025796742272101,0.0140856761076927,0.4418897670059055,0.1916064067941155,-18.827011788826244,1.311620209136328,-0.8357249946455344,-6.2187708750835,0.0,0.0,0.2816492848080274,0.0,0.2815431561367351,0.1219721789569794,0.0119558407783141,0.2540268456375839,0.0,,-0.0077528253091737,-0.0092549945749781,-1.5469974748185906,70419000.0,68470000.0,41365000.0,221833000.0,100883000.0,95966000.0,167796500.0,39.71676607931602,75.86696306429548,124.34058652530778,2.2660455239549533,1.186287105280952,0.7238183646631082,-0.0153348937979215,0.0426370779239066,2004-02-19,-0.06,bmo,227880000.0,2025-04-24,2003-12-31,-0.1666666666666666,22.40453125,341109.953125
2003-09-30,POOL,USD,945841,2003-10-29,2003-10-29 17:29:35,2003,Q3,337611000.0,245454000.0,92157000.0,0.2729680016,0,60937000.0,0.0,60937000.0,0.0,60937000.0,306391000.0,0.0,1063000.0,0.0,31220000.0,0.0924732903,31220000.0,0.0924732903,-1063000.0,30157000.0,0.0893246962,11761000.0,18396000.0,0.0544887459,0.35,0.33,53074500,55930500,https://www.sec.gov/Archives/edgar/data/945841/000094584103000062/0000945841-03-000062-index.htm,https://www.sec.gov/Archives/edgar/data/945841/000094584103000062/pool3q03q.htm,6.361077353531357,0.3466071277167001,0.954450819131598,0.9332918821656352,0.5598545440842589,3.6971803785245263,1.5199389537348444,3.6971803785245263,2.0207632667288435,984531975.0,1061005975.0,13.379701769406394,2.9161726809849204,19.435260181218787,19.87588272701579,5.0173370246552444,5.0173370246552444,3.1426878123046937,33.984816623959,20.944903468424897,21.41975158477005,0.0186850203620862,0.0503122308445086,0.5411515293590045,0.2424715714481435,2.449519538757207,1.6110965730049176,29.36970837253057,2.753846153846154,0.0,0.0,0.1804947113690016,0.0,0.2638626295839613,0.0221687032394338,0.0033263134198826,0.0,0.0,5.369641897943092,0.0745673949672425,0.0570623852300362,-0.9929344600514372,112091000.0,80670000.0,53803000.0,251785000.0,146458000.0,115157500.0,169623000.0,31.44085945066956,26.99405998679997,51.95238211640471,2.862517169456173,3.334066829665852,1.732355598215798,0.0937490444691325,0.0211589369659629,2003-10-22,0.3,bmo,306909090.0,2025-04-24,2003-09-30,0.1,17.42203125,382540.21875
2003-06-30,POOL,USD,945841,2003-07-30,2003-07-30 09:09:14,2003,Q2,431885000.0,311023000.0,120862000.0,0.2798476446,0,63673000.0,0.0,63673000.0,0.0,63673000.0,374696000.0,0.0,1514000.0,0.0,57189000.0,0.1324171944,57189000.0,0.1324171944,-1514000.0,55675000.0,0.1289116316,21712000.0,33963000.0,0.0786389895,0.64,0.61,52962750,55491750,https://www.sec.gov/Archives/edgar/data/945841/000094584103000036/0000945841-03-000036-index.htm,https://www.sec.gov/Archives/edgar/data/945841/000094584103000036/pool2q03.htm,8.154504817064824,0.6412620190605661,0.7961444600214301,0.7398218559270431,0.6076912547025975,3.324808473880227,1.139933254976375,3.324808473880227,2.9818693326913728,809270820.0,933499820.0,5.95700335659394,1.873810898734617,19.192496798368357,20.65362070285583,4.595753445661618,4.595753445661618,2.161454600182919,16.323065974225813,22.1386856709197,23.824102799683537,0.0419674096243826,0.0484176607282096,0.8882566400327103,0.2823785555932668,2.17225340537516,1.3905890217633514,37.77344782034346,1.2415275446809764,0.0,0.0,0.1474304502355951,0.0,0.2089071267123535,0.0707442014893516,0.0069069312432707,0.0,0.0,6.926157043150087,0.1000719245927954,0.0775058820307668,-2.1832419955534785,115687000.0,60374000.0,34048000.0,255274000.0,148801500.0,166553000.0,217020500.0,36.46262315199648,45.34246663430036,57.16689762493449,2.4682810017488315,1.9848942212578573,1.574337662863564,0.1928718673867488,0.056322604094387,2003-07-24,0.6,bmo,424819672.0,2025-04-24,2003-06-30,0.0166666666666666,14.162857142857142,453195.873015873
2003-03-31,POOL,USD,945841,2003-04-30,2003-04-30 14:39:11,2003,Q1,196388000.0,143865000.0,52523000.0,0.2674450577,0,49003000.0,0.0,49003000.0,0.0,49003000.0,192868000.0,0.0,1085000.0,0.0,3520000.0,0.0179237021,3520000.0,0.0179237021,-1085000.0,2435000.0,0.0123989246,951000.0,1484000.0,0.0075564698,0.0267,0.0267,53016000,55294500,https://www.sec.gov/Archives/edgar/data/945841/000094584103000018/0000945841-03-000018-index.htm,https://www.sec.gov/Archives/edgar/data/945841/000094584103000018/pool1q0310q.htm,3.7043156782858007,0.0279915497208389,-0.6282631658367286,-0.66549720838992,0.0582088426135506,2.660555304059152,0.4718198279764599,2.660555304059152,3.0785989135355365,699811200.0,858855200.0,117.89272237196764,3.5634112063873555,-21.01030383091149,-19.834793945921437,4.961370274792275,4.961370274792275,4.37325702181396,243.99295454545452,-25.78525279212201,-24.342588288645768,0.0021205719485484,-0.0504164551810545,1.1494342511981397,0.3177468255694768,45.18295454545454,1.5596113920905572,3.2442396313364057,-22.44474393530997,0.0,0.0,0.2495213556836466,0.0,0.2274144584310797,-0.0592650414314879,0.0100515306434201,0.0,0.0,1.2944666804397893,0.0067193138635461,0.0037644814578994,-2.940579259091595,132887000.0,25014000.0,1153000.0,270645000.0,96385500.0,134859000.0,210101500.0,56.19798562030266,110.36033781670317,147.94056928370347,1.6014808895122687,0.8155103706684957,0.6083523974239163,0.0105209426310864,0.0372340425531914,2003-04-24,0.02666,bmo,130933333.0,2025-04-24,2003-03-31,0.1252813203300825,12.40639344262295,378028.91803278687
2002-12-31,POOL,USD,945841,2003-03-18,2003-03-18 12:46:53,2002,Q4,159005000.0,118739000.0,40266000.0,0.2532373196,0,44732000.0,0.0,44732000.0,0.0,44732000.0,163471000.0,0.0,4977000.0,0.0,-4466000.0,-0.0280871671,-4466000.0,-0.0280871671,-1116000.0,-5582000.0,-0.0351058143,-2177000.0,-3405000.0,-0.0214144209,-0.0658,-0.0642,51739211,53016750,https://www.sec.gov/Archives/edgar/data/945841/000094584103000005/0000945841-03-000005-index.htm,https://www.sec.gov/Archives/edgar/data/945841/000094584103000005/pool10k2002.htm,3.0732010969398047,-0.0658108218928966,0.3501019758496124,0.2924087883752228,0.0991897615137579,2.74339320713646,0.5070429079407492,2.74339320713646,2.532643955471219,671574958.78,792502958.78,-49.30799991042585,4.223609061224489,37.07491215523904,44.38991068676052,4.73136696782466,4.73136696782466,4.984138604320619,-177.4525209986565,43.750853416142206,52.38303647167691,-0.0050701711781892,0.022527641631373,0.8881154846027575,0.3135087815286972,-27.07747424988804,2.212565180824222,-0.8973277074542897,-5.319823788546255,0.0,0.0,0.2813244866513631,0.0,0.2877610707943913,0.1647896654521364,0.0187729945599195,0.4362759427068108,0.0,,-0.0095897408768927,-0.0118895061577515,-2.1367643198115256,144174000.0,26234000.0,2921000.0,280802000.0,91885000.0,81332500.0,161128000.0,39.7017703845791,70.72343543401915,139.25332030756533,2.2669014285306948,1.2725626158809094,0.6463041585020683,-0.0239888404337013,0.0576931874743895,2003-02-13,-0.05,bmo,159000000.0,2025-04-24,2002-12-31,-0.0,12.91203125,489326.59375
2002-09-30,POOL,USD,945841,2002-11-13,2002-11-12 18:02:24,2002,Q3,288799000.0,213730000.0,75069000.0,0.2599351106,0,50622000.0,0.0,50622000.0,0.0,50622000.0,264352000.0,0.0,1162000.0,0.0,24447000.0,0.0846505701,24447000.0,0.0846505701,-1162000.0,23285000.0,0.0806270105,9081000.0,14204000.0,0.0491829958,0.27,0.25,53275500,56256750,https://www.sec.gov/Archives/edgar/data/945841/000094584102000028/0000945841-02-000028-index.htm,https://www.sec.gov/Archives/edgar/data/945841/000094584102000028/pool3q10q.htm,5.420859494514364,0.266614109675179,0.6131711574738857,0.5961652166568122,0.2170979155521769,2.7640097230434253,0.6633818546986889,2.7640097230434253,2.80109994275042,648895590.0,785397590.0,11.421000950436497,2.2468761664687205,19.86394802093856,20.4305780674412,4.406641517378136,4.406641517378136,2.7195301576529003,32.12654272507874,24.04253803532617,24.728364661062308,0.0218894999733316,0.0489462411048285,1.0055278634196694,0.3680774795288783,5.583588988423937,2.644111747150056,21.038726333907057,2.2998451140523795,0.0,0.0,0.1752845404589351,0.0,0.278198441858037,0.0277344108733584,0.0031371299762118,0.0,0.0,4.071951596895784,0.0495350615350821,0.048918246878035,-1.6699045527493876,168020000.0,35342000.0,15195000.0,299056000.0,129111000.0,95133000.0,153705500.0,35.410510424205064,29.206101155663685,58.33640574556683,2.5416182631041644,3.081547910839413,1.542775884968528,0.0964591793771306,0.0170059408170735,2002-10-15,0.24,bmo,277248000.0,2025-04-24,2002-09-30,0.0416666666666667,11.88203125,819007.515625
2002-06-30,POOL,USD,945841,2002-07-25,2002-07-24 18:44:30,2002,Q2,364088000.0,267393000.0,96695000.0,0.2655813979,0,48320000.0,0.0,48320000.0,0.0,48320000.0,315713000.0,0.0,1486000.0,0.0,48375000.0,0.1328662301,48375000.0,0.1328662301,-1486000.0,46889000.0,0.1287847993,18287000.0,28602000.0,0.078557931,0.51,0.48,56124000,59242500,https://www.sec.gov/Archives/edgar/data/945841/000094584102000021/0000945841-02-000021-index.htm,https://www.sec.gov/Archives/edgar/data/945841/000094584102000021/pool2q0210q.htm,6.487206899009337,0.5096215522771007,0.4923205758677215,0.4697277457059368,0.2130995652483786,2.976195566958877,1.5654621908630888,2.976195566958877,1.7657686551208038,699866280.0,785522280.0,6.117284455632474,1.9222448419063525,25.32902464623068,26.54729279672268,4.1899128331617135,4.1899128331617135,2.1575066467447432,16.238186666666667,28.42902102710724,29.79639191290824,0.0408678069187731,0.0376686243549267,0.5844009674561172,0.2275903392545306,1.7706666666666666,2.09272144525814,32.55383580080753,0.966051325082162,0.0,0.0,0.13271516776164,0.0,0.1845977370596697,0.0458904853244544,0.0034826745182483,0.0,0.0,5.84178924697397,0.1092124918460444,0.0817819205970234,-1.0161784619770509,173534000.0,87860000.0,70468000.0,269105000.0,122186500.0,137096000.0,191976000.0,35.742622662652984,40.69560534494171,56.840493206628445,2.518002130102217,2.21154100638502,1.583378238341969,0.1712325486721425,0.0225928301617846,2002-07-16,0.48,bmo,364100000.0,2025-04-24,2002-06-30,0.0,13.28890625,515860.234375
2002-03-31,POOL,USD,945841,2002-05-07,2002-05-07 17:17:47,2002,Q1,171354000.0,127852000.0,43502000.0,0.253872101,0,39171000.0,0.0,39171000.0,0.0,39171000.0,167023000.0,0.0,1213000.0,0.0,4331000.0,0.0252751614,4331000.0,0.0252751614,-1213000.0,3118000.0,0.0181962487,1216000.0,1902000.0,0.0110998284,0.0356,0.0311,56261250,58808250,https://www.sec.gov/Archives/edgar/data/945841/000094584102000015/0000945841-02-000015-index.htm,https://www.sec.gov/Archives/edgar/data/945841/000094584102000015/pool1q0210q.htm,3.0456841964940344,0.0338065720189295,-0.342207114132729,-0.3647981514808149,0.1289519873803017,2.6309404785709525,1.2137661356617566,2.6309404785709525,1.9605678864227152,753900750.0,855736750.0,99.09315851735016,4.399668230680346,-39.15757284579026,-36.73264227246151,5.093235711390353,5.093235711390353,4.993970085320448,197.5841029785269,-44.44693034851712,-41.694443091015394,0.0025228785088753,-0.027223742647822,0.7370017565193893,0.2549957341374192,23.51327637958901,1.9899491140062795,3.5704863973619125,-10.122502628811777,0.0,0.0,0.2285969396687559,0.0,0.1863702768720124,-0.0660156858671375,0.0074173932327229,0.0,0.0,1.4146445745282918,0.0100587004120608,0.0054642139949379,-1.6026528027727789,164583000.0,68288000.0,51042000.0,260456000.0,80005000.0,124436000.0,198269500.0,52.40677194579642,107.90257485217283,151.40107311579013,1.7173353110373926,0.8340857493280447,0.594447569940068,0.0128496149169031,0.0225910373480859,2002-04-16,0.02572,bmo,171400000.0,2025-04-24,2002-03-31,0.166407465007776,13.001166666666668,363802.06666666665
2001-12-31,POOL,USD,945841,2002-03-21,2002-03-21 00:00:00,2001,Q4,132041000.0,98347000.0,33694000.0,0.2551783158,0,36324000.0,0.0,36324000.0,506000.0,36830000.0,135177000.0,0.0,0.0,1647000.0,-1489000.0,-0.0112768004,-3137000.0,-0.0237577722,-2115000.0,-5252000.0,-0.0397755243,-1436000.0,-3816000.0,-0.0289001144,-0.0678,-0.0678,56261250,56261250,https://www.sec.gov/Archives/edgar/data/945841/000094584102000008/0000945841-02-000008-index.htm,https://www.sec.gov/Archives/edgar/data/945841/000094584102000008/pool10k2001.htm,2.346926170321491,-0.0678264347130573,-0.3203270457019707,-0.3769912684129841,0.0626363616165655,2.56965495789731,1.261792086027239,2.56965495789731,1.5124264036081672,686387250.0,767954250.0,-44.96771816037736,5.198288789088238,-38.08607535234713,-32.36149222065064,4.747719129568658,4.747719129568658,5.816028733499444,-515.7516789791806,-42.61204361336145,-36.20717821782178,-0.0055595438289391,-0.0309009236404085,0.5885717843012478,0.2441005192346309,-54.77971793149765,2.20602412823744,0.0,4.722746331236897,0.0,0.0,0.2750963715815542,0.0,0.2110846553257408,-0.1768949062257241,0.0241440158738573,0.4422863485016648,0.0,,-0.0096906623995558,-0.0138759599720735,-1.1480326156990823,136856000.0,70990000.0,46315000.0,226282000.0,73769000.0,84892500.0,157246500.0,41.05383933778145,87.47516446866706,166.06078477228587,2.192243197024788,1.028863455663891,0.5419702196603146,-0.0263951525883296,0.0566642227110133,2002-02-07,-0.06,bmo,112799999.0,2025-04-24,2001-12-31,0.1666666666666668,10.90875,313094.09375
2001-09-30,POOL,USD,945841,2001-11-09,2001-11-09 00:00:00,2001,Q3,236368000.0,174083000.0,62285000.0,0.2635085968,0,39958000.0,0.0,39958000.0,560000.0,40518000.0,214601000.0,0.0,0.0,953000.0,22328000.0,0.0944628715,21767000.0,0.0920894537,-1032000.0,20735000.0,0.0877233805,7983000.0,12752000.0,0.0539497732,0.22,0.21,57466019,60455529,https://www.sec.gov/Archives/edgar/data/945841/000094584101500024/0000945841-01-500024-index.htm,https://www.sec.gov/Archives/edgar/data/945841/000094584101500024/pool3q0110q.htm,4.113178607343585,0.2219050531410571,0.7442137239400558,0.7247761498843343,0.2469807417841142,2.612987685818292,1.2866386307358442,2.612987685818292,1.219694720805351,533859316.50999993,589757316.51,10.46618798051286,2.25859387273235,12.482973238945917,12.817750696518608,3.55531717597464,3.55531717597464,2.4950810452768564,26.413351688910783,13.7900090375757,14.15983953205282,0.0238864427493064,0.0780168083836743,0.46678165665499,0.2086743458365462,2.503493371551415,2.029224153226147,0.0,3.3537484316185697,0.0,0.0,0.1690499560008123,0.0,0.2269215539749975,0.0261182687586223,0.0047256819874094,5585.0,0.0,3.611965026653056,0.0594894756860408,0.0491090512078931,-0.6880631491107815,121820000.0,73938000.0,54452000.0,211749000.0,110862500.0,88055000.0,135398500.0,33.24320551005212,38.3594607170143,68.7763308306957,2.707320146150938,2.346226936399046,1.3085897272064406,0.0849238801795442,0.0194375740557215,2001-10-16,0.2,bmo,224476190.0,2025-04-24,2001-09-30,0.0499999999999999,10.82949152542373,604008.220338983
2001-06-30,POOL,USD,945841,2001-08-13,2001-08-13 00:00:00,2001,Q2,332130000.0,243827000.0,88303000.0,0.2658687863,0,45177000.0,0.0,45177000.0,577000.0,45754000.0,289581000.0,0.0,0.0,955000.0,43384000.0,0.130623551,42549000.0,0.1281094752,-1155000.0,41394000.0,0.1246319212,15928000.0,25466000.0,0.076674796,0.44,0.42,57595688,60480358,https://www.sec.gov/Archives/edgar/data/945841/000094584101500017/0000945841-01-500017-index.htm,https://www.sec.gov/Archives/edgar/data/945841/000094584101500017/pool2q10q.htm,5.766577525734218,0.442151155482334,0.0774363525269461,0.0566709091138906,0.0514274610279852,2.633495757529626,1.2794186953717783,2.633495757529626,1.506640566564636,587476017.5999999,671290017.5999999,5.767258477970628,1.7688134694246227,131.7210801793722,179.98652499999997,3.873178823560437,3.873178823560437,2.02116646373408,15.473216337820393,150.51345686098654,205.6648338235294,0.043348152498268,0.0055559714817539,0.5721066997191419,0.2304189314420301,1.931910381707542,1.7326504103078697,0.0,0.1751354747506479,0.0,0.0,0.1360220395628218,0.0,0.2070865451764599,0.2681614349775785,0.0036009996085869,11960.0,0.0,5.118502888869444,0.1190320104111958,0.085281234511674,-0.9074377234629092,119011000.0,73689000.0,56527000.0,208922000.0,119533500.0,128154000.0,157625000.0,36.42435191039653,37.61753210267936,50.85138233255546,2.470874436459402,2.3925014473129043,1.769863391547987,0.1678951462967602,0.0207654434130555,2001-07-17,0.41,bmo,323802380.0,2025-04-24,2001-06-30,0.024390243902439,9.856190476190475,410721.50793650793
2001-03-31,POOL,USD,945841,2001-05-02,2001-05-02 00:00:00,2001,Q1,155514000.0,118002000.0,37512000.0,0.2412130098,0,34530000.0,0.0,34530000.0,0.0,34530000.0,152532000.0,0.0,0.0,899000.0,3668000.0,0.0235863009,2982000.0,0.0191751225,-1504000.0,1708000.0,0.010982934,666000.0,1042000.0,0.0067003614,0.0178,0.0178,57403601,60251202,https://www.sec.gov/Archives/edgar/data/945841/000094584101500011/0000945841-01-500011-index.htm,https://www.sec.gov/Archives/edgar/data/945841/000094584101500011/pool1q10q.htm,2.7091331778994143,0.0181521713245829,-0.0427150902954677,-0.0570695904600131,0.0532370782801587,2.1948274638728678,0.8494763246647192,2.1948274638728678,1.5719571320969916,552796677.63,639976677.63,132.6287614275432,3.554642524981673,-225.44725841354,-168.7413545879121,4.387588618472749,4.387588618472749,4.115235140437517,174.47564820883315,-261.00190767944537,-195.3530761996337,0.0018849606775267,-0.0059262295389421,0.7162098880078736,0.2337090524832687,23.76772082878953,1.4782621940384135,0.0,-2.3531669865642995,0.0,0.0,0.2220378872641691,0.0,0.2000186478254563,-0.3360522022838499,0.0052985583291536,0.9165739710789766,0.0,0.9467945360122773,0.0093106176178098,0.0033735220606327,-1.5648539191818298,94199000.0,48763000.0,31047000.0,183548000.0,78952000.0,111269500.0,147166500.0,60.56310042825727,117.75690242538263,135.36685818884428,1.4860533784364878,0.7642864082386087,0.664859931036037,0.0082704320149851,0.0143545001645454,2001-04-17,0.01834,bmo,155514000.0,2025-04-24,2001-03-31,0.0905125408942203,9.568709677419356,369611.6129032258
2000-12-31,POOL,USD,945841,2001-03-27,2001-03-27 00:00:00,2000,Q4,104699000.0,77603000.0,27096000.0,0.2587990334,0,27820000.0,0.0,27820000.0,3133000.0,30953000.0,108556000.0,0.0,0.0,3133000.0,-724000.0,-0.0069150613,-3857000.0,-0.0368389383,-726000.0,-4583000.0,-0.0437731019,-1872000.0,-2711000.0,-0.025893275,-0.0472,-0.0472,57414159,57489750,https://www.sec.gov/Archives/edgar/data/945841/000094584101500007/0000945841-01-500007-index.htm,https://www.sec.gov/Archives/edgar/data/945841/000094584101500007/pool10k2000.htm,1.823574564594772,-0.0472183176975561,0.0864420917495282,0.068415179607525,0.05975877831808,2.145725064090898,1.1051455094900893,2.145725064090898,0.7139528073554121,511560156.69,549120156.69,-47.17448881316857,4.886008048691965,103.07478474511385,130.23425577647657,4.152442523560209,4.152442523560209,5.2447507300929335,-758.4532550966852,110.6427879689704,139.7963739027495,-0.0052994744890635,0.0076784713364225,0.3327326596046917,0.1627240427939104,-51.87845303867403,1.9959225737073216,0.0,-1.8306897823681296,0.0,0.0,0.2657140946904937,0.0,0.2371687739425577,0.2085432198267177,0.009885481236688,0.3303542930098946,0.0,,-0.0135096271798138,-0.0141079615530726,-0.4687563219379387,88908000.0,63451000.0,49470000.0,157881000.0,60103000.0,54348500.0,102535500.0,45.77837419650617,79.0299344097522,135.51550842106622,1.965993803398742,1.138808992721296,0.6641306301294834,-0.0220057632209099,0.0180269121420031,2001-02-14,-0.06,bmo,122148833.0,2025-04-24,2000-12-31,-0.1666666666666666,7.963015873015873,215898.3650793651
2000-09-30,POOL,USD,945841,2000-11-09,2000-11-09 00:00:00,2000,Q3,190474000.0,144883000.0,45591000.0,0.2393555026,0,28173000.0,0.0,28173000.0,679000.0,28852000.0,173735000.0,0.0,0.0,679000.0,16961000.0,0.089046274,16739000.0,0.0878807606,-1160000.0,15801000.0,0.082956204,6051000.0,9750000.0,0.0511880887,0.17,0.16,57198537,59907078,https://www.sec.gov/Archives/edgar/data/945841/000094584100000006/0000945841-00-000006-index.htm,https://www.sec.gov/Archives/edgar/data/945841/000094584100000006/0000945841-00-000006-0001.htm,3.330050207403032,0.1704589052688533,0.5252581897330696,0.5008170051622125,0.0745648442022214,2.196087637696048,1.1235951716737091,2.196087637696048,0.8101780645193775,502203154.8599999,544279154.8599999,12.87700397076923,2.6365968838791645,16.71558896485155,17.53135358723731,3.998018953929928,3.998018953929928,2.857498424246878,32.09003919933966,18.116068261882567,19.000179950429377,0.0194144539030584,0.0570406611802064,0.368918822096439,0.1962462468821065,2.480749955780909,2.4644962830043577,0.0,3.081435897435897,0.0,0.0,0.1479099509644361,0.0,0.2597856329164849,0.0465317534283051,0.0073395844052206,2.0589101620029453,0.0,2.902190660244936,0.0586629890469047,0.0557805849237951,-0.2086548122725586,97121000.0,64268000.0,52914000.0,167313000.0,83978000.0,61663000.0,98517000.0,31.634711299179937,25.19115424169848,54.802702870592135,2.8449761766067723,3.572682662195152,1.642254766384802,0.0776193546846265,0.0244411845708571,2000-10-18,0.16,bmo,191500000.0,2025-04-24,2000-09-30,0.0,7.862063492063492,299282.4126984127
2000-06-30,POOL,USD,945841,2000-08-11,2000-08-11 00:00:00,2000,Q2,253957000.0,190872000.0,63085000.0,0.2484081951,0,29523000.0,0.0,29523000.0,657000.0,30180000.0,221052000.0,0.0,0.0,657000.0,33128000.0,0.1304472804,32905000.0,0.129569179,-1105000.0,32023000.0,0.1260961501,12228000.0,19795000.0,0.0779462665,0.35,0.33,57120526,59641243,https://www.sec.gov/Archives/edgar/data/945841/000089155400001943/0000891554-00-001943-index.htm,https://www.sec.gov/Archives/edgar/data/945841/000089155400001943/0000891554-00-001943-0001.htm,4.445984968695842,0.3465479291979909,0.0072828460998415,-0.007773037664254,0.0553391262538443,2.020359546408939,1.151144861656211,2.020359546408939,0.8559269919888343,397558860.96,443288860.96,5.020950504672897,1.5654573843603443,955.670338846154,-895.40284,3.4449313798481853,3.4449313798481853,1.745527238705765,13.381093363921757,1065.5982234615385,-998.3983354954954,0.0497913691376423,-0.0011168157563583,0.4236508266611209,0.1761057261105888,1.380403284230862,1.8885861258853631,0.0,0.0210154079312957,0.0,0.0,0.116251963915151,0.0,0.178839649452675,2.0673076923076925,0.0033864000598526,1.308980213089802,0.0,3.969056170360496,0.1209848075765207,0.0868304579928324,-0.5059170848671807,101744000.0,65754000.0,54026000.0,159116000.0,88003000.0,99336000.0,119664500.0,35.79523305126458,39.02913994718974,51.30705394190871,2.514301272214247,2.3059693378275523,1.7541447634452083,0.1715278499878687,0.0150558837640955,2000-07-18,0.32,bmo,247563636.0,2025-04-24,2000-06-30,0.03125,6.529047619047619,398622.253968254
2000-03-31,POOL,USD,945841,2000-04-26,2000-04-26 00:00:00,2000,Q1,120631000.0,92109000.0,28522000.0,0.2364400527,0,25403000.0,0.0,25403000.0,662000.0,26065000.0,118174000.0,0.0,0.0,662000.0,3119000.0,0.0258557087,2457000.0,0.0203678988,-476000.0,1981000.0,0.0164219811,739000.0,1242000.0,0.0102958609,0.0208,0.0208,57433931,59604174,https://www.sec.gov/Archives/edgar/data/945841/000089155400001164/0000891554-00-001164-index.html,https://www.sec.gov/Archives/edgar/data/945841/000089155400001164/0000891554-00-001164-d1.html,2.100343784582672,0.0216248475139199,-0.2980816340083008,-0.3154232991643911,0.0371905590094468,1.6696924332064265,0.7975250727657837,1.6696924332064265,0.8207865834570857,347475282.55,392480282.55,69.94268972423511,2.880480826238695,-20.296453419976636,-19.1805742189225,3.623421822893312,3.623421822893312,3.253560714492958,125.8352941808272,-22.9252501489486,-21.66484226926474,0.0035743549609785,-0.0521360825065109,0.4915795071795781,0.1735428270609154,14.42930426418724,1.624832400943178,0.0,-13.784219001610309,0.0,0.0,0.2105843439911797,0.0,0.1844065101108456,-0.0581775700934579,0.0082565841284578,1.5045317220543806,0.0,0.9013345638123428,0.0104887556286818,0.0056060339341087,-0.9070726849603938,81087000.0,45805000.0,35119000.0,138514000.0,57966500.0,83515500.0,107408500.0,55.95651200769288,113.2452854769892,127.52858026902908,1.6083918881081585,0.7947350710532446,0.7057241585387344,0.0129513957683764,0.0173416651560903,2000-04-18,,bmo,,2025-04-24,2000-03-31,,5.253968253968254,279426.01587301586
1999-12-31,POOL,USD,945841,2000-03-22,2000-03-22 00:00:00,1999,Q4,82400000.0,63500000.0,18900000.0,0.229368932,0,21100000.0,0.0,21100000.0,2200000.0,23300000.0,86800000.0,0.0,0.0,2200000.0,-2200000.0,-0.0266990291,-4400000.0,-0.0533980583,-1943000.0,-4700000.0,-0.057038835,-1700000.0,-3000000.0,-0.036407767,-0.0521,-0.0521,57550500,57550500,https://www.sec.gov/Archives/edgar/data/945841/000089155400000755/0000891554-00-000755-index.html,https://www.sec.gov/Archives/edgar/data/945841/000089155400000755/0000891554-00-000755-d1.html,1.4317859966464237,-0.0521281309458649,0.3249320162292247,0.2502150285401517,0.0695041745944865,1.6959018601054725,0.8323124907689768,1.6959018601054725,0.4830540134316817,294658560.0,318458560.0,-24.55488,3.5759533980582523,15.757142245989307,20.4624,3.01904262295082,3.01904262295082,3.864788349514563,-144.7538909090909,17.029869518716577,22.115177777777777,-0.0101812755753642,0.0488701227617483,0.2848360655737705,0.1432251416795466,-10.818181818181818,1.9272197962154296,0.0,-6.233333333333333,0.0,0.0,0.2560679611650485,0.0,0.256053580628542,0.2299465240641711,0.0521844660194174,1.9545454545454544,0.0,,-0.0215376582691554,-0.020775623268698,-0.3414566337390639,63700000.0,47900000.0,35900000.0,120200000.0,50516000.0,39466000.0,77000000.0,44.70728155339806,72.47055118110237,119.48031496062993,2.013094889084335,1.2418837518579364,0.7532621589561092,-0.0307377049180327,0.074716987689073,2000-02-15,-0.06,bmo,96133333.0,2025-04-24,1999-12-31,-0.1666666666666666,4.708125,210062.28125
1999-09-30,POOL,USD,945841,1999-11-09,1999-11-09 00:00:00,1999,Q3,163300000.0,124700000.0,38600000.0,0.2363747704,0,24600000.0,0.0,24600000.0,600000.0,25200000.0,149900000.0,0.0,0.0,700000.0,14075000.0,0.0861910594,13400000.0,0.0820575628,-500000.0,12900000.0,0.0789957134,4800000.0,8100000.0,0.0496019596,0.14,0.13,58077839,60659163,https://www.sec.gov/Archives/edgar/data/945841/000089924399002226/0000899243-99-002226-index.html,https://www.sec.gov/Archives/edgar/data/945841/000089924399002226/0000899243-99-002226-d1.html,2.811743735850778,0.1394679991450783,0.3082070598391238,0.2978760969394884,0.0103309628996354,1.7390454214386315,0.90568108086804,1.7390454214386315,0.6715125884763034,269481172.96,307881172.96,8.31732015308642,1.6502215123086343,15.054814131843576,15.57694641387283,2.6681304253465346,2.6681304253465346,1.885371542927128,21.874328451865008,17.20006552849162,17.796599593063583,0.0300577584364393,0.0641974346852345,0.3861386138613861,0.2021772939346811,2.7282415630550623,2.4621072088724585,0.0,2.2375,0.0,0.0,0.1506429883649724,0.0,0.2509072058061171,0.0335195530726257,0.0036742192284139,0.8571428571428571,0.0,2.3360600742243878,0.0585114985283177,0.0560553633217993,-0.1958578383055884,79100000.0,52600000.0,41300000.0,133900000.0,75850000.0,47550000.0,79500000.0,33.123086344151865,20.064153969526867,50.304731355252606,2.717138103161397,4.485611510791367,1.7890961262553802,0.0801980198019802,0.0103309628996354,1999-10-18,0.12,bmo,149691666.0,2025-04-24,1999-09-30,0.0833333333333334,4.59609375,285999.53125
1999-06-30,POOL,USD,945841,1999-08-12,1999-08-12 00:00:00,1999,Q2,225100000.0,170500000.0,54600000.0,0.2425588627,0,26400000.0,0.0,26400000.0,1100000.0,27500000.0,198000000.0,0.0,0.0,1100000.0,28294000.0,0.1256952466,27100000.0,0.1203909374,-1957000.0,25200000.0,0.1119502443,9300000.0,15877000.0,0.0705330964,0.27,0.26,58195538,60011939,https://www.sec.gov/Archives/edgar/data/945841/000089924399001709/0000899243-99-001709-index.html,https://www.sec.gov/Archives/edgar/data/945841/000089924399001709/,3.867994140719173,0.2728216036081666,0.0584237231383615,0.0257751719728065,0.1340308942585941,1.6444559718650595,0.8127770895425007,1.6444559718650595,1.0430352924995727,297379199.18,350279199.18,4.68254706777099,1.3210981749444692,87.46447034705884,198.25279945333327,3.107410649738767,3.107410649738767,1.5561048386494891,12.379981592563794,103.0232938764706,233.51946612,0.053389746302968,0.0050440649653241,0.6342737722048067,0.2419290554005579,1.8696543436771047,1.9947916666666667,0.0,0.2138364779874214,0.0,0.0,0.1172812083518436,0.0,0.1929055400557991,0.5588235294117647,0.008440693025322,1.7272727272727273,0.0,3.1771795817065747,0.1067341418465013,0.0784049382716049,-0.5850964037827092,95500000.0,47300000.0,36300000.0,150400000.0,77950000.0,75850000.0,97600000.0,36.62372278987117,35.52492668621701,47.137829912023456,2.4574235807860263,2.5334323922734026,1.9092945128779395,0.1659038662486938,0.032648551165555,1999-07-22,0.25,bmo,216096000.0,2025-04-24,1999-06-30,0.04,3.693968253968254,422525.5714285714
1999-03-31,POOL,USD,945841,1999-05-14,1999-05-14 00:00:00,1999,Q1,98900000.0,76200000.0,22700000.0,0.2295247725,0,20500000.0,0.0,20500000.0,600000.0,21100000.0,97300000.0,0.0,0.0,600000.0,2206000.0,0.0223053589,1600000.0,0.0161779575,-506000.0,1100000.0,0.0111223458,400000.0,200000.0,0.0020222447,0.003,0.003,67385445,67385445,https://www.sec.gov/Archives/edgar/data/945841/000089924399001082/0000899243-99-001082-index.html,https://www.sec.gov/Archives/edgar/data/945841/,1.4676759944228313,0.0029679999887216,-0.0400679998477416,-0.378419998562004,0.0534239997969888,1.1679079955619496,0.4541039982744048,1.1679079955619496,0.8874319966277584,186657682.65,242857682.65,233.3221033125,1.887337539433772,-69.13247505555556,-7.319909123529412,2.3717621683608643,2.3717621683608643,2.455588297775531,110.08961135539438,-89.94728987037037,-9.523830692156864,0.0010714801403327,-0.1366137178924202,0.7598475222363406,0.2525337837837837,25.475974614687217,1.7713139418254764,0.0,-3.857142857142857,0.0,0.0,0.2072800808897876,0.0,0.203125,-8.444444444444445,0.230535894843276,38.0,0.0,0.2792720817540736,0.0071501532175689,0.0010598834128245,-0.7913429969928966,76900000.0,30600000.0,18500000.0,131700000.0,49450000.0,59500000.0,87650000.0,58.51365015166834,99.68503937007874,125.07874015748033,1.5381026438569207,0.9028436018957346,0.7195467422096318,0.0025412960609911,0.3383519987142624,1999-04-21,0.00117,bmo,222525000.0,2025-04-24,1999-03-31,1.5384615384615383,2.7972131147540984,218085.96721311475
1998-12-31,POOL,USD,945841,1999-03-31,1999-03-31 00:00:00,1998,Q4,71300000.0,55200000.0,16100000.0,0.2258064516,0,18500000.0,0.0,18500000.0,2500000.0,21000000.0,76200000.0,0.0,0.0,2500000.0,-2400000.0,-0.0336605891,-4900000.0,-0.0687237027,-100000.0,-5000000.0,-0.0701262272,-1800000.0,-3200000.0,-0.0448807854,-0.0475,-0.0475,67385445,67385445,https://www.sec.gov/Archives/edgar/data/945841/000095013199001990/0000950131-99-001990-index.html,https://www.sec.gov/Archives/edgar/data/945841/,1.0580919959792503,-0.0474879998195456,0.2033079992274296,0.1944039992612648,0.0727159997236792,1.1961039954548047,0.5446279979304136,1.1961039954548047,0.5001079980995896,201482480.55,230282480.55,-15.740818792968753,2.825841241935484,14.70675040510949,15.38034202671756,2.4997826370967746,2.4997826370967746,3.229768310659187,-95.9510335625,16.808940186131387,17.578815309160305,-0.0158822741871389,0.0650180599536002,0.4181141439205955,0.2057387057387057,-12.0,2.221782178217822,0.0,-4.28125,0.0,0.0,0.2594670406732118,0.0,0.268009768009768,0.0437956204379562,0.0084151472650771,0.24,0.0,,-0.0265088757396449,-0.0266889074228523,-0.2619259990046812,61700000.0,36700000.0,29000000.0,111000000.0,43850000.0,30150000.0,66500000.0,43.674614305750346,56.41304347826087,113.15217391304348,2.060693641618497,1.5953757225433527,0.7953890489913544,-0.0397022332506203,0.0089039999661648,1999-02-23,-0.06,bmo,83183333.0,2025-04-24,1998-12-31,-0.1666666666666666,2.746875,102365.46875
1998-09-30,POOL,USD,945841,1998-11-16,1998-11-16 00:00:00,1998,Q3,133900000.0,103800000.0,30100000.0,0.2247946229,0,19800000.0,0.0,19800000.0,300000.0,20100000.0,123900000.0,0.0,0.0,-100000.0,10200000.0,0.0761762509,10000000.0,0.074682599,-900000.0,9100000.0,0.067961165,3300000.0,5800000.0,0.0433159074,0.0979,0.0979,59229607,59229607,https://www.sec.gov/Archives/edgar/data/945841/000089924398002150/0000899243-98-002150-index.html,https://www.sec.gov/Archives/edgar/data/945841/,2.260693710157489,0.0979239993944244,0.4035144112977146,0.2853302740975472,0.0928589649429887,1.413144611950574,0.6668962027723736,1.413144611950574,0.8019637881439936,152220089.98999998,194220089.99,6.561210775431034,1.1368191933532483,6.369041422175732,9.007105916568046,1.818639067980884,1.818639067980884,1.4504861089619117,19.041185293137257,8.126363597907948,11.492313017159764,0.038102723499776,0.111023452956244,0.5675029868578255,0.2677564825253664,4.117647058823529,2.652542372881356,0.0,4.120689655172414,0.0,0.0,0.1478715459297983,0.0,0.2491544532130778,0.2928870292887029,0.0522778192681105,-70.0,0.0,1.7645303547431113,0.0472120472120472,0.0435435435435435,-0.2798431534418251,78000000.0,39500000.0,31500000.0,127800000.0,63050000.0,36250000.0,72200000.0,35.690814040328604,22.283236994219656,55.14450867052023,2.5216572504708097,4.038910505836576,1.6320754716981132,0.069295101553166,0.1181841372001674,1998-10-28,0.09,bmo,119022222.0,2025-04-24,1998-09-30,0.1111111111111112,2.81734375,161628.34375
1998-06-30,POOL,USD,945841,1998-08-13,1998-08-13 00:00:00,1998,Q2,178500000.0,136600000.0,41900000.0,0.2347338936,0,21000000.0,0.0,21000000.0,500000.0,21500000.0,158100000.0,0.0,0.0,400000.0,20700000.0,0.1159663866,20400000.0,0.1142857143,-1000000.0,19400000.0,0.1086834734,7200000.0,12200000.0,0.0683473389,0.21,0.2,58733475,59584569,https://www.sec.gov/Archives/edgar/data/945841/000089924398001565/0000899243-98-001565-index.html,https://www.sec.gov/Archives/edgar/data/945841/,3.0391527148700126,0.2077180006801913,-0.3303056732127633,-0.3626551979088586,0.0289443115701905,1.3246279059769577,0.6742321989291457,1.3246279059769577,1.0334821837120995,189709124.25,248709124.25,3.887482054303278,1.0627962142857144,-9.778820837628864,-8.906531654929578,2.4384206201799485,2.4384206201799485,1.3933284271708684,12.014933538647345,-12.820057951030927,-11.67648470657277,0.0643089785387589,-0.1122771510553741,0.7802056555269923,0.29638671875,2.85024154589372,2.2960812772133528,0.0,-1.5772357723577235,0.0,0.0,0.1176470588235294,0.0,0.1865234375,-0.0979381443298969,0.0106442577030812,4.75,0.0,2.488142651895435,0.090153661134093,0.0732292917166866,-0.513335878730145,89300000.0,39600000.0,31200000.0,133100000.0,63450000.0,64850000.0,87250000.0,36.806722689075634,30.834553440702784,53.23572474377745,2.4452054794520546,2.918803418803418,1.6905940594059403,0.1568123393316195,0.0323495246960953,1998-07-28,0.19,bmo,162763814.0,2025-04-24,1998-06-30,0.631578947368421,3.1423809523809525,181767.9841269841
1998-03-31,POOL,USD,945841,1998-05-13,1998-05-13 00:00:00,1998,Q1,74000000.0,58000000.0,16000000.0,0.2162162162,0,16800000.0,0.0,16800000.0,500000.0,17300000.0,75300000.0,0.0,0.0,500000.0,-800000.0,-0.0108108108,-1300000.0,-0.0175675676,-600000.0,-1900000.0,-0.0256756757,-700000.0,-1200000.0,-0.0162162162,-0.0208,-0.0208,57770075,57770075,https://www.sec.gov/Archives/edgar/data/945841/000089924398000933/0000899243-98-000933-index.html,https://www.sec.gov/Archives/edgar/data/945841/,1.280940002241645,-0.020772000036351,0.020772000036351,-0.3635100006361425,0.1142460001999305,1.1338050019841588,0.4898730008572777,1.1338050019841588,0.7668330013419578,170999422.0,208699422.0,-35.62487958333333,2.310803,142.49951833333333,-8.14282961904762,2.6106781984732823,2.6106781984732823,2.8202624594594594,-260.8742775,173.916185,-9.938067714285712,-0.0070175675798483,-0.1228074326473454,0.6763358778625954,0.2181191531265386,-47.125,1.6252587991718426,0.0,-1.0,0.0,0.0,0.227027027027027,0.0,0.1831610044313146,18.5,0.3,44.4,0.0,,-0.0072339438905634,-0.0072332730560578,-0.7568797513245396,60400000.0,28300000.0,19400000.0,103600000.0,39350000.0,51600000.0,71000000.0,65.55405405405405,128.63793103448276,145.3965517241379,1.37291280148423,0.6996381182147166,0.6189967982924226,-0.0183206106870229,0.3842820006724935,1998-04-29,-0.01494,bmo,98666666.0,2025-04-24,1998-03-31,0.3386880856760375,2.81344262295082,211853.29508196723
1997-12-31,POOL,USD,945841,1998-03-25,1998-03-25 00:00:00,1997,Q4,48200000.0,37400000.0,10800000.0,0.22406639,0,12300000.0,0.0,12300000.0,2000000.0,14300000.0,51700000.0,0.0,0.0,2000000.0,-1500000.0,-0.031120332,-3500000.0,-0.0726141079,-100000.0,-3600000.0,-0.0746887967,-1400000.0,-2200000.0,-0.0456431535,-0.0381,-0.0381,57770075,57770075,https://www.sec.gov/Archives/edgar/data/945841/000095013198001968/0000950131-98-001968-index.html,https://www.sec.gov/Archives/edgar/data/945841/,0.8343420014600985,-0.0380820000666435,0.1557900002726325,0.1488660002605155,0.3860130006755227,1.1528460020174804,0.588540001029945,1.1528460020174804,0.6889380012056415,146735990.5,164235990.5,-16.674544375,3.04431515560166,16.303998944444444,17.062324476744188,2.203243100600601,2.203243100600601,3.407385695020747,-109.49066033333334,18.248443388888887,19.09720819767442,-0.0149929134120643,0.0586086615198879,0.5975975975975976,0.2915750915750916,-11.666666666666666,2.915407854984894,0.0,-4.090909090909091,0.0,0.0,0.2551867219917012,0.0,0.2388278388278388,0.0444444444444444,0.0082987551867219,0.2,0.0,,-0.0194267837319608,-0.0211742059672762,-0.0839535001469186,63400000.0,34000000.0,26600000.0,100800000.0,30850000.0,16850000.0,45700000.0,46.30705394190872,48.850267379679146,116.22994652406418,1.9435483870967745,1.8423645320197044,0.7743271221532091,-0.033033033033033,0.006924000012117,1998-02-17,-0.06,bmo,64266666.0,2025-04-24,1997-12-31,-0.3333333333333333,2.53796875,322461.59375
1997-09-30,POOL,USD,945841,1997-11-13,1997-11-13 00:00:00,1997,Q3,98500000.0,77000000.0,21500000.0,0.2182741117,0,14400000.0,0.0,14400000.0,200000.0,14600000.0,91600000.0,0.0,0.0,200000.0,7100000.0,0.0720812183,6900000.0,0.0700507614,-1300000.0,5600000.0,0.0568527919,2100000.0,3500000.0,0.0355329949,0.0712,0.0683,49144879,51282051,https://www.sec.gov/Archives/edgar/data/945841/000089924397002190/0000899243-97-002190-index.html,https://www.sec.gov/Archives/edgar/data/945841/,2.004278004225018,0.0712180001501275,0.3459160007291909,0.3438812007249016,0.0386612000814978,0.9400776019816836,0.272663200574774,0.9400776019816836,1.033678402178994,111558875.33,160458875.32999998,7.968491095000001,1.1325774145177665,6.562286784117647,6.601116883431953,2.414694271212121,2.414694271212121,1.6290241150253806,22.599841595774645,9.43875737235294,9.494608007692309,0.0313735683480738,0.1514895157378421,1.0995670995670996,0.4106709781729992,6.887323943661972,2.657142857142857,0.0,4.857142857142857,0.0,0.0,0.1461928934010152,0.0,0.2651576394502829,0.0058823529411764,0.0010152284263959,0.5,0.0,1.2273487902706872,0.0433853118712273,0.0385038503850385,-0.5366785011313183,52200000.0,13400000.0,6200000.0,89700000.0,42350000.0,23450000.0,53400000.0,33.71573604060914,15.662337662337665,50.37662337662338,2.669376693766938,5.746268656716418,1.7865429234338748,0.0757575757575757,0.0020348000042893,1997-10-28,0.06,bmo,82083333.0,2025-04-24,1997-09-30,0.1666666666666668,2.03375,118213.34375
1997-06-30,POOL,USD,945841,1997-08-06,1997-08-06 00:00:00,1997,Q2,124800000.0,96600000.0,28200000.0,0.2259615385,0,16400000.0,0.0,16400000.0,200000.0,16600000.0,113200000.0,0.0,0.0,200000.0,11800000.0,0.0945512821,11600000.0,0.0929487179,-1300000.0,10300000.0,0.0825320513,3900000.0,6400000.0,0.0512820513,0.13,0.13,47928227,49017355,https://www.sec.gov/Archives/edgar/data/945841/000089924397001471/0000899243-97-001471-index.html,https://www.sec.gov/Archives/edgar/data/945841/,2.603893526042597,0.1335330013355178,-0.5445642710714085,-0.550823630509011,0.085544578980566,0.8909154932854078,0.2169911271702164,0.8909154932854078,1.460517202107226,88667219.95,154567219.95,3.463563279296875,0.7104745188301282,-3.397211492337165,-3.358606816287879,2.0765156896955506,2.0765156896955506,1.2385193906249998,13.098916944915253,-5.922115706896551,-5.854818937499999,0.0721800007219015,-0.2977425029778437,1.639344262295082,0.4433185560481317,5.584745762711864,2.43801652892562,0.0,-4.078125,0.0,0.0,0.1314102564102564,0.0,0.2045598480050665,-0.0114942528735632,0.0024038461538461,1.5,0.0,1.6360773039441203,0.0626762346981848,0.0509554140127388,-0.90552066530648,69600000.0,10400000.0,2800000.0,106800000.0,44800000.0,51650000.0,65300000.0,34.47115384615385,31.21118012422361,59.34782608695652,2.6108786610878663,2.8835820895522386,1.5164835164835164,0.1498829039812646,0.0062593594376023,1997-07-29,0.12,bmo,114400000.0,2025-04-24,1997-06-30,0.0833333333333334,1.9459375,275991.234375
1997-03-31,POOL,USD,945841,1997-05-15,1997-05-15 00:00:00,1997,Q1,63600000.0,49600000.0,14000000.0,0.2201257862,0,13600000.0,0.0,13600000.0,200000.0,13800000.0,63400000.0,0.0,0.0,200000.0,400000.0,0.0062893082,200000.0,0.0031446541,-1200000.0,-1000000.0,-0.0157232704,-400000.0,-600000.0,-0.0094339623,-0.0148,-0.0148,40439442,40439442,https://www.sec.gov/Archives/edgar/data/945841/000089924397000979/0000899243-97-000979-index.html,https://www.sec.gov/Archives/edgar/data/945841/,1.572721997499372,-0.0148369999764091,0.1829896663757131,0.1755711663875085,0.2299734996343421,0.8951656652433533,0.0914948331878565,0.8951656652433533,1.2067426647479458,75621756.54,115121756.54,-31.509065225,1.1890213292452831,10.21915628918919,10.650951625352114,2.088998799447514,2.088998799447514,1.81009051163522,287.80439135,15.556994127027028,16.214331907042254,-0.007934224586315,0.0938883242713949,1.3480662983425415,0.3036714374611076,98.75,1.4243498817966902,0.0,-12.333333333333334,0.0,0.0,0.2138364779874214,0.0,0.2022401991288114,0.0405405405405405,0.0047169811320754,1.5,0.0,,0.0013793103448275,-0.0046801872074883,-1.2463079980183702,35900000.0,3700000.0,-4000000.0,73200000.0,33550000.0,42450000.0,54500000.0,59.15094339622642,126.65322580645162,121.39112903225806,1.5215311004784688,0.7106017191977078,0.7414050822122571,-0.0165745856353591,0.0074184999882045,1997-04-29,-0.01391,bmo,63600000.0,2025-04-24,1997-03-31,0.0668583752695902,1.928688524590164,99882.73770491804
1996-12-31,POOL,USD,945841,1997-03-27,1997-03-27 00:00:00,1996,Q4,46400000.0,36300000.0,10100000.0,0.2176724138,0,13200000.0,0.0,13200000.0,1900000.0,15100000.0,51400000.0,0.0,0.0,1900000.0,-3100000.0,-0.0668103448,-5000000.0,-0.1077586207,-500000.0,-5500000.0,-0.1185344828,-2100000.0,-3400000.0,-0.0732758621,-0.0841,-0.0841,40439442,40439442,https://www.sec.gov/Archives/edgar/data/945841/000089924397000484/0000899243-97-000484-index.html,https://www.sec.gov/Archives/edgar/data/945841/,1.1473946648423092,-0.0840763331996519,0.0741849998820458,0.0692393332232428,0.1137503331524703,0.9100026652197624,0.093967666517258,0.9100026652197624,1.268563497982984,73599784.44,120299784.44,-5.411748855882353,1.586202250862069,24.53326148,26.2856373,1.9999941423913044,1.9999941423913044,2.592667768103448,-38.80638207741936,40.09992814666666,42.96420872857143,-0.0461957874723362,0.0380435896831004,1.3940217391304348,0.4531802120141343,-15.064516129032258,1.9036458333333333,0.0,-0.8823529411764706,0.0,0.0,0.2844827586206896,0.0,0.2915194346289753,0.0666666666666666,0.0043103448275862,0.1052631578947368,0.0,,-0.0342672848216085,-0.0423940149625935,-0.7857427904173356,34700000.0,3800000.0,-3300000.0,72100000.0,21400000.0,11750000.0,47600000.0,49.07327586206897,37.43801652892562,104.3801652892562,1.83399209486166,2.403973509933775,0.8622327790973872,-0.092391304347826,0.004945666658803,1997-02-18,-0.07,bmo,46400000.0,2025-04-24,1996-12-31,-0.0,1.700625,73416.15625
1996-09-30,POOL,USD,945841,1996-11-14,1996-11-14 00:00:00,1996,Q3,62300000.0,48800000.0,13500000.0,0.2166934189,0,9200000.0,0.0,9200000.0,200000.0,9400000.0,58200000.0,0.0,0.0,200000.0,4300000.0,0.0690208668,4100000.0,0.0658105939,-500000.0,3600000.0,0.0577849117,1400000.0,2200000.0,0.0353130016,0.0445,0.0445,49425985,49425985,https://www.sec.gov/Archives/edgar/data/945841/000095013196005847/0000950131-96-005847-index.html,https://www.sec.gov/Archives/edgar/data/945841/,1.2604705804042144,0.0445109996290412,0.2953911793563649,0.2933679521004994,0.1234168626077962,0.8113141296020706,0.1497188169340479,0.8113141296020706,1.1916808537047872,87978253.3,140778253.3,9.99752878409091,1.4121709999999998,6.025907760273973,6.067465744827586,2.193971403990025,2.193971403990025,2.2596830385232747,32.73912867441861,9.642346116438356,9.708845055172414,0.0250061795668771,0.1648134562362356,1.4688279301745637,0.4912427022518765,12.27906976744186,1.460820895522388,0.0,6.636363636363637,0.0,0.0,0.1476725521669342,0.0,0.2727272727272727,0.0068493150684931,0.0016051364365971,0.5,0.0,0.90140394149319,0.0249806137144123,0.0252293577981651,-0.6884030738082407,24700000.0,7400000.0,-1500000.0,63200000.0,24550000.0,16700000.0,45800000.0,25.280898876404493,15.491803278688524,97.93032786885246,3.56,5.809523809523809,0.9190207156308852,0.054862842892768,0.0020232272558655,1996-10-30,0.03452,bmo,,2025-04-24,1996-09-30,0.1587485515643105,1.6421875,199905.4375
1996-06-30,POOL,USD,945841,1996-08-07,1996-08-07 00:00:00,1996,Q2,85900000.0,65800000.0,20100000.0,0.2339930151,0,10000000.0,0.0,10000000.0,200000.0,10200000.0,76000000.0,0.0,0.0,200000.0,10100000.0,0.1175785797,9900000.0,0.115250291,-700000.0,9200000.0,0.1071012806,3600000.0,5600000.0,0.0651920838,0.12,0.12,48388909,48388909,https://www.sec.gov/Archives/edgar/data/945841/000095013196003680/0000950131-96-003680-index.html,https://www.sec.gov/Archives/edgar/data/945841/,1.775200180686033,0.1157289989737111,-0.1549941950540773,-0.1591273735888527,0.0929965170324464,0.7853039216073253,0.1797932662627297,0.7853039216073253,0.8101029928159778,77422254.4,112122254.4,3.456350642857143,0.9013068032596042,-10.322967253333331,-10.054838233766237,2.037427747368421,2.037427747368421,1.305264894062864,11.101213306930694,-14.94963392,-14.56133174025974,0.0723306243585694,-0.0994546084930329,1.0315789473684212,0.3537906137184115,3.435643564356436,2.0824175824175826,0.0,-1.3392857142857142,0.0,0.0,0.1164144353899883,0.0,0.2644404332129964,-0.0266666666666666,0.0023282887077997,1.0,0.0,1.4299842050174094,0.077257525083612,0.0687116564417178,-0.5238803792827815,39400000.0,8700000.0,3000000.0,72200000.0,29200000.0,33850000.0,41850000.0,33.10826542491269,34.19452887537994,52.659574468085104,2.7183544303797467,2.632,1.709090909090909,0.1473684210526315,0.0041331785347753,1996-07-23,0.1,bmo,,2025-04-24,1996-06-30,0.0999999999999999,1.4904761904761905,239293.47619047615
1996-03-31,POOL,USD,945841,1996-05-08,1996-05-08 00:00:00,1996,Q1,41100000.0,31900000.0,9200000.0,0.2238442822,0,8300000.0,0.0,8300000.0,200000.0,8500000.0,40400000.0,0.0,0.0,200000.0,900000.0,0.0218978102,700000.0,0.0170316302,-500000.0,200000.0,0.00486618,100000.0,100000.0,0.00243309,0.003,0.003,33704078,33704078,https://www.sec.gov/Archives/edgar/data/945841/000095013196001983/0000950131-96-001983-index.html,https://www.sec.gov/Archives/edgar/data/945841/,1.2194370069995684,0.0029670000170305,-0.0741750004257645,-0.0830760004768562,0.1305480007493455,0.961308005517908,0.0860430004938868,0.961308005517908,0.9375720053816632,45163464.52,72363464.52000001,112.9086613,1.0988677498783457,-18.065385808,-16.129808757142857,1.393934090123457,1.393934090123457,1.7606682364963506,80.40384946666668,-28.945385808000005,-25.844094471428576,0.002214179117187,-0.0619970152812359,0.9753086419753086,0.2811387900355871,30.22222222222222,1.5088062622309195,0.0,-25.0,0.0,0.0,0.2019464720194647,0.0,0.2624555160142349,-0.12,0.0072992700729927,1.5,0.0,0.2533269025325251,0.0054012345679012,0.0012062726176115,-0.9761430056030608,26000000.0,2900000.0,-2900000.0,59100000.0,19450000.0,27700000.0,35200000.0,58.68613138686131,120.47021943573668,127.52351097178683,1.5335820895522387,0.747072599531616,0.7057522123893806,0.0030864197530864,0.0089010000510917,1996-05-07,,bmo,,2025-04-24,1996-03-31,,1.0726090476190475,238913.87301587305
1995-12-31,POOL,USD,945841,1995-12-31,1995-12-30 19:00:00,1995,Q4,21400000.0,0.0,21400000.0,1.0,0,0.0,0.0,0.0,-151600000.0,-151600000.0,-151600000.0,0.0,0.0,2100000.0,-130200000.0,-6.0841121495,-130200000.0,-6.0841121495,130200000.0,0.0,0.0,-129700000.0,-2600000.0,-0.1214953271,-0.0771,-0.0771,33704078,33704078,,,0.6349380036445441,-0.077142000442795,0.0029670000170305,-0.0089010000510917,0.0593400003406116,0.9583410055008774,0.077142000442795,0.9583410055008774,0.7862550045131037,30930569.42138,55430569.42138,-2.974093213594231,1.4453537112794397,309.3056942138,-103.10189807126667,0.9576027684637772,0.9576027684637772,2.590213524363551,-0.4257340201334869,554.3056942137999,-184.76856473793333,-0.0840592348811662,-0.0096991424862884,0.8204334365325078,0.3514588859416445,-0.1881720430107527,2.1336898395721926,0.0,-0.0384615384615384,0.0,0.0,0.0,0.0,0.3938992042440318,4.0,0.0186915887850467,0.1904761904761904,0.0,,,-0.0568927789934354,-0.5763397533081902,21200000.0,2600000.0,-3200000.0,54400000.0,13700000.0,10950000.0,21600000.0,50.88785046728972,0.0,0.0,1.7685950413223142,0.0,0.0,-0.0804953560371517,0.0118680000681223,1995-12-30,,bmo,,2025-04-24,1995-12-31,,0.9069274074074074,574403.9444444445
1995-09-30,POOL,USD,945841,1995-09-30,1995-09-29 20:00:00,1995,Q3,47200000.0,0.0,47200000.0,1.0,0,0.0,0.0,0.0,0.0,0.0,0.0,0.0,0.0,-1000000.0,47200000.0,1.0,47200000.0,1.0,-47200000.0,0.0,0.0,47300000.0,900000.0,0.0190677966,0.0534,0.0534,16095203,17117151,,,2.9325507730471,0.0559172816894574,0.5902379733887171,0.5840249420898885,0.4286991596191735,0.4597643161133165,-1.323375666650492,0.4597643161133165,3.305332650976816,14837201.93352,61137201.93352,4.121444981533333,0.3143474985915254,1.5618107298442103,1.578425737608511,2.0050272883135136,2.0050272883135136,1.295279701981356,1.295279701981356,6.435494940370527,6.5039576525021285,0.0606583373356085,0.633542634394134,7.1891891891891895,0.689119170984456,0.9809322033898306,2.0392156862745097,0.0,10.555567283963647,0.0,0.0,0.0,0.0,0.371761658031088,0.0105263157894736,0.0021186440677966,-0.0999999999999999,0.0,0.7605572578278074,,0.0185567010309278,-2.635878528528034,21200000.0,-21300000.0,-28200000.0,53100000.0,19750000.0,15000000.0,22750000.0,29.17372881355932,0.0,0.0,3.084967320261438,0.0,0.0,0.1216216216216216,0.0062130312988286,1996-03-01,-0.05,bmo,,2025-04-24,1995-09-30,-0.2,,
1995-06-30,POOL,USD,945841,1995-06-30,1995-06-29 20:00:00,1995,Q2,66700000.0,0.0,66700000.0,1.0,0,0.0,0.0,0.0,0.0,0.0,0.0,0.0,0.0,1000000.0,66700000.0,1.0,66700000.0,1.0,-66700000.0,0.0,0.0,64100000.0,1600000.0,0.023988006,0.1,0.092,15858542,17393195,,,4.205935198834799,0.1008919987726488,0.0189171867123724,0.0063056868657913,0.2837587465480748,0.4098737450138859,-1.4061822328937932,0.4098737450138859,3.796061453820912,14619038.35728,70319038.35728,2.2842247433250003,0.2191759873655172,48.73029029190097,146.1918454912549,2.249082824196923,2.249082824196923,1.054258446136132,1.054258446136132,234.3975758495195,703.1974155469554,0.1094463234104061,0.0068403268091982,9.261538461538462,0.6438502673796791,0.8350824587706147,1.9042904290429044,0.0,0.187499375,0.0,0.0,0.0,0.0,0.3080213903743315,0.6666688888962963,0.0029985007496251,0.2,0.0,0.964594257200842,,0.0247295208655332,-3.1907094611850195,27400000.0,-22300000.0,-29300000.0,59400000.0,,,,32.65367316341829,0.0,0.0,2.756198347107438,0.0,0.0,0.2461538461538461,0.0126114998465811,1995-06-29,,bmo,,2025-04-24,1995-06-30,,,
1995-03-31,POOL,USD,945841,1995-03-31,1995-03-30 19:00:00,1995,Q1,25800000.0,0.0,25800000.0,1.0,0,0.0,0.0,0.0,0.0,0.0,0.0,0.0,0.0,0.0,25800000.0,1.0,25800000.0,1.0,-25800000.0,0.0,0.0,-1600000.0,1600000.0,0.0620155039,0.1,0.092,15858542,17393195,,,1.6268834802089625,0.1008919987726488,-0.5738232430194402,-0.5864347428660214,,,,,,14619038.35728,,2.2842247433250003,0.5666293936930232,-1.606487731569231,-1.5719396083096773,0.0,0.0,,,,,0.1094463234104061,-0.636156754822986,0.0,0.0,,0.0,0.0,-5.6875,0.0,0.0,0.0,0.0,0.0,-0.0219780219780219,0.0077519379844961,0.0,0.0,,0.0,0.0,,,,,,,,,,0.0,0.0,0.0,0.0,0.0,0.0,0.0126114998465811,1995-03-30,,bmo,,2025-04-24,1995-03-31,,,
1994-12-31,POOL,USD,945841,1994-12-31,1994-12-30 19:00:00,1994,Q4,10300000.0,0.0,10300000.0,1.0,0,0.0,0.0,0.0,-95800000.0,-95800000.0,-95800000.0,0.0,0.0,1600000.0,-85500000.0,-8.3009708738,-85500000.0,-8.3009708738,85500000.0,0.0,0.0,-86300000.0,-800000.0,-0.0776699029,-0.0504,-0.0504,15858542,15858542,,,0.6494922420989269,-0.0504459993863244,0.0945862488493582,0.0819747490027771,0.0504459993863244,0.1891724976987165,-1.494462731819861,0.1891724976987165,2.3961849708504097,14619038.35728,51819038.35728,-4.5684494866500005,1.4193241123572815,9.74602557152,11.245414120984616,4.87301278576,4.87301278576,5.030974597794175,-0.6060706240617544,34.54602557152,39.86079873636923,-0.054723161705203,0.088925137770955,12.666666666666666,0.7495069033530573,-0.4350877192982456,1.7589285714285714,0.0,-1.875,0.0,0.0,0.0,0.0,0.5266272189349113,0.1333333333333333,0.0194174757281553,0.125,0.0,,,-0.0333333333333333,-2.287410784673648,8500000.0,-23700000.0,-28000000.0,36500000.0,,,,46.310679611650485,0.0,0.0,1.9433962264150944,0.0,0.0,-0.2666666666666666,0.0126114998465811,1994-12-30,,bmo,,2025-04-24,1994-12-31,,,
1994-09-30,POOL,USD,945841,1994-09-30,1994-09-29 20:00:00,1994,Q3,28600000.0,0.0,28600000.0,1.0,0,0.0,0.0,0.0,0.0,0.0,0.0,0.0,0.0,-800000.0,28600000.0,1.0,28600000.0,1.0,-28600000.0,0.0,0.0,30200000.0,-800000.0,-0.027972028,-0.0504,-0.0475,15858542,16849909,,,1.803444478061098,-0.0504459993863244,0.390956432186515,0.390956432186515,,,,,,14619038.35728,,-4.5684494866500005,0.5111551873174824,2.3579097927725474,2.357909792772547,0.0,0.0,,,,,-0.054723161705203,0.4241044348113718,0.0,0.0,,0.0,0.0,-7.74999875,0.0,0.0,0.0,0.0,0.0,0.0,0.0,0.0,0.0,,0.0,0.0,,,,,,,,,,0.0,0.0,0.0,0.0,0.0,0.0,0.0,1994-09-29,,bmo,,2025-04-24,1994-09-30,,,
1994-06-30,POOL,USD,945841,1994-06-30,1994-06-29 20:00:00,1994,Q2,44900000.0,0.0,44900000.0,1.0,0,0.0,0.0,0.0,0.0,0.0,0.0,0.0,0.0,800000.0,44900000.0,1.0,44900000.0,1.0,-44900000.0,0.0,0.0,42700000.0,1400000.0,0.0311804009,0.0861,0.0801,16268665,17473789,,,2.7599068516070617,0.0860550020545631,-0.4487153678559366,-0.461008939578017,,,,,,14997106.1436,,2.6780546685,0.3340112726859688,-2.054398101863013,-1.99961415248,0.0,0.0,,,,,0.0933513430254308,-0.5000964804933795,0.0,0.0,,0.0,0.0,-5.214285714285714,0.0,0.0,0.0,0.0,0.0,-0.0273972602739726,0.0044543429844097,0.25,0.0,,0.0,0.0,,,,,,,,,,0.0,0.0,0.0,0.0,0.0,0.0,0.0122935717220804,1994-06-29,,bmo,,2025-04-24,1994-06-30,,,
1994-03-31,POOL,USD,945841,1994-03-31,1994-03-30 19:00:00,1994,Q1,18100000.0,0.0,18100000.0,1.0,0,0.0,0.0,0.0,0.0,0.0,0.0,0.0,0.0,0.0,18100000.0,1.0,18100000.0,1.0,-18100000.0,0.0,0.0,-1400000.0,1400000.0,0.0773480663,0.0861,0.0801,16268665,17473789,,,1.112568240848281,0.0860550020545631,,,,,,,,14997106.1436,,2.6780546685,0.828569400198895,0.0,0.0,0.0,0.0,,,0.0,0.0,0.0933513430254308,,0.0,0.0,,0.0,0.0,0.0,,,0.0,0.0,0.0,0.0,,0.0,,,0.0,0.0,,,,,,,,,,0.0,0.0,0.0,0.0,0.0,0.0,,1994-03-30,,bmo,,2025-04-24,1994-03-31,,,
