date,symbol,reportedCurrency,cik,fillingDate,acceptedDate,calendarYear,period,revenue,costOfRevenue,grossProfit,grossProfitRatio,researchAndDevelopmentExpenses,generalAndAdministrativeExpenses,sellingAndMarketingExpenses,sellingGeneralAndAdministrativeExpenses,otherExpenses,operatingExpenses,costAndExpenses,interestIncome,interestExpense,depreciationAndAmortization,ebitda,ebitdaratio,operatingIncome,operatingIncomeRatio,totalOtherIncomeExpensesNet,incomeBeforeTax,incomeBeforeTaxRatio,incomeTaxExpense,netIncome,netIncomeRatio,eps,epsdiluted,weightedAverageShsOut,weightedAverageShsOutDil,link,finalLink,revenuePerShare,netIncomePerShare,operatingCashFlowPerShare,freeCashFlowPerShare,cashPerShare,bookValuePerShare,tangibleBookValuePerShare,shareholdersEquityPerShare,interestDebtPerShare,marketCap,enterpriseValue,peRatio,priceToSalesRatio,pocfratio,pfcfRatio,pbRatio,ptbRatio,evToSales,enterpriseValueOverEBITDA,evToOperatingCashFlow,evToFreeCashFlow,earningsYield,freeCashFlowYield,debtToEquity,debtToAssets,netDebtToEBITDA,currentRatio,interestCoverage,incomeQuality,dividendYield,payoutRatio,salesGeneralAndAdministrativeToRevenue,researchAndDdevelopementToRevenue,intangiblesToTotalAssets,capexToOperatingCashFlow,capexToRevenue,capexToDepreciation,stockBasedCompensationToRevenue,grahamNumber,roic,returnOnTangibleAssets,grahamNetNet,workingCapital,tangibleAssetValue,netCurrentAssetValue,investedCapital,averageReceivables,averagePayables,averageInventory,daysSalesOutstanding,daysPayablesOutstanding,daysOfInventoryOnHand,receivablesTurnover,payablesTurnover,inventoryTurnover,roe,capexPerShare,report_date,epsEstimated,time,revenueEstimated,updatedFromDate,fiscalDateEnding,surprise(%),QuarterAvgPrice,QuarterAvgVolume
2025-03-31,PSA,USD,1393311,2025-04-30,2025-04-30 16:16:11,2025,Q1,1183184000.0,331847000.0,851337000.0,0.719530521,0,25184000.0,0.0,25184000.0,282715000.0,307899000.0,639746000.0,7907000.0,72009000.0,282715000.0,766941000.0,0.6482009561,543438000.0,0.4593013428,-131221000.0,412217000.0,0.348396361,1426000.0,407791000.0,0.3446556072,2.042139106938245,2.0360687044594243,175419000,175942000,https://www.sec.gov/Archives/edgar/data/1393311/000139331125000069/0001393311-25-000069-index.htm,https://www.sec.gov/Archives/edgar/data/1393311/000139331125000069/psa-20250331.htm,6.744902205576363,2.324668365456421,4.019308056709934,3.688619818833763,1.6370917631499438,55.127164104230445,53.626739406791735,54.53375061994425,54.136478944698126,52501152510.0,61638533510.0,32.18631143772178,44.37277085389931,74.46306572604152,81.13874964067914,5.4881609388249695,5.4881609388249695,52.0954758600522,80.369328944469,87.42273174170252,95.26026191013425,0.0077672771073421,0.0123245675392888,0.9851877265254034,0.480466159168647,11.914059882050902,0.0,11.472913108083713,1.7163545452553732,0.0100237228106518,1.2905066565961485,0.0212849396205493,0.0,0.0134181501659457,0.0,0.0,0.0,0.0086909559290862,53.40777013326023,0.0419717733356333,0.0210720276714177,-55.05627668610584,287177000.0,9407149000.0,-9657917000.0,550380000.0,0.0,0.0,0.0,0.0,0.0,0.0,0.0,0.0,0.0,0.0426280668215443,0.0,2025-04-30,4.06,amc,1176418120.0,2025-05-12,2025-03-31,0.0147783251231528,299.0613333333333,709577.95
2024-12-31,PSA,USD,1393311,2025-02-24,2025-02-24 16:25:54,2024,Q4,1177427000.0,310774000.0,866653000.0,0.7360566727,0,32547000.0,0.0,32547000.0,0.0,32547000.0,624212000.0,10821000.0,72135000.0,280891000.0,969321000.0,0.823253586,553215000.0,0.4698507848,63773000.0,616988000.0,0.524013803,-1373000.0,614607000.0,0.5219915969,3.22,3.21,175198000,175934000,https://www.sec.gov/Archives/edgar/data/1393311/000139331125000036/0001393311-25-000036-index.htm,https://www.sec.gov/Archives/edgar/data/1393311/000139331125000036/psa-20241231.htm,6.720550462904828,3.5080708683889084,4.387150538248154,3.798262537243576,2.553773444902339,56.01463487026108,54.403960090868615,55.43788171097844,53.7972408360826,52461289120.0,61366907120.0,21.33936365840285,44.55587405418765,68.25386942832608,78.83604597203689,5.401360780000753,5.401360780000753,52.11950050406522,63.30916911941452,79.84037251177435,92.21893689664708,0.0117154383796049,0.0126845529563304,0.9629788338989556,0.4734530624096238,9.187480721040812,0.7605907712393413,7.66916198793928,1.2429955964234485,0.0109735961440666,0.9366782350347458,0.0276424780474713,0.0,0.014284380803297,0.134230178761937,0.0876249652844719,0.3673026191654414,0.0107403686173325,66.14983296500573,0.0289275926066155,0.0315624190053925,-54.18935147661503,-140832000.0,9531465000.0,-9493866000.0,449456000.0,0.0,0.0,0.0,0.0,0.0,0.0,0.0,0.0,0.0,0.0632793093841138,0.5888880010045777,2025-02-24,4.23,amc,1180035230.0,2025-05-12,2024-12-31,-0.0047281323877069,331.84171875,727786.0625
2024-09-30,PSA,USD,1393311,2024-10-30,2024-10-30 16:18:39,2024,Q3,1187758000.0,327672000.0,860086000.0,0.7241256215,0,26214000.0,0.0,26214000.0,0.0,26214000.0,350444000.0,12235000.0,74252000.0,280330000.0,785237000.0,0.661108576,840202000.0,0.7073848377,-404571000.0,435631000.0,0.3667674728,2488000.0,430329000.0,0.3623036006,2.17,2.16,175043000,175866000,https://www.sec.gov/Archives/edgar/data/1393311/000139331124000193/0001393311-24-000193-index.htm,https://www.sec.gov/Archives/edgar/data/1393311/000139331124000193/psa-20240930.htm,6.785521271916044,2.458418788526248,4.563278737224568,3.932805082179807,3.4220391560930743,55.47222682426604,53.78952028930034,54.901155716024064,54.54676850830938,63692896410.0,72567670410.0,37.00244255557957,53.62447267035878,79.73871879264368,92.52174781017126,6.627729330182331,6.627729330182331,61.096343202908336,92.41499115553648,90.84926876322344,105.41344607138188,0.0067563107387975,0.0108082696627361,0.9858185112834328,0.4783958607941466,11.302032380033037,0.967046379170057,11.315547055971557,1.844125381225138,0.0090253706834055,1.3358430410221016,0.022070152337429,0.0,0.0148736425123612,0.1381624247280193,0.0929145499335723,0.3936788784646666,0.0091996854578121,55.107401828536354,0.0435473295675404,0.0220583429739172,-54.23918694263696,-20412000.0,9415479000.0,-9494190000.0,18506336000.0,0.0,0.0,0.0,0.0,0.0,0.0,0.0,0.0,0.0,0.044778998847354,0.6304736550447604,2024-10-30,4.25,amc,1182131800.0,2025-04-24,2024-09-30,-0.0117647058823529,324.6440625,695011.390625
2024-06-30,PSA,USD,1393311,2024-07-30,2024-07-30 16:23:50,2024,Q2,1173211000.0,301044000.0,872167000.0,0.7434016558,0,26580000.0,0.0,26580000.0,283342000.0,309922000.0,610966000.0,12963000.0,73236000.0,283342000.0,849160000.0,0.7237913726,562245000.0,0.4792360453,-38961000.0,523284000.0,0.4460271852,2075000.0,518127000.0,0.4416315565,2.67,2.66,175469000,176009000,https://www.sec.gov/Archives/edgar/data/1393311/000139331124000167/0001393311-24-000167-index.htm,https://www.sec.gov/Archives/edgar/data/1393311/000139331124000167/psa-20240630.htm,6.686143991246317,2.952812177649613,5.1779174669029855,4.596549817916555,3.0903635399985183,55.87111113644006,54.0429021650548,55.32170924778736,53.99105255059298,49680537970.0,58538794970.0,23.971216501938716,42.34578261710809,54.680284459872944,61.5961995878753,5.117882362091407,5.117882362091407,49.896220688350176,68.93729682274247,64.43001810549394,72.57907112002698,0.0104291745051729,0.0162347678378008,0.9684024664052469,0.4750433604689368,10.431787884497622,0.9275890618104188,7.677166967065378,1.7535546338128578,0.0115659375578215,1.1089983729857738,0.0226557712125099,0.0,0.0162109180958364,0.112278276489053,0.086951111095958,0.3600313402178286,0.0092285189961567,60.625727847121965,0.0291611438887672,0.0266143338637088,-53.8149245735714,-42331000.0,9482854000.0,-9442851000.0,659209000.0,0.0,0.0,0.0,0.0,0.0,0.0,0.0,0.0,0.0,0.0533752882511979,0.5813676489864307,2024-07-30,4.2,amc,1179830000.0,2025-04-24,2024-06-30,0.0071428571428572,275.75396825396825,698639.9365079365
2024-03-31,PSA,USD,1393311,2024-04-30,2024-04-30 16:22:31,2024,Q1,1157220000.0,324483000.0,832737000.0,0.7196012858,0,21336000.0,0.0,21336000.0,285203000.0,306539000.0,631022000.0,8640000.0,67778000.0,285203000.0,813774000.0,0.7032146005,526198000.0,0.4547086984,-13022000.0,513176000.0,0.4434558684,1479000.0,508948000.0,0.4398022848,2.61,2.6,175700000,176350000,https://www.sec.gov/Archives/edgar/data/1393311/000139331124000109/0001393311-24-000109-index.htm,https://www.sec.gov/Archives/edgar/data/1393311/000139331124000109/psa-20240331.htm,6.586340352874218,2.896687535571998,3.7881957882754698,3.193545816733068,1.5460728514513375,57.17301081388731,55.172640865110985,56.62300512236767,51.99583380762664,50338050000.0,59134295000.0,24.726519212178847,43.49911857728003,75.62967069619853,89.71219341799944,5.059780903200853,5.059780903200853,51.1003050413923,72.66672933762936,88.84546099226847,105.38881245254908,0.0101106022184013,0.0111467567774278,0.9114682959376847,0.4622374490789674,10.809198868481912,0.538767584892413,7.763551594912804,1.3007424315561749,0.0114583699606957,1.1333024198935844,0.0184372893658941,0.0,0.017915996449068,0.1569744555925154,0.0902853390020912,0.3663355574801106,0.0089412557681339,60.74891724305312,0.027451279708898,0.0264170099325648,-52.933648264086514,-232552000.0,9693833000.0,-9300442000.0,508191000.0,0.0,0.0,0.0,0.0,0.0,0.0,0.0,0.0,0.0,0.0511574320245275,0.5946499715424018,2024-04-30,4.07,amc,1146562084.0,2025-04-24,2024-03-31,-0.0098280098280098,286.6468852459016,757124.2295081967
2023-12-31,PSA,USD,1393311,2024-02-20,2024-02-20 17:05:57,2023,Q4,1159868000.0,290831000.0,869037000.0,0.7492550876,0,23112000.0,0.0,23112000.0,265442000.0,288554000.0,579385000.0,11200000.0,68602000.0,287525000.0,858367000.0,0.740055765,580483000.0,0.5004733297,-127765000.0,452718000.0,0.3903185535,0.0,439292000.0,0.3787430984,2.22,2.22,175670727,175670727,https://www.sec.gov/Archives/edgar/data/1393311/000139331124000043/0001393311-24-000043-index.htm,https://www.sec.gov/Archives/edgar/data/1393311/000139331124000043/psa-20231231.htm,6.602511527148174,2.500655672700666,4.50663587223613,3.7208589681535273,2.106224561818999,57.5334671439027,55.3289621212759,56.99969580020011,52.21062812588007,53579571735.0,62312846735.0,30.492002890446443,46.194542598812966,67.67797724218248,81.9703199208746,5.350905749902778,5.350905749902778,53.72408475360989,72.59464394017944,78.70924097872384,95.33118344639148,0.0081988710580349,0.0121995376005033,0.9091296489486156,0.4595475661429508,10.174290251139665,0.6177067177746651,8.461604617941168,1.7915577611977451,0.0107591378828328,1.3122706536882074,0.0199264054185476,0.0,0.0195498398321266,0.1743599719079835,0.1190118185862529,0.4800904269193983,0.0088432476799084,56.63103199229298,0.0302174003914478,0.0226183273367672,-53.12363738325054,-228991000.0,9719679000.0,-9332268000.0,503729000.0,0.0,0.0,0.0,0.0,0.0,0.0,0.0,0.0,0.0,0.0438713862871507,0.7857769040826023,2024-02-20,4.15,amc,1185780000.0,2025-04-24,2023-12-31,0.0120481927710842,265.351746031746,957280.984126984
2023-09-30,PSA,USD,1393311,2023-10-30,2023-10-30 16:13:48,2023,Q3,1143820000.0,288944000.0,854876000.0,0.7473868266,4757000,20732000.0,0.0,20732000.0,233991000.0,259480000.0,548424000.0,28515000.0,58350000.0,238748000.0,1057684000.0,0.9246944449,595396000.0,0.520532951,-199459000.0,619477000.0,0.5415860887,2834000.0,613298000.0,0.536184015,3.21,3.2,175499000,176150000,https://www.sec.gov/Archives/edgar/data/1393311/000139331123000096/0001393311-23-000096-index.htm,https://www.sec.gov/Archives/edgar/data/1393311/000139331123000096/psa-20230930.htm,6.517530014416036,3.4945954108000614,4.989606778386202,4.278069960512595,3.588470589576009,58.130764277859136,55.77011834825269,57.59382674545154,51.78361130262851,46247496480.0,54647345480.0,18.851967754664127,40.432495042926334,52.813781066176674,61.59787063613733,4.575490376159306,4.575490376159306,47.7761758668322,51.66698700178881,62.40625243955778,72.78578028415137,0.0132612151290226,0.0162343274154242,0.8933445419953324,0.4543034831039575,7.941737796922332,0.9775501524286132,10.203873179091689,1.4200615266856187,0.0124611501997567,0.9396688070073602,0.0181252294941511,0.0041588711510552,0.0208440446697128,0.1426037861251543,0.1091727719396408,0.5230368421934425,0.0083186165655435,67.29420672902718,0.030817712671567,0.0315134662572557,-51.53354150166098,-14463000.0,9787600000.0,-9044085000.0,856892000.0,0.0,0.0,0.0,0.0,0.0,0.0,0.0,0.0,0.0,0.0606765621990215,0.7115368178736061,2023-10-30,2.81,amc,1136810000.0,2025-04-24,2023-09-30,0.1387900355871886,280.3060317460317,768641.9682539683
2023-06-30,PSA,USD,1393311,2023-08-02,2023-08-02 16:17:38,2023,Q2,1119770000.0,279880000.0,839890000.0,0.750055815,2889000,19769000.0,0.0,19769000.0,219244000.0,241902000.0,521782000.0,13245000.0,38079000.0,222133000.0,1027024000.0,0.9171740625,597988000.0,0.5340275235,-14305000.0,583683000.0,0.5212525787,2518000.0,578029000.0,0.5162033275,3.01,3.0,175484000,176212000,https://www.sec.gov/Archives/edgar/data/1393311/000139331123000080/0001393311-23-000080-index.htm,https://www.sec.gov/Archives/edgar/data/1393311/000139331123000080/psa-20230630.htm,6.381037587472362,3.293912835358209,5.028378655603929,4.449505368010759,3.713529438581295,57.88887305965216,56.68066034510269,57.36103576394429,39.50357867383921,51220269920.0,57462771920.0,22.15298450423768,45.74177725782973,58.04654342701723,65.59830270088894,5.08847157504552,5.08847157504552,51.31658458433428,55.95075861907804,65.12100172257479,73.5931363174726,0.0112851611462183,0.0152442968617608,0.6849001941596337,0.3925990326147703,6.078243546402032,1.2838463478254016,15.703878778329264,1.5183295621725328,0.0112514830730122,0.997015720664534,0.0176545183385873,0.0025799941059324,0.0120739216344844,0.115121260199456,0.0907177366780678,0.4573071088041849,0.010670941354028,65.20123211202907,0.034915700249273,0.03331904951631,-38.46555811356021,144077000.0,9946549000.0,-6750090000.0,806030000.0,0.0,0.0,0.0,0.0,0.0,0.0,0.0,0.0,0.0,0.0574242217123401,0.5788732875931709,2023-08-02,2.91,amc,1122670000.0,2025-04-24,2023-06-30,0.0309278350515463,291.4101612903226,1021147.0
2023-03-31,PSA,USD,1393311,2023-05-03,2023-05-03 16:17:27,2023,Q1,1094232000.0,288291000.0,805941000.0,0.7365357621,5157000,16958000.0,0.0,16958000.0,783826000.0,805941000.0,1094232000.0,11859000.0,36101000.0,221650000.0,781271000.0,0.713990269,567333000.0,0.5184759722,-43813000.0,523520000.0,0.4784360172,3105000.0,517708000.0,0.4731245294,2.67,2.65,175451000,176228000,https://www.sec.gov/Archives/edgar/data/1393311/000139331123000025/0001393311-23-000025-index.htm,https://www.sec.gov/Archives/edgar/data/1393311/000139331123000025/psa-20230331.htm,6.23668146662031,2.950726983602259,3.9720092789439785,3.421188821950288,3.9636365708944377,57.78278835686317,56.5304158995959,57.256504665120175,39.52919048623262,53010765140.0,59214676140.0,25.59877630826644,48.44563597116517,76.0672946062021,88.31433040511386,5.276955024885744,5.276955024885744,54.11528463799267,75.79274815012973,84.96953784870848,98.64985837591274,0.0097660918236653,0.0113231906465555,0.6867940955100141,0.3940725659189875,7.940792631494065,1.4783830610444413,15.715160244868564,1.3391101332590336,0.0108704524161863,1.113081119086435,0.0154976275597862,0.004712894523282,0.0125504218753516,0.1386755212062684,0.0883194788673699,0.4360117302052786,0.0089971779293605,61.65498397775861,0.0331018058850925,0.0299460066283943,-38.04085471157189,225029000.0,9918318000.0,-6674306000.0,822107000.0,0.0,0.0,0.0,0.0,0.0,0.0,0.0,0.0,0.0,0.0515352273223866,0.5508204569936905,2023-05-03,4.07,amc,1089210000.0,2025-04-24,2023-03-31,0.0024570024570024,294.0443548387097,1045598.258064516
2022-12-31,PSA,USD,1393311,2023-02-21,2023-02-21 16:15:36,2022,Q4,1088542000.0,259657000.0,828885000.0,0.7614634989,8455000,20461000.0,0.0,20461000.0,230963000.0,259879000.0,519536000.0,10517000.0,36141000.0,226538000.0,677613000.0,0.6224959625,569006000.0,0.5227230552,-154072000.0,414934000.0,0.3811832708,0.0,412360000.0,0.37881864,2.07,2.06,175345000,176144000,https://www.sec.gov/Archives/edgar/data/1393311/000139331123000012/0001393311-23-000012-index.htm,https://www.sec.gov/Archives/edgar/data/1393311/000139331123000012/psa-20221231.htm,6.208001368730217,2.351706635490034,4.1994411018278255,3.504371382132367,4.4213008640109495,57.98169893638256,56.65564458638684,57.44904046308706,39.39072685277596,49129915550.0,55225488550.0,29.78581551920652,45.13368850260257,66.7207833628256,79.95442532963152,4.877191990352415,4.877191990352415,50.733447629949055,81.50004287107834,74.99886406075363,89.87441055276545,0.0083932568453193,0.0125071251012968,0.682076025557205,0.3914485998906012,8.995655337190993,1.506281573016243,15.744057995074844,1.774621988075212,0.0081408647973953,0.9699291880880784,0.0187967023780432,0.0077672703487784,0.0132470905391524,0.1655148156246138,0.1119635255231309,0.5379980400639186,0.0111212980298417,55.13459909476525,0.0333970217800871,0.0238086027601951,-37.69855427870769,260573000.0,9934284000.0,-6610253000.0,866082000.0,0.0,0.0,0.0,0.0,0.0,0.0,0.0,0.0,0.0,0.0409355250589622,0.6950697196954575,2023-02-21,3.99,amc,1081451257.0,2025-04-24,2022-12-31,0.0426065162907267,291.6120634920635,887074.0476190476
2022-09-30,PSA,USD,1393311,2022-11-01,2022-11-01 16:21:51,2022,Q3,1088131000.0,277042000.0,811089000.0,0.7453964642,2571000,21384000.0,0.0,21384000.0,226318000.0,250273000.0,527315000.0,8149000.0,34113000.0,220772000.0,992677000.0,0.9122771063,560816000.0,0.5153938267,2006247000.0,2778152000.0,2.55314112,0.0,2768994000.0,2.5447248539,28.52,28.36,175283000,176328000,https://www.sec.gov/Archives/edgar/data/1393311/000139331122000036/0001393311-22-000036-index.htm,https://www.sec.gov/Archives/edgar/data/1393311/000139331122000036/psa-20220930.htm,6.207852444332879,15.7972764044431,5.288687436887776,4.573141719390928,5.042057700974994,57.73952408391002,56.371387984003015,57.2056160608844,38.64929285783561,51324615230.0,57181279230.0,4.633868404012432,47.16768038958544,55.36534414147744,64.02819286322003,5.118553389729428,5.118553389729428,52.54999557038629,57.60310678095695,61.68309667460252,71.33446511575686,0.0539506041612072,0.0156181200074824,0.6722185477620211,0.3862518996133155,5.8998687387740425,1.4986756247117237,16.439949579339256,0.3336811664732527,0.0527897186926461,0.978482438026229,0.0196520455717188,0.0023627669830195,0.0137420262083603,0.1352974109428414,0.1152646142789792,0.5681109923359846,0.0126280751122796,142.5941474886168,0.033260724854352,0.160884112697212,-36.7769606864328,294075000.0,9880946000.0,-6446376000.0,940240000.0,0.0,0.0,0.0,0.0,0.0,0.0,0.0,0.0,0.0,0.276149047807298,0.7155457174968479,2022-11-01,4.05,amc,1064848199.0,2025-04-24,2022-09-30,0.0197530864197531,325.27921875,685391.25
2022-06-30,PSA,USD,1393311,2022-08-04,2022-08-04 16:14:52,2022,Q2,1032045000.0,255199000.0,776846000.0,0.7527249296,3674000,21776000.0,0.0,21776000.0,222089000.0,247539000.0,502738000.0,2023000.0,32941000.0,218708000.0,918198000.0,0.8896879497,529307000.0,0.5128720162,-114147000.0,656893000.0,0.6364964706,0.0,653850000.0,0.6335479558,3.44,3.42,175229000,176312000,https://www.sec.gov/Archives/edgar/data/1393311/000139331122000029/0001393311-22-000029-index.htm,https://www.sec.gov/Archives/edgar/data/1393311/000139331122000029/psa-20220630.htm,5.889692916126897,3.731402907053056,4.55136992164539,3.9069332131097023,5.786062809238197,57.34409258741418,55.91884904895879,56.80980887866735,42.08119089876676,54788851430.0,61115869430.0,20.94855526114552,53.08765744710744,68.69799761012725,80.02952263192951,5.503803060978273,5.503803060978273,59.21822152134839,66.56066494372674,76.63124417578229,89.2713340042769,0.0119339972080885,0.012495388790449,0.737429036218576,0.4109592584072946,6.8906902432808605,2.1408111081315626,16.068334294648007,1.2140972730718702,0.0072992586915414,0.6116356962606102,0.0210998551419753,0.0035599222902102,0.0139811948271863,0.1415918107361209,0.1094177094991013,0.516323134041736,0.0164023855548934,69.06197531910904,0.0304387445762474,0.0371229221511003,-38.8098830673005,540287000.0,9798604000.0,-6800617000.0,1170091000.0,0.0,0.0,0.0,0.0,0.0,0.0,0.0,0.0,0.0,0.0656823703635841,0.6444367085356876,2022-08-04,2.54,amc,996832130.0,2025-04-24,2022-06-30,0.3464566929133857,346.2320967741936,785746.4032258064
2022-03-31,PSA,USD,1393311,2022-05-03,2022-05-03 16:14:43,2022,Q1,973445000.0,261009000.0,712436000.0,0.7318708299,2840000,17495000.0,0.0,17495000.0,224862000.0,245197000.0,506206000.0,136000.0,33124000.0,222128000.0,868071000.0,0.89175146,467239000.0,0.4799850017,-129648000.0,516295000.0,0.5303792202,0.0,513943000.0,0.527963059,2.65,2.63,175170000,176336000,https://www.sec.gov/Archives/edgar/data/1393311/000139331122000018/0001393311-22-000018-index.htm,https://www.sec.gov/Archives/edgar/data/1393311/000139331122000018/psa-20220331.htm,5.557144488211452,2.9339670034823317,3.746309299537592,3.178009933207741,5.3692070560027405,55.96327567505851,54.41548210309985,55.36742592909745,42.67195866872181,68365347599.99999,74866546600.0,33.25531605644984,70.23031357703825,104.1771964872661,122.80641288180897,7.048909958353232,7.048909958353232,76.90886141487192,86.24472721701335,114.08392130330168,134.4846820144712,0.0075175950688796,0.0081428972358505,0.7672898215763083,0.4204652851515593,7.489247999299597,2.0717711043216416,14.105754135973916,1.2710582128434325,0.0058448324191655,0.7774869975853353,0.017972253183282,0.0029174735090323,0.0153189646224788,0.1516957946851842,0.1022646374474161,0.4481605200605056,0.0143079475471136,60.45692281892777,0.0270944707422117,0.0294900851256285,-39.70525774961466,486553000.0,9531960000.0,-6955170000.0,1095232000.0,0.0,0.0,0.0,0.0,0.0,0.0,0.0,0.0,0.0,0.0529908507438925,0.568299366329851,2022-05-03,2.32,amc,981307521.0,2025-04-24,2022-03-31,0.1336206896551724,362.91306451612905,741739.7903225806
2021-12-31,PSA,USD,1393311,2022-02-22,2022-02-22 16:12:14,2021,Q4,924316000.0,236855000.0,687461000.0,0.7437510548,2992000,15615000.0,0.0,15615000.0,208940000.0,227547000.0,464402000.0,2985000.0,29794000.0,205289000.0,857102000.0,0.9272824445,459914000.0,0.4975722588,-65195000.0,622019000.0,0.6729505927,0.0,619710000.0,0.6704525292,3.19,3.17,175071000,176079000,https://www.sec.gov/Archives/edgar/data/1393311/000139331122000010/0001393311-22-000010-index.htm,https://www.sec.gov/Archives/edgar/data/1393311/000139331122000010/psa-20211231.htm,5.279663679307252,3.539763867231009,4.163082406566478,3.585402493845354,4.196006191773623,53.82695020877244,52.0968292864038,53.3222349789514,42.86873896876124,65574593760.0,72315273760.0,26.45374197608559,70.94391286096962,89.97179575624114,104.46804804843076,7.024461749359439,7.024461749359439,78.23652707515612,84.37184111109296,99.2203636762779,115.2067448781265,0.0094504588510011,0.0095723048212445,0.8007645703986116,0.4300856433967661,7.864501541240132,1.5237766313828718,15.43646371752702,1.1717246579284557,0.0060848566055988,0.6438689064239725,0.0168935731935831,0.0032369882161511,0.0174268225802702,0.1387625457065042,0.1094160438637868,0.492646951370994,0.0131643290822619,65.16772756292876,0.0272157512564341,0.0362870062057567,-41.25623889736164,252508000.0,9120644000.0,-7222771000.0,827873000.0,0.0,0.0,0.0,0.0,0.0,0.0,0.0,0.0,0.0,0.0663843867127532,0.5776799127211246,2022-02-22,2.17,amc,922222625.0,2025-04-24,2021-12-31,0.4608294930875576,334.00765625,618455.171875
2021-09-30,PSA,USD,1393311,2021-11-01,2021-11-01 16:21:23,2021,Q3,894931000.0,236734000.0,658197000.0,0.7354723437,1885000,25491000.0,0.0,25491000.0,192858000.0,220234000.0,456968000.0,18000.0,23736000.0,188552000.0,781928000.0,0.87372993,437963000.0,0.489381863,-101748000.0,491628000.0,0.5493473799,0.0,490091000.0,0.547629929,2.53,2.52,174926000,175806000,https://www.sec.gov/Archives/edgar/data/1393311/000139331121000016/0001393311-21-000016-index.htm,https://www.sec.gov/Archives/edgar/data/1393311/000139331121000016/psa-20210930.htm,5.116054788882156,2.8017047208533894,3.911739821410196,3.4632130157895338,5.478013560019665,51.66354915792964,50.1832146164664,51.54953523204098,33.139304620239415,51970514600.00001,56785457600.00001,26.510645267919635,58.07209114445696,75.95085909698729,85.78738837185503,5.763388528386487,5.763388528386487,63.45233051486652,72.62236113810991,82.98752325487933,93.73538327451364,0.0094301740856728,0.0116567250615601,0.640231047821789,0.3777107360923214,6.15778306954093,2.0207740226656377,18.45142399730367,1.3918348832857363,0.0076478557708951,0.8109983656096521,0.028483760200507,0.002106307637125,0.0169417284725378,0.1146617173171212,0.0876704461014312,0.4161133268276125,0.0167331336158877,57.00524506474527,0.0295706378999724,0.0326167694802591,-30.23644855538913,484049000.0,8778349000.0,-5289141000.0,971377000.0,0.0,0.0,0.0,0.0,0.0,0.0,0.0,0.0,0.0,0.0543497571460541,0.4485268056206624,2021-11-01,2.13,amc,845900000.0,2025-04-24,2021-09-30,0.1830985915492958,313.775625,716338.296875
2021-06-30,PSA,USD,1393311,2021-08-03,2021-08-03 16:16:40,2021,Q2,829315000.0,218586000.0,610729000.0,0.7364258454,2888000,22506000.0,0.0,22506000.0,175074000.0,200468000.0,419054000.0,3113000.0,21994000.0,172728000.0,722660000.0,0.8713938612,410261000.0,0.4946986368,-138202000.0,411730000.0,0.4964699782,0.0,410426000.0,0.4948975962,1.98,1.97,174824000,175547000,https://www.sec.gov/Archives/edgar/data/1393311/000156276221000287/0001562762-21-000287-index.htm,https://www.sec.gov/Archives/edgar/data/1393311/000156276221000287/psa-20210630x10q.htm,4.743713677755914,2.3476524962247747,3.553819841669336,3.2444058024069924,2.750251681691301,50.125286001921936,48.60669587699629,50.01363657163776,28.700944950350067,52567828560.0,57082638560.0,32.02028414379206,63.38704661075707,84.61036670298877,92.67952849083215,6.012160294908815,6.012160294908815,68.8310696900454,78.98961968283841,91.87716352831916,100.63934866008462,0.007807550953556,0.0107898693086134,0.5713469442279047,0.3447546007295192,6.247488445465364,1.1823913909532218,18.65331454032918,1.5089816141646224,0.0075376330134645,0.9654286034510484,0.027138059723989,0.0034823920946805,0.0183215536668676,0.0870652011208882,0.0652261203523389,0.3131686813950257,0.0220242006957549,51.39872928108623,0.0291285207467606,0.0288526883075771,-30.00990710657576,74168000.0,8497617000.0,-5246452000.0,589367000.0,0.0,0.0,0.0,0.0,0.0,0.0,0.0,0.0,0.0,0.0469402478434472,0.3094140392623438,2021-08-03,2.93,amc,829315000.0,2025-04-24,2021-06-30,0.0750853242320818,280.48285714285714,697738.1904761905
2021-03-31,PSA,USD,1393311,2021-04-28,2021-04-28 16:26:13,2021,Q1,767262000.0,228423000.0,538839000.0,0.7022881363,1807000,16158000.0,0.0,16158000.0,148468000.0,166433000.0,394856000.0,2852000.0,15250000.0,146859000.0,637255000.0,0.8305572282,372406000.0,0.4853700561,-104459000.0,434262000.0,0.5659891927,0.0,433036000.0,0.5643913031,2.21,2.21,174611000,174840000,https://www.sec.gov/Archives/edgar/data/1393311/000156276221000166/0001562762-21-000166-index.htm,https://www.sec.gov/Archives/edgar/data/1393311/000156276221000166/psa-20210331x10q.htm,4.394121790723379,2.480004123451558,2.91597894748899,2.706650783742147,0.9141577563841912,49.35150133725825,48.177113698449695,49.24058049034712,17.246112787854145,43087010360.0,45923499360.0,24.874958640852032,56.15684128759146,84.62338187060307,91.16802266557484,5.011313789210377,5.011313789210377,59.85373882715422,72.06455713960659,90.1942787560737,97.16976405542825,0.010050267966654,0.010968758241782,0.3484681866496734,0.2500565235335283,4.451105130599211,0.4333915272230654,24.420065573770493,1.172476523389106,0.0091947897217717,0.9148800561616124,0.0210592991702964,0.0023551277138708,0.0171144663105969,0.07178658265935,0.0476382252737656,0.2488849849175059,0.0187771582588476,52.41783055208606,0.032063203787392,0.0367706535818177,-18.353929592064645,-208687000.0,8412254000.0,-3204798000.0,197690000.0,0.0,0.0,0.0,0.0,0.0,0.0,0.0,0.0,0.0,0.0503650464465528,0.209328163746843,2021-04-28,1.77,amc,725090000.0,2025-04-24,2021-03-31,0.2485875706214688,232.88295081967212,850711.3770491803
2020-12-31,PSA,USD,1393311,2021-02-24,2021-02-24 16:27:43,2020,Q4,759044000.0,205524000.0,553520000.0,0.7292330879,1757000,15587000.0,0.0,15587000.0,144615000.0,161959000.0,367483000.0,2799000.0,14235000.0,141406000.0,508073000.0,0.6693590885,391561000.0,0.5158607406,-39129000.0,352432000.0,0.4643103694,0.0,351267000.0,0.462775544,1.67,1.67,174532000,174749000,https://www.sec.gov/Archives/edgar/data/1393311/000156276221000058/0001562762-21-000058-index.htm,https://www.sec.gov/Archives/edgar/data/1393311/000156276221000058/psa-20201231x10k.htm,4.349024820663259,2.012622327137717,2.9367795017532603,2.724617835124791,1.4757179199229942,49.14227190429262,47.96968464235785,49.03895560699471,14.663368322141498,40304674760.0,42592106760.0,28.68521292919631,53.099260069245,78.6337550579247,84.75684076604568,4.709113339417472,4.709113339417472,56.1128297700792,83.83068330732002,83.09649712620131,89.56708947644012,0.0087152917643342,0.0117984576933477,0.2973515069225868,0.2153752881764265,4.502171931986152,0.6526206433467205,27.50691956445381,1.4543571525854633,0.0098774646457412,1.1333487062547862,0.0205350414468726,0.0023147538219128,0.0173192741770734,0.0722429676800074,0.0487837332223164,0.2618630043986818,0.0155827593657284,47.1240934286108,0.0342816263961895,0.0302506258239398,-17.086190498017555,-137095000.0,8372245000.0,-2982087000.0,255638000.0,0.0,0.0,0.0,0.0,0.0,0.0,0.0,0.0,0.0,0.0410412967043418,0.2121616666284692,2021-02-24,2.85,amc,738410000.0,2025-04-24,2020-12-31,0.0280701754385965,229.2315625,832679.75
2020-09-30,PSA,USD,1393311,2020-11-04,2020-11-04 16:24:25,2020,Q3,734545000.0,224353000.0,510192000.0,0.6945687466,1620000,14931000.0,0.0,14931000.0,140044000.0,156595000.0,380948000.0,7192000.0,14282000.0,138333000.0,609001000.0,0.8290860329,353597000.0,0.4813823523,-18045000.0,325847000.0,0.4436038636,0.0,324867000.0,0.4422697044,1.41,1.41,174503000,174626000,https://www.sec.gov/Archives/edgar/data/1393311/000156276220000379/0001562762-20-000379-index.htm,https://www.sec.gov/Archives/edgar/data/1393311/000156276220000379/psa-20200930x10q.htm,4.209354566970196,1.8616699999426944,3.0272602763276275,2.8376589514220387,1.684526913577417,48.4350068480198,47.26196111241641,48.33227508982654,14.405780989438576,38865308160.0,41070923160.0,29.908630424142803,52.91072454376519,73.57147376511077,78.4872332485157,4.6081008929554885,4.6081008929554885,55.91342008998768,67.43982876875407,77.74667148747032,82.94140142978311,0.0083587913072139,0.0127409256080371,0.2963638086075773,0.2195465531058533,3.621693560437504,0.6780593461953663,24.758227139056157,1.621208726795091,0.0103878759519399,1.242748570953652,0.0203268690141516,0.0022054469093112,0.0179795642533588,0.0626313258850654,0.0450428496552287,0.2391764799433251,0.0118903538925457,44.994686327203375,0.0322856567105293,0.0290567068511029,-15.123745723569222,-139569000.0,8247354000.0,-2639139000.0,241789000.0,0.0,0.0,0.0,0.0,0.0,0.0,0.0,0.0,0.0,0.0385181536868012,0.189601324905589,2020-11-04,2.6,amc,851712597.0,2025-04-24,2020-09-30,0.0115384615384614,204.345,747919.875
2020-06-30,PSA,USD,1393311,2020-08-05,2020-08-05 16:26:32,2020,Q2,712943000.0,232289000.0,480654000.0,0.6741829291,4255000,11533000.0,0.0,11533000.0,138934000.0,154722000.0,387011000.0,5665000.0,14145000.0,137618000.0,583347000.0,0.8182238973,325932000.0,0.4571641772,-129917000.0,315812000.0,0.4429694941,0.0,314923000.0,0.44172255,1.41,1.41,174493000,174575000,https://www.sec.gov/Archives/edgar/data/1393311/000156276220000278/0001562762-20-000278-index.htm,https://www.sec.gov/Archives/edgar/data/1393311/000156276220000278/psa-20200630x10q.htm,4.085797137994074,1.8047887307800312,3.089659757124928,2.8467904156613733,7.269489320488501,51.63644386880849,50.45059687208083,51.53611319651791,14.166849099963896,33483461770.0,34672857770.0,26.580673505904617,46.965131532254325,62.10716230403394,67.40573487402993,3.723408462494708,3.723408462494708,48.63342198464674,59.43779220601117,64.31332637760515,69.80011428398876,0.0094053297763303,0.0148355329389826,0.2733187429658152,0.1988881745549764,2.038916802520627,3.211442937218028,23.04220572640509,1.7071042265651717,0.012029401343468,1.278998358328861,0.0161766087892019,0.0059682190581855,0.0167438969967361,0.0786071478917651,0.0594423397101872,0.307946634887878,0.009992383682847,45.74675307952238,0.0272425278071544,0.0259171716744438,-11.91670726046317,873489000.0,8803276000.0,-2079382000.0,1233793000.0,0.0,0.0,0.0,0.0,0.0,0.0,0.0,0.0,0.0,0.0350198844817419,0.2428693414635544,2020-08-05,2.52,amc,801229351.0,2025-04-24,2020-06-30,-0.0238095238095238,192.93603174603172,1096627.142857143
2020-03-31,PSA,USD,1393311,2020-04-30,2020-04-30 16:06:35,2020,Q1,719044000.0,224668000.0,494376000.0,0.687546242,2444000,13711000.0,0.0,13711000.0,137613000.0,153768000.0,378436000.0,6119000.0,13621000.0,135900000.0,586963000.0,0.8163102675,340608000.0,0.4736956292,-83927000.0,367136000.0,0.5105890599,0.0,366156000.0,0.5092261392,1.8,1.79,174446000,174616000,https://www.sec.gov/Archives/edgar/data/1393311/000156276220000160/0001562762-20-000160-index.htm,https://www.sec.gov/Archives/edgar/data/1393311/000156276220000160/psa-20200331x10q.htm,4.121871524712518,2.098964722607569,2.653829838460039,2.324192013574401,4.118334613576694,51.76506196760029,50.56446120862616,51.66686539100925,14.05758228907513,34646720060.0,36366961060.0,23.65570962922908,48.1844227335184,74.83901082190302,85.45335275227774,3.8440497308466655,3.8440497308466655,50.57682292043325,61.95784241936885,78.5548354249919,89.69618903627116,0.0105682731111604,0.0117022909902542,0.2705699429207203,0.2062137908751462,2.93074861618194,2.012146928258342,25.006093532046105,1.260976858711758,0.0115972594030304,1.0973656037317427,0.019068374118969,0.0033989575046867,0.0177102485294802,0.1242121179393023,0.0799728528434977,0.4231346578366446,0.007895205300371,49.396921717121735,0.0296945310078685,0.0315203890059304,-11.907902732077549,361382000.0,8820768000.0,-2077286000.0,732521000.0,0.0,0.0,0.0,0.0,0.0,0.0,0.0,0.0,0.0,0.0406249674084702,0.329637824885638,2020-04-30,2.58,amc,684078335.0,2025-04-24,2020-03-31,0.0,214.20306451612905,1272808.1129032257
2019-12-31,PSA,USD,1393311,2020-02-25,2020-02-25 16:08:30,2019,Q4,717499000.0,172584000.0,544915000.0,0.7594644731,1748000,17467000.0,0.0,17467000.0,135978000.0,155193000.0,327777000.0,6424000.0,12641000.0,134885000.0,534629000.0,0.7451285646,389722000.0,0.5431673076,-2619000.0,387103000.0,0.5395171282,0.0,386015000.0,0.5380007498,1.88,1.87,174383000,174590000,https://www.sec.gov/Archives/edgar/data/1393311/000139331120000008/0001393311-20-000008-index.htm,https://www.sec.gov/Archives/edgar/data/1393311/000139331120000008/psa-20191231x10k.htm,4.114500840104827,2.2136045371395148,2.867188888825172,2.539347298761921,2.3496728465504093,52.0673861557606,50.886445353044735,51.97129880779663,10.982343462378786,37136603680.0,38629353680.0,24.051269821120943,51.7584047922018,74.27484140651094,83.86407015055813,4.097646294882517,4.097646294882517,53.83889549671847,72.25450486225027,77.26040708895596,87.23508629936836,0.0103944615755987,0.0119240575636829,0.2099207418013925,0.1673927564994381,2.792123135856828,1.0690323624257732,30.829997626770037,1.2916374965447937,0.010807881179941,1.0397730658135047,0.0243442848003969,0.0024362403292548,0.0181194856971711,0.1143425155353417,0.0796795535603533,0.4238425325277088,0.0088432178999552,50.87718362826673,0.0354868259067433,0.0345906826716733,-10.758124358452372,26459000.0,8873731000.0,-1876034000.0,374329000.0,0.0,0.0,0.0,0.0,0.0,0.0,0.0,0.0,0.0,0.042592826962551,0.3278415900632516,2020-02-25,2.86,amc,771215502.0,2025-04-24,2019-12-31,-0.006993006993007,221.9078125,985328.359375
2019-09-30,PSA,USD,1393311,2019-10-30,2019-10-29 20:16:38,2019,Q3,729336000.0,212262000.0,517074000.0,0.7089654151,1312000,14326000.0,0.0,14326000.0,130503000.0,146141000.0,358403000.0,6465000.0,12597000.0,129233000.0,610354000.0,0.8368625709,370933000.0,0.5085900052,-81701000.0,399420000.0,0.5476488203,0.0,397942000.0,0.5456223195,1.94,1.93,174334000,174611000,https://www.sec.gov/Archives/edgar/data/1393311/000139331119000041/0001393311-19-000041-index.htm,https://www.sec.gov/Archives/edgar/data/1393311/000139331119000041/psa-20190930x10q.htm,4.183555703419872,2.282641366572212,3.168974497229456,2.8298495990455104,3.1052864042584924,50.41451466724793,49.201463856734776,50.32945380706001,10.927484024917687,42758900180.0,44109978180.0,26.86252027933719,58.627162487522895,77.39727795677516,86.67245074887653,4.873289524266495,4.873289524266495,60.47963926091678,72.26949963463827,79.84284505665569,89.41109091314492,0.0093066472319167,0.0115376915197354,0.2156833693577771,0.1658014759422775,2.213597354977604,1.21663647682274,29.446137969357785,1.3831555755845977,0.0093494687262089,1.0046011730352664,0.019642524158961,0.0017988965305428,0.018527998544927,0.1070140824675089,0.0810614037974267,0.4574760316637391,0.0097540776816172,50.84183412684933,0.0338152836042189,0.0355229712244312,-11.951426571982516,96395000.0,8577488000.0,-2083540000.0,491904000.0,0.0,0.0,0.0,0.0,0.0,0.0,0.0,0.0,0.0,0.0453539864613434,0.3391248981839457,2019-10-29,1.91,amc,721778113.0,2025-04-24,2019-09-30,0.0104712041884816,251.0965625,867754.328125
2019-06-30,PSA,USD,1393311,2019-07-30,2019-07-30 17:29:52,2019,Q2,710950000.0,207736000.0,503214000.0,0.7078050496,1723000,12256000.0,0.0,12256000.0,128144000.0,142123000.0,349859000.0,8582000.0,12254000.0,126859000.0,595554000.0,0.8376876011,361091000.0,0.5078992897,-97239000.0,371456000.0,0.522478374,0.0,370056000.0,0.5205091779,1.76,1.76,174253000,174542000,https://www.sec.gov/Archives/edgar/data/1393311/000139331119000024/0001393311-19-000024-index.htm,https://www.sec.gov/Archives/edgar/data/1393311/000139331119000024/psa-20190630x10q.htm,4.079987145128061,2.12367075459246,3.1081817816622954,2.89343655489432,2.0678610985176724,50.46977670398788,49.263610956482815,50.32300161259777,11.020550578756175,41202121850.0,42749900850.0,27.835058646529173,57.95361396722695,76.0734141725596,81.7194348360737,4.698646591478508,4.698646591478508,60.13067142555735,71.78173742431417,78.93115128967338,84.78926763720027,0.0089814791904946,0.0122369911393289,0.217598855231434,0.1716962149195949,2.5988894373977844,0.8774201246253084,29.46719438550677,1.4580730961405928,0.0097839135923044,1.0893432345374754,0.0172389056895702,0.0024235178282579,0.0189123095939807,0.0690903048318901,0.0526337998452774,0.2949731591767238,0.008031507138336,49.03634828552816,0.033735500543696,0.0339403984898624,-11.23911783441318,-50340000.0,8584332000.0,-1958450000.0,351712000.0,0.0,0.0,0.0,0.0,0.0,0.0,0.0,0.0,0.0,0.0422007965848528,0.2147452267679753,2019-07-30,2.63,amc,739226420.0,2025-04-24,2019-06-30,0.0038022813688213,229.34698412698413,736636.0
2019-03-31,PSA,USD,1393311,2019-05-01,2019-05-01 16:50:56,2019,Q1,689038000.0,204201000.0,484837000.0,0.7036433404,2067000,16003000.0,0.0,16003000.0,123374000.0,141444000.0,345645000.0,6965000.0,8143000.0,121941000.0,569603000.0,0.8266641317,343393000.0,0.4983658376,-79984000.0,367678000.0,0.5336106282,0.0,366521000.0,0.5319314755,1.73,1.73,174177000,174376000,https://www.sec.gov/Archives/edgar/data/1393311/000139331119000013/0001393311-19-000013-index.htm,https://www.sec.gov/Archives/edgar/data/1393311/000139331119000013/psa-20190331x10q.htm,3.955964335130356,2.104301945721881,2.7189812661832504,2.5260683098227665,1.2514453687915166,52.21482170435821,51.00651635979492,52.07243780751764,8.119860831223411,38024580870.0,39212757870.0,25.936154319943466,55.18502734246878,80.29110119852022,86.4228410415857,4.192429031399848,4.192429031399848,56.909427157863576,68.84226008289984,82.80000563785939,89.12334765206838,0.00963905430682,0.0115710151153074,0.1550361357737931,0.1293009591893933,2.085973915165475,0.582433967053668,42.17033034508167,1.2880400785469894,0.0106375925978747,1.1035929728446665,0.023225134172571,0.0029998345519405,0.01935252325146,0.0709504544072434,0.0487650898789326,0.2755512911982024,0.0096714549850661,49.653428627124256,0.0327016939994215,0.0343681411239116,-8.970311809251509,-156272000.0,8884162000.0,-1562422000.0,267972000.0,0.0,0.0,0.0,0.0,0.0,0.0,0.0,0.0,0.0,0.040411051111152,0.1929129563604839,2019-05-01,2.52,amc,685055121.0,2025-04-24,2019-03-31,0.0,209.2718032786885,954101.868852459
2018-12-31,PSA,USD,1393311,2019-02-27,2019-02-27 06:24:28,2018,Q4,692460000.0,160374000.0,532086000.0,0.7683996188,761000,25541000.0,0.0,25541000.0,123514000.0,149816000.0,310190000.0,7550000.0,7900000.0,121374000.0,717233000.0,1.0357753516,382270000.0,0.5520463276,-136612000.0,587959000.0,0.8490873119,0.0,586205000.0,0.8465543136,3.05,3.04,174075000,174466000,https://www.sec.gov/Archives/edgar/data/1393311/000139331119000004/0001393311-19-000004-index.htm,https://www.sec.gov/Archives/edgar/data/1393311/000139331119000004/psa-20181231x10k.htm,3.9779405428694528,3.367542725836565,2.7756254488008043,2.0302743070515583,2.075071090047393,52.5332643975298,51.327715065345394,52.388211977595866,8.158454689070803,35234520750.0,36285585750.0,15.026535405702782,50.88311346503769,72.92410439868617,99.6958880368966,3.8636554361993087,3.8636554361993087,52.40098453340265,50.59107117212956,75.09947026597429,102.66987083356912,0.0166372349480587,0.0100305039625095,0.1548644560576822,0.1292320742441393,1.4654442837962,0.9729541910095107,48.38860759493671,0.8218439682534283,0.0114456218338091,0.6879521669040694,0.0368844409785402,0.0010989804465239,0.0192030394563823,0.2685344818665182,0.1873711116887618,1.0689851203717435,0.0261386939317794,63.0034895756305,0.0362100598360653,0.0546913937080616,-8.170753985351142,-10041000.0,8934872000.0,-1422324000.0,485154000.0,0.0,0.0,0.0,0.0,0.0,0.0,0.0,0.0,0.0,0.0642805432503921,0.745351141749246,2019-02-26,2.11,amc,673313640.0,2025-04-24,2018-12-31,0.0284360189573459,204.10984126984127,1115054.9365079366
2018-09-30,PSA,USD,1393311,2018-10-30,2018-10-30 17:15:14,2018,Q3,706368000.0,195544000.0,510824000.0,0.7231697925,1139000,25458000.0,0.0,25458000.0,125348000.0,151945000.0,347489000.0,7020000.0,8100000.0,124516000.0,483395000.0,0.6843387583,358879000.0,0.5080623698,20710000.0,379583000.0,0.5373728708,0.0,378027000.0,0.535170053,1.85,1.85,173975000,174348000,https://www.sec.gov/Archives/edgar/data/1393311/000139331118000028/0001393311-18-000028-index.htm,https://www.sec.gov/Archives/edgar/data/1393311/000139331118000028/psa-20180930x10q.htm,4.060169564592614,2.172881161086363,3.4512200028739763,2.7244489150740048,2.48613306509556,51.27186089955453,50.06871676965081,51.12855870096279,8.196838626239403,34654080250.0,35639500250.0,22.917728264118697,49.05952739931594,57.71582218291679,73.1120333722937,3.895865736505675,3.895865736505675,50.45457927029537,73.72749045811396,59.357023596579765,75.19103992522986,0.0109085855770187,0.0136776390133741,0.1594075878481738,0.1319271413870937,2.038539910425221,1.055008500559793,44.30604938271605,1.5817792401781927,0.0116363209495366,1.0667121660622123,0.0360407039956509,0.0016124739512548,0.0194750808061823,0.2105838188219697,0.1790001812086617,1.0154518294837611,0.0263389621273896,49.99666333750139,0.0346813932859503,0.0358706256026048,-8.020652392585141,22552000.0,8710705000.0,-1395393000.0,485588000.0,0.0,0.0,0.0,0.0,0.0,0.0,0.0,0.0,0.0,0.0424983847832473,0.7267710877999712,2018-10-30,2.68,amc,706368000.0,2025-04-24,2018-09-30,0.0074626865671641,215.824126984127,912676.9206349206
2018-06-30,PSA,USD,1393311,2018-08-01,2018-08-01 16:38:12,2018,Q2,685528000.0,190977000.0,494551000.0,0.7214161931,1208000,29003000.0,0.0,29003000.0,120895000.0,151106000.0,342083000.0,6328000.0,8388000.0,119777000.0,463222000.0,0.6757156528,343445000.0,0.5009933949,61847000.0,405292000.0,0.5912114458,0.0,403802000.0,0.5890379386,2.0,2.0,173932000,174224000,https://www.sec.gov/Archives/edgar/data/1393311/000139331118000021/0001393311-18-000021-index.htm,https://www.sec.gov/Archives/edgar/data/1393311/000139331118000021/psa-20180630x10q.htm,3.941356392153255,2.32160844467953,2.9861727571694687,2.27406112733712,1.945697169008578,51.28896350297818,50.096600970494215,51.14530966124693,8.217130832739231,39458213520.0,40540628520.0,24.42918405555198,57.5588648749577,75.97015258254379,99.7598513394618,4.435597350032139,4.435597350032139,59.137815698264696,87.51878909032818,78.05416058422267,102.49645672158005,0.0102336614858482,0.0100240726762634,0.1597195352506563,0.1328756241722359,2.336708964600127,0.963234624405128,40.94480209823558,1.281522951353592,0.0102148821257633,0.9981649422241594,0.042307535213733,0.001762145382829,0.0193950001879741,0.2384696692857596,0.180676792195213,1.0340799986641842,0.0251674621605536,51.68787201408333,0.0331767224978161,0.0385102500845924,-8.24316974449785,-12917000.0,8713402000.0,-1433751000.0,428517000.0,0.0,0.0,0.0,0.0,0.0,0.0,0.0,0.0,0.0,0.0453924017677543,0.7121116298323483,2018-08-01,1.83,amc,627232500.0,2025-04-24,2018-06-30,0.0928961748633879,208.215625,838015.90625
2018-03-31,PSA,USD,1393311,2018-05-03,2018-05-02 21:45:19,2018,Q1,669924000.0,192827000.0,477097000.0,0.7121658576,2333000,27839000.0,0.0,27839000.0,119327000.0,149499000.0,342326000.0,5544000.0,8100000.0,117979000.0,445577000.0,0.6651157445,327598000.0,0.4890077083,16845000.0,344443000.0,0.5141523516,0.0,342997000.0,0.5119938978,1.66,1.65,173892000,174148000,https://www.sec.gov/Archives/edgar/data/1393311/000139331118000009/0001393311-18-000009-index.htm,https://www.sec.gov/Archives/edgar/data/1393311/000139331118000009/psa-20180331x10q.htm,3.852529156027879,1.972471419041704,2.636803303199687,2.068502288776942,2.0876751086881518,51.2719964115658,50.06013502633819,51.129453913923584,8.344322913072482,34846217880.0,35926098880.0,25.39834013125479,52.01518064735701,75.9973259123395,96.87685679017838,3.919267362748612,3.919267362748612,53.6271261814773,80.62826151260052,78.35247586250516,99.8790614296517,0.0098431629274998,0.0103223827974297,0.1622888891163348,0.1350342332427434,2.423556422346755,1.1107983317983348,40.444197530864194,1.331216829831957,0.0115677403323404,1.1752056140432716,0.0415554600223308,0.0034824845803404,0.0197213612440012,0.2155265103518066,0.1475137478281118,0.8376321209706812,0.0238504666200942,47.63566097599094,0.0315924495127683,0.0327450095166612,-8.089503829963425,36211000.0,8705057000.0,-1406700000.0,526568000.0,0.0,0.0,0.0,0.0,0.0,0.0,0.0,0.0,0.0,0.0385779872079674,0.5683010144227452,2018-04-25,2.46,amc,678020000.0,2025-04-24,2018-03-31,0.008130081300813,194.8195081967213,1069234.163934426
2017-12-31,PSA,USD,1393311,2018-03-01,2018-02-28 19:22:26,2017,Q4,672308000.0,151879000.0,520429000.0,0.774093124,1349000,17917000.0,0.0,17917000.0,121385000.0,140651000.0,292530000.0,6049000.0,8147000.0,120100000.0,509698000.0,0.7581316896,379778000.0,0.5648869268,11185000.0,390953000.0,0.5815087728,0.0,389399000.0,0.5791973322,1.92,1.92,173771000,174218000,https://www.sec.gov/Archives/edgar/data/1393311/000139331118000004/0001393311-18-000004-index.htm,https://www.sec.gov/Archives/edgar/data/1393311/000139331118000004/psa-20171231x10k.htm,3.868930949352884,2.240874484234999,2.7228939236121104,1.9437132778196595,2.493948932790857,51.58725564104483,50.35024256061138,51.44707114535797,8.283712472161637,36318139000.0,37316085000.0,23.316790104751167,54.02009049423776,76.75657071603685,107.5261471869162,4.062427565788804,4.062427565788804,55.504448853799154,73.21214719304372,78.86567968551864,110.48073933935534,0.0107218874843779,0.0093000635302376,0.160102970813564,0.1333584648014719,1.9579162562929424,1.2852156428954835,46.615686755861056,1.2102424014548692,0.0110894999328021,1.0342861691992018,0.0266499878032092,0.0020065208208142,0.0200278731957798,0.2861590159776819,0.2013943014213723,1.1273855120732723,0.0179129208636517,50.93078295992263,0.036532251680047,0.037022381294427,-7.683370642972648,96175000.0,8749412000.0,-1335147000.0,575573000.0,0.0,0.0,0.0,0.0,0.0,0.0,0.0,0.0,0.0,0.0435568912738231,0.7791806457924509,2018-02-20,2.72,amc,693309375.0,2025-04-24,2017-12-31,0.0110294117647058,211.3568253968254,785707.1904761905
2017-09-30,PSA,USD,1393311,2017-11-01,2017-10-31 19:13:28,2017,Q3,686361000.0,190619000.0,495742000.0,0.7222758869,1655000,19593000.0,0.0,19593000.0,114383000.0,135631000.0,326250000.0,4569000.0,2400000.0,113320000.0,473431000.0,0.6897696693,360111000.0,0.5246670484,-1837000.0,358263000.0,0.5219745877,0.0,356674000.0,0.5196594795,1.61,1.61,173715000,174240000,https://www.sec.gov/Archives/edgar/data/1393311/000139331117000029/0001393311-17-000029-index.htm,https://www.sec.gov/Archives/edgar/data/1393311/000139331117000029/psa-20170930x10q.htm,3.95107503669804,2.053213596983565,3.092375442535187,2.46698327720692,3.996390639841119,51.57539648274473,50.39030596091299,51.44167170365253,8.221823101056328,37173272850.0,37904893850.0,26.05549665100344,54.15994330971603,69.19923016351696,86.74156893445836,4.159857036387991,4.159857036387991,55.22588528485738,80.06424135724107,70.56116593322314,88.44876199387706,0.0095949044206905,0.0115284979541423,0.159559499070633,0.1324442251470272,1.5453593026227688,1.824911939435361,150.04625,1.4993887359953555,0.0110189383015275,1.1484156400522607,0.0285462023628964,0.002411267539968,0.0191225944189013,0.2022368166316698,0.1582840516870859,0.9587010236498412,0.0179832478826739,48.749016865510654,0.0346737140450538,0.0337765035143571,-6.40152548714849,313813000.0,8753552000.0,-1112041000.0,741651000.0,0.0,0.0,0.0,0.0,0.0,0.0,0.0,0.0,0.0,0.0399134306678797,0.6253921653282676,2017-10-25,2.6,amc,801510559.0,2025-04-24,2017-09-30,0.0038461538461537,206.7146031746032,834776.7777777778
2017-06-30,PSA,USD,1393311,2017-07-31,2017-07-28 21:09:55,2017,Q2,664312000.0,182578000.0,481734000.0,0.7251622731,1912000,11982000.0,0.0,11982000.0,111275000.0,125169000.0,307747000.0,4155000.0,1100000.0,110177000.0,466742000.0,0.702594564,356565000.0,0.5367432773,-1358000.0,355223000.0,0.5347231421,0.0,353702000.0,0.5324335553,1.59,1.59,173602000,174075000,https://www.sec.gov/Archives/edgar/data/1393311/000139331117000023/0001393311-17-000023-index.htm,https://www.sec.gov/Archives/edgar/data/1393311/000139331117000023/psa-20170630x10q.htm,3.826637941959194,2.0374304443497198,2.91611847789772,2.217382288222486,2.063720464049953,52.77603944655016,51.58248752894552,52.64390387207521,2.4301448139998385,36201225060.0,36263737060.0,25.58737656275622,54.49431149821169,71.50944023040273,94.04332356562809,3.961142405143971,3.961142405143971,54.58841186069196,77.69546571767701,71.63292218771976,94.20571686124144,0.0097704428348425,0.0106333970566464,0.0460415794269164,0.0405931971775834,0.133932665155482,1.109447143746342,324.15,1.425208399609242,0.0113159982658332,1.1581868352454892,0.0180367056443357,0.0028781656811859,0.019989239539108,0.2396117287315997,0.1825979359096328,1.100973887471977,0.0064201760618504,49.12546773633496,0.0355014969143223,0.0348182472178044,-4.869961175562493,35343000.0,8954823000.0,-845435000.0,524920000.0,0.0,0.0,0.0,0.0,0.0,0.0,0.0,0.0,0.0,0.0387021154301299,0.6987361896752342,2017-07-26,2.56,amc,752037735.0,2025-04-24,2017-06-30,-0.09765625,215.02174603174603,958071.9682539684
2017-03-31,PSA,USD,1393311,2017-05-04,2017-05-03 20:57:21,2017,Q1,645547000.0,182902000.0,462645000.0,0.7166712881,3277000,20402000.0,0.0,20402000.0,112278000.0,135957000.0,318859000.0,3998000.0,1000000.0,110929000.0,437617000.0,0.6779010668,326688000.0,0.5060638497,17333000.0,344069000.0,0.5329883029,0.0,342442000.0,0.5304679597,1.62,1.62,173364000,174069000,https://www.sec.gov/Archives/edgar/data/1393311/000139331117000016/0001393311-17-000016-index.htm,https://www.sec.gov/Archives/edgar/data/1393311/000139331117000016/psa-20170331x10q.htm,3.723650815624928,1.9752774509125308,2.648087261484507,2.098163401859671,0.6971401213631434,54.18372326434554,52.97474677557047,54.01071733462541,2.2891834521584644,37951113240.0,38226116240.0,27.70623436961588,58.78907847143585,82.66721538371057,104.33410467743975,4.0530844766185,4.0530844766185,59.21507843735623,87.35061992564275,83.266242139221,105.09013498430224,0.0090232399201157,0.009584593677126,0.0422770767470417,0.0392567923298807,0.6284102308639746,0.4103285779277658,326.688,1.3344621403925925,0.0107594735737454,1.1924179861115167,0.0316042054257861,0.0050763151250025,0.0207848918936313,0.2076683301276675,0.1476840570864708,0.8594416248230851,0.013782110365318,48.99426927019795,0.0333673590077713,0.0346800660055712,-3.2852553009852103,-173683000.0,9183914000.0,-569545000.0,241163000.0,0.0,0.0,0.0,0.0,0.0,0.0,0.0,0.0,0.0,0.0365719536490253,0.5499238596248356,2017-04-26,2.43,amc,657453703.0,2025-04-24,2017-03-31,-0.0370370370370371,221.49774193548387,784669.1451612903
2016-12-31,PSA,USD,1393311,2017-03-01,2017-02-28 19:55:07,2016,Q4,651427000.0,145166000.0,506261000.0,0.7771569186,2421000,16920000.0,0.0,16920000.0,112548000.0,131889000.0,277055000.0,3524000.0,900000.0,111741000.0,497216000.0,0.7632720167,374372000.0,0.574695246,41309000.0,415681000.0,0.6381083375,0.0,413739000.0,0.63512719,2.04,2.03,173190000,173812000,https://www.sec.gov/Archives/edgar/data/1393311/000139331117000008/0001393311-17-000008-index.htm,https://www.sec.gov/Archives/edgar/data/1393311/000139331117000008/psa-20161231x10k.htm,3.761343033662451,2.388931231595358,2.6866216294243315,2.11553207460015,1.0606155089785785,54.51616144119176,53.287920780645536,54.34441942375426,2.2613834517004445,38707965000.0,38915026000.0,23.38912031498118,59.420265048884986,83.18998014167326,105.64718100161303,4.112657792095335,4.112657792095335,59.73812261389227,78.265836175827,83.63498934011898,106.21232078473972,0.0106887303427085,0.0094654678953026,0.0415164403399522,0.0385721582043955,0.4164407420517441,0.616537164146542,415.9688888888889,1.1193583541225125,0.0105145026353103,0.98369986875784,0.0259737468664946,0.0037164563335569,0.0209982134850781,0.2125679137581238,0.1518312873123158,0.8851451123580423,0.0142517887652799,54.046871496389954,0.0380753311270907,0.0417175735426013,-2.915849644898666,-114247000.0,9228935000.0,-504996000.0,328782000.0,0.0,0.0,0.0,0.0,0.0,0.0,0.0,0.0,0.0,0.043959090131546,0.5710895548241816,2017-02-22,1.89,amc,606475862.0,2025-04-24,2016-12-31,0.074074074074074,212.78761904761907,897148.1111111111
2016-09-30,PSA,USD,1393311,2016-11-03,2016-11-02 20:45:46,2016,Q3,663148000.0,178627000.0,484521000.0,0.7306378063,2211000,19082000.0,0.0,19082000.0,110279000.0,131572000.0,310199000.0,3750000.0,1221000.0,109432000.0,462381000.0,0.6972515939,352949000.0,0.5322326238,16101000.0,369050000.0,0.5565122718,0.0,367305000.0,0.5538808833,1.78,1.78,173108000,173848000,https://www.sec.gov/Archives/edgar/data/1393311/000139331116000065/0001393311-16-000065-index.htm,https://www.sec.gov/Archives/edgar/data/1393311/000139331116000065/psa-20160930x10q.htm,3.830833930263189,2.1218256810777087,2.976904591353375,2.519328973819812,0.3305046560528687,52.50562076853756,51.27778612195855,52.33528202047277,2.496204681470527,38627319120.0,39000998120.0,26.291038183525952,58.24841380807904,74.95705460232939,88.57120380816113,4.263662894043659,4.263662894043659,58.811906422095824,84.34818498164934,75.68218587845364,89.42803776976767,0.0095089436276674,0.0112903512316026,0.0475616292715749,0.0436754600680392,0.8081625326300172,0.1654827121428612,289.06552006552005,1.396358217043761,0.0095714123688322,1.0065694722369694,0.028774873783831,0.0033340973658972,0.02154398709315,0.1537085262532843,0.1194454329953494,0.7238284962351049,0.0171545416709392,49.985425594800944,0.0370404458257151,0.0380499938828708,-4.155862236291795,-288521000.0,8876595000.0,-719413000.0,185399000.0,0.0,0.0,0.0,0.0,0.0,0.0,0.0,0.0,0.0,0.0405429301068384,0.4575756175335628,2016-10-26,1.77,amc,659374719.0,2025-04-24,2016-09-30,0.0056497175141242,233.5334375,844260.03125
2016-06-30,PSA,USD,1393311,2016-08-05,2016-08-04 21:12:02,2016,Q2,634188000.0,172004000.0,462184000.0,0.7287807401,2275000,15279000.0,0.0,15279000.0,107780000.0,125334000.0,297338000.0,4028000.0,1378000.0,107013000.0,454090000.0,0.7160179631,336850000.0,0.5311516459,21509000.0,358359000.0,0.5650674563,0.0,356659000.0,0.5623868632,1.62,1.61,173087000,174000000,https://www.sec.gov/Archives/edgar/data/1393311/000139331116000059/0001393311-16-000059-index.htm,https://www.sec.gov/Archives/edgar/data/1393311/000139331116000059/psa-20160630x10q.htm,3.663984008042199,2.0605764731031218,3.0258424953924905,2.4842535834580297,1.5028511673320353,50.65101942953544,49.4181365440501,50.48185594527608,2.531749929226343,44239306330.0,44416017330.0,31.00952613701042,69.75740053422645,84.46903643834466,102.88402186552308,5.063007197617053,5.063007197617053,70.03604188347934,97.81324699949349,84.80644244979321,103.29498532530836,0.0080620387069256,0.0097196822389687,0.0499939744234015,0.043696010167711,0.3891541324407055,0.8507206420533148,244.44847605224965,1.4614785731626665,0.0084022565188354,1.0421999725227735,0.0240922250184487,0.0035872643443269,0.0213457112771386,0.178987806787415,0.1478142128201732,0.8759870296132246,0.0132515910108674,48.37859862880361,0.034692455016703,0.0364542560969265,-5.604002611403514,-45645000.0,8553637000.0,-969980000.0,395854000.0,0.0,0.0,0.0,0.0,0.0,0.0,0.0,0.0,0.0,0.0408181600006317,0.5415889119344607,2016-07-27,2.38,amc,657834782.0,2025-04-24,2016-06-30,-0.0168067226890756,256.67843750000003,849252.46875
2016-03-31,PSA,USD,1393311,2016-05-06,2016-05-05 21:17:56,2016,Q1,611786000.0,173286000.0,438500000.0,0.7167538976,2814000,18795000.0,0.0,18795000.0,106566000.0,128175000.0,301461000.0,3836000.0,800000.0,105128000.0,430017000.0,0.7028879379,310325000.0,0.5072443632,7024000.0,317260000.0,0.5185800263,0.0,315873000.0,0.5163128937,1.4,1.39,172977000,173850000,https://www.sec.gov/Archives/edgar/data/1393311/000139331116000050/0001393311-16-000050-index.htm,https://www.sec.gov/Archives/edgar/data/1393311/000139331116000050/psa-20160331x10q.htm,3.5368054712476225,1.826098267399712,2.549356272799274,2.089803846754193,1.7673158859270308,52.478150274313926,51.24962856333501,52.311960549668456,1.9509183301826256,47712245910.0,47743204910.0,37.76220657511088,77.98845660083755,108.195940654905,131.9884640983933,5.272790335168353,5.272790335168353,78.03906089711109,111.02631968038472,108.26614565286408,132.07410732859736,0.0066203758380151,0.0075764197032744,0.0372055150945443,0.0334511518730425,0.0719948281114467,1.1109677653814003,387.90625,1.3895742542122396,0.0074893770600118,1.131261614636262,0.0307215268083937,0.0045996475891896,0.0211147330273886,0.1802621434078643,0.1299343234398956,0.7561448900388098,0.0115481557276564,46.36111044604856,0.0316263382657138,0.0320623323092607,-3.937685357012782,30535000.0,8865007000.0,-681129000.0,518172000.0,0.0,0.0,0.0,0.0,0.0,0.0,0.0,0.0,0.0,0.0349078537338682,0.4595524260450811,2016-04-26,2.19,amc,651412949.0,2025-04-24,2016-03-31,-0.0410958904109588,252.2549180327869,817475.9508196721
2015-12-31,PSA,USD,1393311,2016-02-29,2016-02-26 20:52:15,2015,Q4,609330000.0,137709000.0,471621000.0,0.7739993107,3061000,14903000.0,0.0,14903000.0,107799000.0,125763000.0,263472000.0,5035000.0,610000.0,106307000.0,480735000.0,0.788956723,345858000.0,0.5676037615,19401000.0,365259000.0,0.5994436512,0.0,363490000.0,0.5965404625,1.75,1.74,172877000,173759000,https://www.sec.gov/Archives/edgar/data/1393311/000139331116000036/0001393311-16-000036-index.htm,https://www.sec.gov/Archives/edgar/data/1393311/000139331116000036/psa-20151231x10k.htm,3.5246446895769825,2.102593173180932,2.5135327429328367,2.041486143327337,0.603232355952498,53.20336424162844,51.98019401077067,53.04720118928487,1.8488636429368857,42821632900.0,43036363900.0,29.451726938842885,70.27658723515992,98.546557905977,121.33317720995336,4.669426368342191,4.669426368342191,70.62899233584429,89.5220108791746,99.0407240433386,121.94160787247183,0.0084884665853085,0.0082417688466989,0.0347866632223418,0.0326251207784802,0.4466722830665543,0.3986764942005826,566.9803278688524,1.1896544643663811,0.0082599605864165,0.973080414866984,0.0244580112582672,0.0050235504570593,0.0216253817663561,0.1878020491011018,0.1339274284870267,0.7676446518103229,0.0132391315050957,50.09566217978639,0.0363423951317343,0.0379950440974146,-2.7551901062605206,-157293000.0,8986180000.0,-476309000.0,273355000.0,0.0,0.0,0.0,0.0,0.0,0.0,0.0,0.0,0.0,0.0396362697002314,0.4720465996054999,2016-02-16,1.71,amc,598794827.0,2025-04-24,2015-12-31,0.0175438596491228,234.13375,718610.328125
2015-09-30,PSA,USD,1393311,2015-11-05,2015-11-04 19:58:46,2015,Q3,618872000.0,164686000.0,454186000.0,0.7338932768,1933000,20519000.0,0.0,20519000.0,107203000.0,129655000.0,294341000.0,3659000.0,0.0,106082000.0,446716000.0,0.7218229295,324531000.0,0.5243911504,16605000.0,341136000.0,0.5512222237,0.0,339568000.0,0.5486885818,1.58,1.58,172771000,173529000,https://www.sec.gov/Archives/edgar/data/1393311/000139331115000030/0001393311-15-000030-index.htm,https://www.sec.gov/Archives/edgar/data/1393311/000139331115000030/psa-20150930x10q.htm,3.5820363371167616,1.96542243779338,2.7321425470709784,2.269564915408257,0.2064466837605848,53.12586024274907,51.89315336485869,52.972535900122125,0.3225367683233876,36563526730.0,36583583730.0,26.9191492793785,59.08091936620173,77.45935519611893,93.2469472731214,3.995089085389852,3.995089085389852,59.11332832960612,81.89450059993374,77.50184568940863,93.2980980834704,0.0092870691196587,0.010724211668517,0.0060887545374742,0.0057717315142755,0.0448987723743944,0.1207112446781868,0.0,1.3837149992964684,0.0097280823763687,1.0474868067662442,0.0331554828785273,0.0031234245530578,0.0220590451500106,0.1693094791699768,0.1291381739681226,0.7533794611715465,0.0159661448570948,48.39991466429043,0.0346745863193456,0.0359641802830995,-2.549843434372667,-259814000.0,8965632000.0,-440539000.0,127784000.0,0.0,0.0,0.0,0.0,0.0,0.0,0.0,0.0,0.0,0.0371026684752097,0.4625776316627212,2015-10-28,2.25,amc,599314556.0,2025-04-24,2015-09-30,0.0088888888888888,203.72375,646353.03125
2015-06-30,PSA,USD,1393311,2015-08-05,2015-08-04 20:24:43,2015,Q2,588615000.0,161097000.0,427518000.0,0.7263117658,2184000,17390000.0,0.0,17390000.0,107887000.0,127461000.0,288558000.0,3815000.0,0.0,106473000.0,414010000.0,0.7033629792,300057000.0,0.5097678449,27983000.0,328040000.0,0.5573082575,0.0,326405000.0,0.5545305505,1.53,1.52,172629000,173387000,https://www.sec.gov/Archives/edgar/data/1393311/000139331115000022/0001393311-15-000022-index.htm,https://www.sec.gov/Archives/edgar/data/1393311/000139331115000022/psa-20150630x10q.htm,3.4097109987313834,1.890788917273459,2.646386180769164,2.287286608854828,0.1173383382861512,53.90554889387067,52.65250334532437,53.75324539909285,0.3399370905236084,31827608730.0,31866035730.0,24.377390611357058,54.07203134476696,69.66859233916247,80.60642653449901,3.429932437216366,3.429932437216366,54.1373151041003,76.96924163667545,69.75270657534426,80.70374654300852,0.0102554044436375,0.0124059587180931,0.0063240291446541,0.0060907601415624,0.0928165986328832,0.071979361367949,0.0,1.3926441897329591,0.0111780310930069,1.0899649208805011,0.0295439293935764,0.0037104049336153,0.0224512125784581,0.1356943194926922,0.1053167180584932,0.582222723131686,0.0122898668909219,47.82061182201583,0.0320425007880957,0.0346559294388904,-1.7890447143875017,-261158000.0,9089349000.0,-308841000.0,100609000.0,0.0,0.0,0.0,0.0,0.0,0.0,0.0,0.0,0.0,0.0351753443580053,0.3590995719143365,2015-07-29,1.41,amc,546003947.0,2025-04-24,2015-06-30,0.0780141843971631,191.79269841269843,650523.6825396825
2015-03-31,PSA,USD,1393311,2015-05-06,2015-05-05 19:51:54,2015,Q1,564879000.0,172012000.0,392867000.0,0.6954887684,2828000,19987000.0,0.0,19987000.0,108491000.0,131306000.0,303318000.0,4037000.0,0.0,107146000.0,384891000.0,0.6813689303,261561000.0,0.4630389871,21693000.0,283254000.0,0.5014419017,0.0,281781000.0,0.4988342636,1.23,1.23,172520000,173366000,https://www.sec.gov/Archives/edgar/data/1393311/000139331115000015/0001393311-15-000015-index.htm,https://www.sec.gov/Archives/edgar/data/1393311/000139331115000015/psa-20150331x10q.htm,3.2742812427544634,1.6333236726176674,2.1399895664270807,1.73102249014607,0.8856770229538604,53.9295212149316,52.6465974959425,53.77866334338048,0.3400011592858799,34010592800.0,33916452800.0,30.17466827074927,60.20863370739573,92.12194446776871,113.8864463761904,3.6657660816381297,3.6657660816381297,60.04197854761816,88.11963075260267,91.8669545032246,113.5712131156324,0.008285095224803,0.0087806761192354,0.0063222314975541,0.0060025478875036,-0.2445887277177174,0.5778156777177346,0.0,1.3033920085859334,0.0089931687400638,1.0854635337371932,0.035382798794078,0.0050063818977161,0.0226493670651616,0.191107042154332,0.1249028553017548,0.6584940175088198,0.011078478753857,44.45620528352352,0.0275107919177733,0.0295037414585987,-1.8276083932297704,-111642000.0,9082591000.0,-315299000.0,245584000.0,0.0,0.0,0.0,0.0,0.0,0.0,0.0,0.0,0.0,0.0303712210582249,0.4089670762810109,2015-04-30,1.95,amc,550882926.0,2025-04-24,2015-03-31,-0.0205128205128205,198.07606557377048,673295.0163934426
2014-12-31,PSA,USD,1393311,2015-02-25,2015-02-24 21:54:55,2014,Q4,566147000.0,133654000.0,432493000.0,0.763923504,2735000,15069000.0,0.0,15069000.0,111988000.0,129792000.0,263446000.0,775000.0,0.0,110573000.0,418547000.0,0.7392903257,302701000.0,0.5346685578,45725000.0,348426000.0,0.6154338008,0.0,346715000.0,0.6124116175,1.65,1.64,172434000,173258000,https://www.sec.gov/Archives/edgar/data/1393311/000139331115000005/0001393311-15-000005-index.htm,https://www.sec.gov/Archives/edgar/data/1393311/000139331115000005/psa-20141231x10k.htm,3.283267801013721,2.010711344630409,2.630623890879989,2.128652121971305,1.088602015843743,55.13512996276836,53.80921975944419,54.98217288933737,0.373267453054502,31874424900.0,31751076900.0,22.983159727730268,56.30061609440658,70.26850194771268,86.83898984340094,3.361998813179821,3.361998813179821,56.082743351108455,75.86024245783628,69.99657612613507,86.50293936553949,0.0108775295895613,0.0115155646306264,0.0067888814399128,0.0065552626443728,-0.2947052541291659,0.7595340311805812,0.0,1.3018804566823372,0.0095335053402014,0.8764403039960774,0.0266167620776936,0.0048309008084472,0.0232854205597577,0.1908185243238119,0.1528878542145414,0.7828041203548787,0.0149837409718677,49.87432979572734,0.0316251259594203,0.036153640170994,-0.7179152603314891,-59429000.0,9278539000.0,-123793000.0,273776000.0,0.0,0.0,0.0,0.0,0.0,0.0,0.0,0.0,0.0,0.0365702415704335,0.5019717689086839,2015-02-19,1.42,amc,493200000.0,2025-04-24,2014-12-31,0.1549295774647887,181.03765625,622720.765625
2014-09-30,PSA,USD,1393311,2014-11-04,2014-11-04 16:59:08,2014,Q3,567090000.0,158568000.0,408522000.0,0.720383008,3372000,13419000.0,0.0,13419000.0,112160000.0,128951000.0,287519000.0,3830000.0,1200000.0,111077000.0,405214000.0,0.7145497187,279571000.0,0.492992294,15406000.0,295015000.0,0.5202260664,0.0,293459000.0,0.5174822339,1.34,1.34,172378000,173304000,https://www.sec.gov/Archives/edgar/data/1393311/000139331114000037/0001393311-14-000037-index.htm,https://www.sec.gov/Archives/edgar/data/1393311/000139331114000037/psa-20140930x10q.htm,3.289804963510425,1.70241562148302,2.477711772964067,2.1167260323243107,0.5699799278330181,53.906966086159485,52.572781909524416,53.75645383981715,0.4225133137639374,28587167520.0,28560547520.0,24.353629910822296,50.41028323546527,66.93272470575015,78.3474089076593,3.085024925456729,3.085024925456729,50.363341832866034,70.48262774731377,66.87039781972966,78.27445281560635,0.0102654101633081,0.0127636639672232,0.0077302693701889,0.0074426970924522,-0.0656936828441268,0.377223461477918,232.97583333333333,1.4479196683131228,0.0105903111872903,1.0316500771828432,0.0236629106491033,0.0059461461143733,0.0238957623423964,0.1456931934451408,0.109728614505634,0.5602059832368537,0.0153308998571655,45.37737434426766,0.029855915314886,0.0312373729094647,-1.3565594217359525,-162209000.0,9062391000.0,-233841000.0,140296000.0,0.0,0.0,-103963999.5,0.0,0.0,0.0,0.0,0.0,0.0,0.0316690462238424,0.3609857406397568,2014-10-30,2.07,amc,554403731.0,2025-04-24,2014-09-30,0.0048309178743962,171.86859375,519803.640625
2014-06-30,PSA,USD,1393311,2014-08-05,2014-08-04 21:01:20,2014,Q2,538037000.0,150554000.0,387483000.0,0.7201790955,2184000,12199000.0,0.0,12199000.0,107437000.0,121820000.0,272374000.0,1000000.0,2100000.0,106443000.0,379299000.0,0.7049682457,265663000.0,0.4937634401,12616000.0,278242000.0,0.5171428731,0.0,276834000.0,0.5145259527,1.27,1.26,172282000,173181000,https://www.sec.gov/Archives/edgar/data/1393311/000139331114000032/0001393311-14-000032-index.htm,https://www.sec.gov/Archives/edgar/data/1393311/000139331114000032/psa-20140630x10q.htm,3.1230018225931904,1.6068654879790112,2.294708675311408,2.0465864106523024,2.252022846263684,54.04792723557888,52.74136590009403,53.895578179960765,2.316475313729815,29520520700.0,29529524700.0,26.65904540266008,54.86708293295814,74.671788120009,83.72478147423352,3.1792960718939027,3.1792960718939027,54.88381784152391,77.85289362745486,74.69456362546384,83.75031821662554,0.0093776801165976,0.0119438950140198,0.042754639137952,0.0399124029792719,0.0237385281796155,2.503985545307477,126.50619047619048,1.420649779537802,0.0101521583255812,1.0825873989466612,0.0226731618829188,0.0040592003895642,0.0226308724805224,0.1081280021854772,0.0794499263061834,0.401595219976889,0.0112947622561273,44.14256734685021,0.0264662206332972,0.028476879778138,-2.037084544525836,357926000.0,9086388000.0,-39061000.0,643584000.0,0.0,0.0,-208742499.5,0.0,0.0,-124.29772646359446,0.0,0.0,-0.7240679500792002,0.0298144215581765,0.2481222646591054,2014-07-31,1.96,amc,533696000.0,2025-04-24,2014-06-30,0.0153061224489796,171.44476190476192,621628.3968253968
2014-03-31,PSA,USD,1393311,2014-05-05,2014-05-02 20:39:19,2014,Q1,519624000.0,174519000.0,345105000.0,0.6641436885,2323000,15300000.0,0.0,15300000.0,110387000.0,128010000.0,302529000.0,2402000.0,3500000.0,109021000.0,349020000.0,0.6716779825,217095000.0,0.4177924807,11178000.0,228253000.0,0.4392656998,0.0,227196000.0,0.4372315366,1.01,1.01,171910000,172809000,https://www.sec.gov/Archives/edgar/data/1393311/000139331114000018/0001393311-14-000018-index.htm,https://www.sec.gov/Archives/edgar/data/1393311/000139331114000018/psa-20140331x10q.htm,3.022651387353848,1.3215985108486998,1.923733348845326,1.6988889535221918,0.588168227560933,52.35195160258274,51.000820196614505,52.19824908382293,2.6970507823861323,28965115900.0,29324153900.0,31.87238760805648,55.74245204224593,87.58490364640818,99.17658223080504,3.227886049001934,3.227886049001934,56.433409349837575,84.0185487937654,88.6705650587072,100.40592865751772,0.0078437801106813,0.0100830254230054,0.0512793309916719,0.0475234808236067,1.0287032261761504,1.395587759649249,62.027142857142856,1.448743390589338,0.0101579431277193,1.2950316026690611,0.0294443674657059,0.0044705402367865,0.0239887459770544,0.1168791898617818,0.0743864794543747,0.3545463717999284,0.0120991332194048,39.39753019932877,0.0220236072943136,0.0240411186554852,-3.9929294398231634,88061000.0,8767551000.0,-372089000.0,358076000.0,0.0,0.0,-318848000.0,0.0,0.0,-108.06920736424114,0.0,0.0,-0.8327996678707941,0.0253188283907071,0.2248443953231342,2014-05-01,1.86,amc,576190099.0,2025-04-24,2014-03-31,-0.0645161290322581,161.85131147540983,740071.393442623
2013-12-31,PSA,USD,1393311,2014-02-26,2014-02-25 21:07:01,2013,Q4,513511000.0,124398000.0,389113000.0,0.7577500774,4387000,10994000.0,0.0,10994000.0,110237000.0,125618000.0,250016000.0,5872000.0,1822000.0,108927000.0,390988000.0,0.7614014111,263495000.0,0.5131243537,34482000.0,297977000.0,0.5802738403,0.0,296569000.0,0.5775319321,1.42,1.41,171768000,172798000,https://www.sec.gov/Archives/edgar/data/1393311/000139331114000009/0001393311-14-000009-index.htm,https://www.sec.gov/Archives/edgar/data/1393311/000139331114000009/psa-20131231x10k.htm,2.989561501560244,1.7265672302175026,2.274439942247683,2.052134274137208,0.1115982022262586,51.3416643379442,49.90452820082903,51.18374784593172,4.895411252386941,25854519360.0,26674403360.0,21.794691420883503,50.34852098591851,66.17892924059835,73.34802692834711,2.9407772258702214,2.9407772258702214,51.945145011499264,68.22307426314875,68.2775582835905,75.67399837158963,0.0114706831664729,0.0136336319036487,0.095436620551359,0.0849565007665852,2.09695438223168,1.6662122194160724,144.6185510428101,1.3110944804464777,0.0113388686874432,0.9885085764189784,0.0214094732147899,0.0085431470796146,0.0249946690378732,0.0977408389560658,0.0743606271335959,0.3505558768716663,0.0134797501903561,44.591188472458114,0.0254390172223966,0.0307982460403605,-7.290714801359974,178850000.0,8572001000.0,-610103000.0,478040000.0,0.0,0.0,-424290000.0,0.0,0.0,-309.751844884966,0.0,0.0,-0.2905551701666982,0.0337327238211364,0.2223056681104745,2014-02-20,2.02,amc,475563829.0,2025-04-24,2013-12-31,0.0544554455445543,159.8434375,652326.640625
2013-09-30,PSA,USD,1393311,2013-11-06,2013-11-05 20:27:16,2013,Q3,511957000.0,147803000.0,364154000.0,0.7112980192,3077000,13571000.0,0.0,13571000.0,97539000.0,114187000.0,261990000.0,5608000.0,478000.0,96537000.0,360773000.0,0.7046939489,249967000.0,0.4882578029,35661000.0,285628000.0,0.5579140436,0.0,284198000.0,0.5551208402,1.35,1.34,171721000,172793000,https://www.sec.gov/Archives/edgar/data/1393311/000139331113000038/0001393311-13-000038-index.htm,https://www.sec.gov/Archives/edgar/data/1393311/000139331113000038/psa-20130930x10q.htm,2.9813301809330253,1.654998515033106,2.1377350469657177,1.8837765910983515,0.331729957314481,51.28545140081877,50.02163975285493,51.12329883939646,0.5858107045731157,27569806550.000004,27612959550.000004,24.25228762165814,53.85180112782911,75.10285253913167,85.22772857390166,3.140446795195414,3.140446795195414,53.93609141002077,76.53832063375032,75.22040553645661,85.36112929851245,0.0103083059173659,0.011733270576757,0.0114043329129334,0.0109419296738557,0.1196126095910725,1.964366978969934,522.9435146443515,1.2852171355749435,0.0096954978452687,0.9405520095144936,0.0265080856400049,0.0060102703938026,0.0237185161869913,0.1187979100720796,0.0851829352855806,0.4517438909433688,0.0167826594811673,43.631435140422376,0.0280643999089695,0.0318146916623091,-2.890773405698779,234373000.0,8589766000.0,134255000.0,497435000.0,0.0,0.0,-412483500.0,0.0,0.0,-256.0143569480998,0.0,0.0,-0.351542784837825,0.0323726862820858,0.2539584558673662,2013-10-31,1.9,amc,469970149.0,2025-04-24,2013-09-30,0.0526315789473684,158.4071875,558597.296875
2013-06-30,PSA,USD,1393311,2013-08-05,2013-08-02 19:31:36,2013,Q2,485378000.0,142571000.0,342807000.0,0.7062681044,1276000,11698000.0,0.0,11698000.0,92048000.0,105022000.0,247593000.0,5516000.0,647000.0,90937000.0,353263000.0,0.7278100779,237785000.0,0.4898965342,23894000.0,261679000.0,0.5391241465,0.0,260463000.0,0.5366188826,1.21,1.2,171625000,172647000,https://www.sec.gov/Archives/edgar/data/1393311/000139331113000026/0001393311-13-000026-index.htm,https://www.sec.gov/Archives/edgar/data/1393311/000139331113000026/psa-20130630x10q.htm,2.8281310997815003,1.5176285506190823,2.1164166059723235,1.7944705025491623,2.394231609613984,51.066027676620536,49.87023452294246,50.90229278951202,0.6545375091041515,26047526250.0,25748304250.0,25.00117699058984,53.66441464178434,71.71083404454478,84.57648079720498,2.981594574287446,2.981594574287446,53.04794253138791,72.88706785029851,70.88705296919308,83.60490509000701,0.0099995292259279,0.011823617991363,0.0127846434097754,0.0122806967388772,-0.8470233225670393,3.728508525260284,367.5193199381762,1.388074702211488,0.0102606288764177,1.0261111942963108,0.0241008039095303,0.0026288789355924,0.022565923199684,0.152118492415274,0.1138370507109922,0.6076074645083959,0.0144320508964147,41.69103487154096,0.026789974419481,0.0293005016103503,-0.709360524399126,596733000.0,8558979000.0,485045000.0,876433000.0,0.0,0.0,-401545500.0,0.0,0.0,-255.3628718322801,0.0,0.0,-0.3524396454121614,0.0298145420854554,0.3219461034231609,2013-08-01,1.76,amc,457085000.0,2025-04-24,2013-06-30,0.0397727272727273,157.58734375,670453.609375
2013-03-31,PSA,USD,1393311,2013-05-10,2013-05-09 21:07:45,2013,Q1,470900000.0,150389000.0,320511000.0,0.6806349543,1735000,15237000.0,0.0,15237000.0,92282000.0,109254000.0,259643000.0,5581000.0,3497000.0,91001000.0,306745000.0,0.6514015715,211257000.0,0.4486239117,990000.0,212247000.0,0.4507262688,0.0,211223000.0,0.4485517095,0.94,0.94,171446000,172514000,https://www.sec.gov/Archives/edgar/data/1393311/000139331113000012/0001393311-13-000012-index.htm,https://www.sec.gov/Archives/edgar/data/1393311/000139331113000012/psa-20130331x10q.htm,2.746637425195105,1.2320089124272366,1.804294063436884,1.5966660056227615,2.3229005051153133,51.05982641764754,49.8524258367066,50.89394328243295,0.8510901391691844,26126655940.0,25870822940.0,30.92307175354956,55.48238679125079,84.45962500686949,95.4426282411906,2.994265921866589,2.994265921866589,54.93910159269483,84.3398358245448,83.63259382101835,94.5080511576594,0.0080845784659573,0.0104774985604223,0.0163220413399112,0.0156477725609624,-0.8340250044825507,3.884467822687187,60.410923648841866,1.4574481618114743,0.010094403225796,1.248599821042216,0.0323571883627097,0.0036844340624336,0.0227438158617141,0.1150744005767135,0.0755935442769165,0.3911715255876309,0.0125164578466765,37.56048872860659,0.0237462881144801,0.0237474713439593,-0.8666198103192843,591688000.0,8546999000.0,449269000.0,862714000.0,0.0,0.0,-404780000.0,0.0,0.0,-238.52043700004657,0.0,0.0,-0.3773261575903554,0.0242073777932724,0.2076280578141222,2013-05-09,1.62,amc,475909574.0,2025-04-24,2013-03-31,-0.0308641975308642,151.07266666666666,689354.2166666667
2012-12-31,PSA,USD,1393311,2013-02-26,2013-02-25 21:39:21,2012,Q4,465451000.0,115592000.0,349859000.0,0.7516559208,0,0.0,0.0,1590000.0,103716000.0,105306000.0,220898000.0,5435000.0,4486000.0,92586000.0,369164000.0,0.7931318227,244553000.0,0.5254108381,27539000.0,272092000.0,0.5845771091,0.0,271371000.0,0.5830280738,1.23,1.22,170868000,171982000,https://www.sec.gov/Archives/edgar/data/1393311/000139331113000004/0001393311-13-000004-index.htm,https://www.sec.gov/Archives/edgar/data/1393311/000139331113000004/ps10k_2012.htm,2.724038439028958,1.5881908841913055,1.9307535641547864,1.818017416953437,0.100890746072992,47.5388252920383,46.31347004705387,47.3684715686963,2.770056417819604,24769025280.0,25220614280.0,22.818415821882223,53.215108099456224,75.07949367088608,79.73520971153197,3.0602634030479794,3.0602634030479794,54.18532623197716,68.31818454670552,76.44834339686697,81.18894247700722,0.0109560629428208,0.0125415108785419,0.0579246520404123,0.0533158778234092,1.223274750517385,1.2794141811891453,54.51471243869817,1.2103770504433835,0.0096150331838976,0.8775993013254917,0.0,0.0,0.0238103496450691,0.0583897133711625,0.0413856668048838,0.2080552135312034,0.0127145499741111,41.142179472267465,0.0289114439915769,0.0316134766087113,-5.026087389095676,93523000.0,7913490000.0,-242305000.0,339140000.0,0.0,0.0,-205497500.0,0.0,0.0,-320.0009516229497,0.0,0.0,-0.2812491636151291,0.0335284384654046,0.1127361472013484,2013-02-21,1.76,amc,442749999.0,2025-04-24,2012-12-31,0.0568181818181818,141.3809677419355,677310.8548387097
2012-09-30,PSA,USD,1393311,2012-11-09,2012-11-08 20:39:46,2012,Q3,477182000.0,141475000.0,335707000.0,0.703519831,1228000,12830000.0,0.0,12830000.0,91137000.0,105195000.0,246670000.0,5444000.0,4926000.0,89991000.0,347801000.0,0.7288644584,230512000.0,0.483069353,22372000.0,252884000.0,0.529952932,0.0,263892000.0,0.5530216982,1.19,1.18,170576000,171700000,https://www.sec.gov/Archives/edgar/data/1393311/000139331112000061/0001393311-12-000061-index.htm,https://www.sec.gov/Archives/edgar/data/1393311/000139331112000061/ps10q_3q12.htm,2.7974744395460087,1.5470640652846823,2.0517423318638026,1.944200825438514,3.1408404464871964,48.83539302129256,47.60340258887534,48.6623323328018,2.06869078885658,23703240960.0,23515431960.0,22.45543722431904,49.67337611225906,67.72780277617451,71.47409783074112,2.855596789928856,2.855596789928856,49.27979672326282,67.61174338199143,67.19117190223386,70.90778376161673,0.0111331610915708,0.0139910825089127,0.0419176818712227,0.0374610793142207,-0.5399898217658948,2.207411436058441,46.79496548924077,1.321574358335316,0.0100223425311708,0.9002243341973232,0.0268870158555855,0.0025734415799422,0.0226254613420153,0.0524147232111732,0.0384423553277365,0.2038426064828705,0.0149020709079554,41.15682541101681,0.025483852922597,0.029069488207278,-2.475272019510365,293046000.0,8119998000.0,-422222000.0,7833900000.0,0.0,0.0,195573000.0,0.0,0.0,0.0,0.0,0.0,0.0,0.0317918190748505,0.1075415064252884,2012-11-08,1.7,amc,432715254.0,2025-04-24,2012-09-30,0.0176470588235294,144.9268253968254,657538.3333333334
2012-06-30,PSA,USD,1393311,2012-08-06,2012-08-03 20:11:47,2012,Q2,455793000.0,142883000.0,312910000.0,0.6865177833,953000,10372000.0,0.0,10372000.0,89563000.0,100888000.0,243771000.0,5540000.0,5067000.0,88588000.0,292352000.0,0.6414139752,212022000.0,0.4651716898,-13325000.0,198697000.0,0.4359369275,0.0,198143000.0,0.4347214635,1.16,1.15,170496000,171560000,https://www.sec.gov/Archives/edgar/data/1393311/000139331112000045/0001393311-12-000045-index.htm,https://www.sec.gov/Archives/edgar/data/1393311/000139331112000045/ps10q_2q12.htm,2.67333544481982,1.162156296921922,1.9137516422672671,1.7611380912162162,2.571761214339339,47.905927411786784,46.6600389451952,47.7290259009009,2.1923974756006004,24621327360.0,24551580360.0,31.06509864088057,54.01866057618261,75.45911225393594,81.99811287953722,3.025622192663987,3.025622192663987,53.86563716423903,83.97951907289843,75.24535258836546,81.76582961164563,0.0080476164872371,0.0121954026121197,0.0453115952501029,0.0401710566582419,-0.2385719954028021,0.8204500097905612,41.8436944937833,1.6402018790434874,0.0097555260318832,1.2122255138965292,0.0227559440359987,0.0020908614217418,0.023141979139873,0.0797457453101104,0.0570873181466148,0.2937192396261344,0.0,35.327655313158466,0.0259583737003335,0.0220980740817404,-2.2119580518018016,-181557000.0,7955350000.0,-181557000.0,7374637000.0,0.0,0.0,195573000.0,0.0,0.0,246.37738569318952,0.0,0.0,0.3652932664529357,0.0243490470418334,0.152613551051051,2012-08-02,0.95,amc,562350649.0,2025-04-24,2012-06-30,0.4526315789473684,137.68492063492062,678339.3333333334
2012-03-31,PSA,USD,1393311,2012-05-07,2012-05-04 18:24:51,2012,Q1,439835000.0,151711000.0,288124000.0,0.6550729251,2513000,12381000.0,0.0,12381000.0,88335000.0,103229000.0,254940000.0,5655000.0,5334000.0,86938000.0,298760000.0,0.6792547205,184895000.0,0.4203735492,21593000.0,206488000.0,0.4694669592,0.0,205852000.0,0.4680209624,1.21,1.2,170309000,171415000,https://www.sec.gov/Archives/edgar/data/1393311/000139331112000027/0001393311-12-000027-index.htm,https://www.sec.gov/Archives/edgar/data/1393311/000139331112000027/ps10q_1q12.htm,2.582570504201187,1.20869713285851,1.641075926697943,1.557240075392375,3.640905647969279,48.99290701019911,47.75235014003957,48.86252047748504,2.2213329888614224,23531594530.0,23284494530.0,28.57829232895478,53.50095951891049,84.1947637840352,88.72748793418094,2.8277296924063955,2.8277296924063955,52.93915793422533,77.93712187039763,83.31065344019463,87.79578046996363,0.0087478984791091,0.0112704644669058,0.0448199033686156,0.0396519911310617,-0.8270852858481724,0.5836702344455227,34.66347956505437,1.3520089782413096,0.0103368685742861,1.1816402075277384,0.0281491923107528,0.005713506201189,0.0224613004544182,0.0510859064725034,0.0324621733149931,0.1642319814120407,0.0,36.4533913253756,0.0221592143656954,0.0223873016674,-2.5970441961376087,-442300000.0,8132655000.0,-442300000.0,7118087000.0,0.0,0.0,0.0,0.0,0.0,0.0,0.0,0.0,0.0,0.0247366922755336,0.0838358513055681,2012-05-03,0.84,amc,506071232.0,2025-04-24,2012-03-31,0.7142857142857143,135.81693548387096,869404.7258064516
2011-12-31,PSA,USD,1393311,2012-02-27,2012-02-24 19:24:54,2011,Q4,444715000.0,120695000.0,324020000.0,0.7286014639,0,0.0,0.0,11466000.0,89830000.0,101296000.0,221991000.0,0.0,5443000.0,89830000.0,314411000.0,0.7069943672,222724000.0,0.5008241233,-3586000.0,219138000.0,0.492760532,0.0,220151000.0,0.4950383954,1.29,1.28,170090000,171383000,https://www.sec.gov/Archives/edgar/data/1393311/000139331112000013/0001393311-12-000013-index.htm,https://www.sec.gov/Archives/edgar/data/1393311/000139331112000013/ps10k_20111231.htm,2.6145863954377093,1.2943206537715328,1.732371097654183,1.6574049032864957,0.8172614498206832,48.93457581280499,47.70091716150274,48.72837321418073,2.3737844670468577,22870301400.0,23129607400.0,25.971153208479635,51.42687204164465,77.61616444771754,81.12682648239851,2.75937797900608,2.75937797900608,52.00995558953487,73.56487972749045,78.49618508173855,82.04665138981511,0.0096260646569353,0.0123263788731704,0.0480579097365908,0.0445912382136278,0.8247357757839261,0.2281512605042016,40.919345948925226,1.3367039108679577,0.0070652982299568,0.7339757711752388,0.0,0.0,0.0234907969292572,0.0432737503351331,0.0286722957399682,0.1419458978069687,0.0,37.670653660449496,0.0267591558233879,0.0252387756171262,-2.7648421423952025,-470272000.0,8113449000.0,-470272000.0,7118758000.0,0.0,0.0,0.0,0.0,0.0,0.0,0.0,0.0,0.0,0.0265619508388362,0.0749661943676877,2012-02-23,0.99,amc,469528125.0,2025-04-24,2011-12-31,0.6767676767676767,124.15492063492064,949750.2857142856
2011-09-30,PSA,USD,1393311,2011-11-07,2011-11-04 19:29:18,2011,Q3,445563000.0,138580000.0,306983000.0,0.6889777652,0,0.0,0.0,14116000.0,90821000.0,104937000.0,243517000.0,6875000.0,5862000.0,90956000.0,289690000.0,0.6501661942,199860000.0,0.4485560964,-6988000.0,192872000.0,0.432872568,0.0,191139000.0,0.4289831068,1.13,1.12,169728000,170830000,https://www.sec.gov/Archives/edgar/data/1393311/000139331111000048/0001393311-11-000048-index.htm,https://www.sec.gov/Archives/edgar/data/1393311/000139331111000048/ps10q_3q11.htm,2.6251590780542986,1.1261488970588236,1.922658606711916,1.8476326828808447,0.9470034407993968,49.62192449095023,48.37625494909502,49.407063065610856,2.5023154694570136,18899212800.0,19157330800.0,24.719200163231992,42.4164771311801,57.914597844506616,60.2663078174078,2.253726351880724,2.253726351880724,42.995784658959565,66.13045255272878,58.705572596980346,61.089401297852326,0.0101135958424681,0.0165930191547449,0.0499478759354248,0.0461008219321618,0.8910145327764162,0.2423184831293823,34.094165813715456,1.677671929382612,0.0085316569375841,0.8435829422566823,0.0,0.0,0.0232704858696943,0.0390219686267539,0.0285795723612598,0.1400017590923083,0.0,35.382106572541744,0.0237300572413719,0.0215389292772532,-2.9610906862745097,-502580000.0,8210805000.0,-502580000.0,7146158000.0,0.0,0.0,0.0,0.0,0.0,0.0,0.0,0.0,0.0,0.0227932774624416,0.0750259238310708,2011-11-03,0.82,amc,529553623.0,2025-04-24,2011-09-30,0.6951219512195121,118.22484375,1071435.59375
2011-06-30,PSA,USD,1393311,2011-08-08,2011-08-05 19:57:17,2011,Q2,434419000.0,139229000.0,295190000.0,0.6795052703,0,0.0,0.0,12593000.0,89098000.0,101691000.0,240920000.0,0.0,5933000.0,89186000.0,305881000.0,0.7041151515,193499000.0,0.4454202049,17263000.0,210762000.0,0.4851583379,0.0,206444000.0,0.4752186253,1.22,1.21,169492000,170401000,https://www.sec.gov/Archives/edgar/data/1393311/000139331111000042/0001393311-11-000042-index.htm,https://www.sec.gov/Archives/edgar/data/1393311/000139331111000042/ps10q_2q11.htm,2.5630649234182146,1.2180161895546693,1.874100252519293,1.6828345880631534,0.8524709130814434,50.71005121185661,49.4793618577868,50.46370330163076,2.6871592759540275,19323782920.0,19628814920.0,23.400756282575426,44.481900929747546,60.83452571266666,67.74878577413779,2.2592475886785683,2.2592475886785683,45.18406174683888,64.17140953508064,61.79481786270837,68.8182216971044,0.0106834153982516,0.0147604121398399,0.0525556885533053,0.0484795848640515,0.9972244108002786,0.2133002060857293,32.61402325973369,1.5058476066767486,0.0083326024032979,0.7799567921567108,0.0,0.0,0.0224961649362145,0.1020573281493491,0.0746238078905388,0.3634875428878972,0.0,37.18838758458166,0.0225131088634858,0.0227769010245655,-3.1441070965001296,-532901000.0,8386356000.0,-532901000.0,7139710000.0,0.0,0.0,0.0,0.0,0.0,0.0,0.0,0.0,0.0,0.0241364804773515,0.1912656644561395,2011-08-04,0.77,amc,415600000.0,2025-04-24,2011-06-30,0.805194805194805,113.77380952380952,715203.0476190476
2011-03-31,PSA,USD,1393311,2011-05-09,2011-05-06 20:19:47,2011,Q1,419691000.0,144241000.0,275450000.0,0.6563161945,0,0.0,0.0,14235000.0,88511000.0,102746000.0,246987000.0,0.0,6984000.0,88553000.0,306423000.0,0.730115728,172704000.0,0.4115027485,38182000.0,210886000.0,0.5024792049,0.0,206108000.0,0.4910946387,1.22,1.21,169315000,170382000,https://www.sec.gov/Archives/edgar/data/1393311/000139331111000019/0001393311-11-000019-index.htm,https://www.sec.gov/Archives/edgar/data/1393311/000139331111000019/ps10q_1q11.htm,2.4787585270058767,1.2173050231816436,1.5640610696039925,1.4939314295839117,0.8570120780793196,51.75483566134129,50.51159082184095,51.48725747866403,2.76919351504592,18778726650.0,19095503650.0,22.77777506210337,44.74417285574387,70.91155336286293,74.2403552155607,2.154125223041067,2.154125223041067,45.49895911515853,62.31746197250207,72.1077552970142,75.49271047065568,0.0109756110646618,0.0134697631375341,0.0529829143803344,0.04895140395533,1.0337898917509456,0.2157210797278232,24.72852233676976,1.2576412370350671,0.0072130556306915,0.6571894346653211,0.0,0.0,0.022309313921298,0.0448381724876236,0.0282922435792047,0.1340891895249172,0.0,37.55267215617349,0.0197086114480758,0.0223422797628319,-3.1157664707793167,-527546000.0,8552370000.0,-527546000.0,7176601000.0,0.0,0.0,0.0,0.0,0.0,0.0,0.0,0.0,0.0,0.0236428406326766,0.0701296400200809,2011-05-05,0.65,amc,313344827.0,2025-04-24,2011-03-31,0.9692307692307692,107.8874193548387,750177.6129032258
2010-12-31,PSA,USD,1393311,2011-03-01,2011-03-01 16:43:50,2010,Q4,418238000.0,116845000.0,301393000.0,0.7206255768,0,0.0,0.0,9419000.0,91647000.0,101066000.0,217911000.0,0.0,7770000.0,91647000.0,291974000.0,0.6981049068,222782000.0,0.5326680024,-222782000.0,0.0,0.0,0.0,183685000.0,0.4391877352,1.09,1.09,169014000,169014000,https://www.sec.gov/Archives/edgar/data/1393311/000139331111000011/0001393311-11-000011-index.htm,https://www.sec.gov/Archives/edgar/data/1393311/000139331111000011/ps10k_123110.htm,2.4745760706213686,1.086803460068397,1.6064172198752766,2.636787485060409,3.3046434023217013,51.60014555007277,50.31785532559433,51.336563834948585,3.4091081212207275,17141399880.0,17253564880.0,23.32988523831559,40.98479784237683,63.13428338864191,38.46347139260502,1.975589958184072,1.975589958184072,41.252982464529765,59.09281264770151,63.54740349235932,38.71515767837829,0.0107158692572312,0.0259986934042635,0.0655115057768033,0.0598627767978226,0.3841609184379431,2.7143593058235207,28.672072072072076,1.434950584007188,0.0338010316576314,3.1542967580368564,0.0,0.0,0.0228243706671477,0.6414088771191903,0.4163825381720455,1.9001931323447576,0.0,35.43073513330616,,0.0197966117331392,-1.275959387979694,352762000.0,8504422000.0,-215655000.0,8102303000.0,0.0,0.0,0.0,0.0,0.0,0.0,0.0,0.0,0.0,0.0211701636977995,1.0303702651851323,2011-02-25,0.72,amc,392045070.0,2025-04-24,2010-12-31,0.8472222222222224,99.92265625,945655.78125
2010-09-29,PSA,USD,1393311,2010-11-08,2010-11-05 21:07:05,2010,Q3,422295000.0,134514000.0,287781000.0,0.6814691152,0,0.0,0.0,8910000.0,92583000.0,101493000.0,236007000.0,0.0,7838000.0,92648000.0,343434000.0,0.8132561361,186288000.0,0.4411323838,56660000.0,242948000.0,0.5753039937,0.0,239354000.0,0.5667933554,1.08,1.07,169014000,169977000,https://www.sec.gov/Archives/edgar/data/1393311/000139331110000029/0001393311-10-000029-index.htm,https://www.sec.gov/Archives/edgar/data/1393311/000139331110000029/ps3q10_10q.htm,2.4985799992899995,1.416178541422604,1.751937709302188,1.3827611913805955,3.642360987847161,52.09708071520702,50.79282189641095,51.30980865490433,3.5343581005123834,16397738280.0,16473777280.0,17.12707775930212,38.83005548254182,55.37868126523968,70.1639593335216,1.8908665329962515,1.8908665329962515,39.01011681407547,47.96781122428181,55.63548128685385,70.48932111285119,0.0145967691344321,0.0142523313892042,0.0679788784138884,0.0610810233945091,0.2214078978784861,0.7388972174178147,23.76728757336055,1.2045921459983484,0.0121706418648852,0.8337901184020321,0.0,0.0,0.0228399788217472,0.2107246827106875,0.1477545317846529,0.6734737932821,0.0,40.43434956303174,0.0211252488160083,0.0253795685110718,-1.3647626823813412,-217537000.0,8584698000.0,-230664000.0,7594961000.0,0.0,0.0,0.0,0.0,0.0,0.0,0.0,0.0,0.0,0.0276005422461703,0.3691765179215923,2010-11-04,0.72,amc,284477383.0,2025-04-24,2010-09-29,1.3472222222222223,98.1215625,1140929.015625
2010-06-30,PSA,USD,1393311,2010-08-09,2010-08-06 20:53:53,2010,Q2,407645000.0,137233000.0,270412000.0,0.6633516908,0,0.0,0.0,10081000.0,84879000.0,94960000.0,232193000.0,0.0,7278000.0,85205000.0,260657000.0,0.6394215555,175452000.0,0.4304039054,4432000.0,0.0,0.0,0.0,125038000.0,0.3067325737,0.74,0.74,168804000,169629000,https://www.sec.gov/Archives/edgar/data/1393311/000139331110000021/0001393311-10-000021-index.htm,https://www.sec.gov/Archives/edgar/data/1393311/000139331110000021/ps2q10_10q.htm,2.4149013056562643,0.7407288926802682,1.732719603800858,1.1279649771332434,3.372100187199356,51.72465107461908,50.39354517665458,50.93712234307244,3.557694130470842,14839559640.0,14958498640.0,29.6700995697308,36.40314401010684,50.73527176997504,77.93681699535202,1.725853286487354,1.725853286487354,36.69491503636743,57.3876728420875,51.1419147321276,78.5614802132297,0.0084259912715307,0.0128309063489164,0.0689983822552826,0.061996362824315,0.4563046455686975,2.4561031071069515,24.10717230008244,2.229752393730561,0.0135052525049186,1.602808746141173,0.0,0.0,0.0234804007267663,0.3490204793326267,0.2504262287038967,1.1981104395281967,0.0,29.13654852867488,,0.0133804653424459,-1.593333096372124,337465000.0,8506632000.0,-268961000.0,8180557000.0,0.0,0.0,0.0,0.0,0.0,0.0,0.0,0.0,0.0,0.0145420247278851,0.6047546266676145,2010-08-05,0.66,amc,746900000.0,2025-04-24,2010-06-30,0.9242424242424242,93.21492063492065,1624136.492063492
2010-03-31,PSA,USD,1393311,2010-05-10,2010-05-07 19:00:07,2010,Q1,397447000.0,140770000.0,256677000.0,0.6458144105,0,0.0,0.0,10077000.0,84717000.0,94794000.0,235564000.0,8216000.0,7339000.0,84886000.0,221609000.0,0.5575812624,161883000.0,0.4073071378,243000.0,129384000.0,0.3255377447,0.0,123961000.0,0.3118931581,0.74,0.73,168477000,169310000,https://www.sec.gov/Archives/edgar/data/1393311/000139331110000011/0001393311-10-000011-index.htm,https://www.sec.gov/Archives/edgar/data/1393311/000139331110000011/ps10q_1q10.htm,2.359057912949542,0.7357740225668785,1.3837022264166623,1.3263294099491325,4.838482404126379,52.28281011651442,51.024489989731535,51.49677997590175,3.107076930382189,15498199230.0,15294349230.0,31.256199994353064,38.99437970345732,66.48106669469205,69.35682742911357,1.7863252817563993,1.7863252817563993,38.48148112830138,69.0150184784914,65.6066318494179,68.44456729736503,0.007998413116283,0.0144181912158836,0.0594894688499557,0.0529666515504022,-0.9198633629500608,1.1360536159253458,22.057909796975064,1.7943918039979372,0.0115764417102541,1.447342309274691,0.0,0.0,0.0217557217831527,0.0414632681600192,0.0243202238285859,0.1138703673161652,0.0,29.19802803996344,0.0179333533696919,0.013004075647526,-0.7172907874665384,97625000.0,8596453000.0,-120847000.0,7797162000.0,0.0,0.0,0.0,0.0,0.0,0.0,0.0,0.0,0.0,0.0142877675635484,0.0573728164675296,2010-05-06,0.57,amc,1078657142.0,2025-04-24,2010-03-31,1.0175438596491229,83.11950819672131,1373655.2950819673
2009-12-31,PSA,USD,1393311,2010-03-01,2010-02-26 21:48:46,2009,Q4,402879000.0,116206000.0,286673000.0,0.7115610394,0,0.0,0.0,9203000.0,85563000.0,94766000.0,210972000.0,29813000.0,7211000.0,86019000.0,277926000.0,0.689849806,184696000.0,0.4584403754,-184696000.0,0.0,0.0,0.0,181138000.0,0.4496089397,1.08,1.08,168400000,168477000,https://www.sec.gov/Archives/edgar/data/1393311/000139331110000004/0001393311-10-000004-index.htm,https://www.sec.gov/Archives/edgar/data/1393311/000139331110000004/ps10k_123109.htm,2.3923931116389547,1.0756413301662708,1.6349643705463184,1.492042755344418,4.535564133016627,53.88659738717339,52.62232185273159,53.01904394299287,3.124109263657957,13716180000.0,13471280000.0,18.930566750212545,34.04540817466287,49.81759937238493,54.58958847409058,1.5362404514041532,1.5362404514041532,33.43753335368684,48.47074401099573,48.928114830311486,53.61490089946669,0.0132061550664981,0.0183185114222764,0.0581166382760104,0.0529173756545336,-0.881169807790563,1.1717135659010152,25.61309111080294,1.4669373271742083,0.0118732037637301,0.8990659055526725,0.0,0.0,0.0217123911787546,0.0874157368665736,0.0597400211974314,0.279798649135656,-0.0910198843821594,35.821267236059064,,0.0188828198322043,0.1938657957244655,125547000.0,8861599000.0,125547000.0,7900484000.0,0.0,0.0,0.0,0.0,0.0,0.0,0.0,0.0,0.0,0.0202878296206702,0.1429216152019002,2010-02-26,0.58,bmo,319524724.0,2025-04-24,2009-12-31,1.1896551724137934,77.11765625,1502142.671875
2009-09-30,PSA,USD,1393311,2009-11-09,2009-11-06 19:07:29,2009,Q3,412087000.0,128468000.0,283619000.0,0.6882502967,0,0.0,0.0,8654000.0,85670000.0,94324000.0,222792000.0,0.0,7289000.0,86624000.0,275919000.0,0.669564922,182006000.0,0.4416688709,-182006000.0,0.0,0.0,0.0,237309000.0,0.5758711146,1.41,1.4,168373000,169043000,https://www.sec.gov/Archives/edgar/data/1393311/000139331109000035/0001393311-09-000035-index.htm,https://www.sec.gov/Archives/edgar/data/1393311/000139331109000035/ps10q_3q09.txt,2.4474648548163898,1.4094243138745524,1.7537312989612348,1.6709329880681585,3.984771905234212,53.757146335813935,52.486158707156136,52.88321761802664,3.141542883954078,12668384520.0,12519118520.0,13.345874492749958,30.742014477525377,42.90280959492822,45.02873576455534,1.4227576041884495,1.4227576041884495,30.37979484914593,45.372440897509776,42.3973046691118,44.498181986208856,0.018732380567179,0.0222080407770887,0.0585866789995536,0.0531799426568971,-0.540977605746614,0.8849856817429361,24.969954726299903,1.2104111071485668,0.0128178932162693,0.6842639765032089,0.0,0.0,0.0218158649251353,0.0472126550641592,0.0338302348775865,0.1609369227927595,0.0362472002271365,40.9516188434869,,0.0247316024647291,-0.5178680667327897,-87195000.0,8837252000.0,-87195000.0,7760777000.0,0.0,0.0,0.0,0.0,0.0,0.0,0.0,0.0,0.0,0.0266516368965059,0.0827983108930766,2009-11-05,0.62,amc,346106553.0,2025-04-24,2009-09-30,0.6612903225806452,70.83953125,1992415.28125
2009-06-30,PSA,USD,1393311,2009-08-10,2009-08-07 21:03:07,2009,Q2,406475000.0,134538000.0,271937000.0,0.6690128544,0,0.0,0.0,8199000.0,83639000.0,91838000.0,226376000.0,7516000.0,7288000.0,84284000.0,264383000.0,0.6504286857,172811000.0,0.4251454579,-172811000.0,0.0,0.0,0.0,199172000.0,0.4899981549,1.18,1.18,168348000,168528000,https://www.sec.gov/Archives/edgar/data/1393311/000139331109000022/0001393311-09-000022-index.htm,https://www.sec.gov/Archives/edgar/data/1393311/000139331109000022/ps10q_2q09.txt,2.414492598664671,1.1830969182883075,1.679396250623708,1.5149689928006274,3.474113146577328,53.14483688549908,51.86685912514553,52.349852686102594,3.15850500154442,11023427040.0,10963007040.0,13.83656718815898,27.119569567624087,38.990202565762246,43.222006728303576,1.25081536318025,1.25081536318025,26.97092573959038,41.46638414724094,38.77649515603612,42.98510457101183,0.018068065337329,0.023136362138067,0.0595075929369284,0.0540446066895607,-0.2285320917002984,0.7859574245065089,23.711717892425906,1.376537950308442,0.0147112145262586,0.8142108328479907,0.0,0.0,0.022171129025676,0.0979085536019354,0.0681001291592348,0.328425323904893,0.0436484408635217,37.330099935306016,,0.020990461171093,-1.0225782308076128,-159277000.0,8731682000.0,-172149000.0,7751009000.0,0.0,0.0,0.0,0.0,0.0,0.0,0.0,0.0,0.0,0.0225998137068757,0.1644272578230807,2009-08-06,0.57,amc,400821705.0,2025-04-24,2009-06-30,1.192982456140351,64.13079365079365,3638258.888888889
2009-03-31,PSA,USD,1393311,2009-05-11,2009-05-08 21:38:07,2009,Q1,404240000.0,142918000.0,261322000.0,0.6464526024,0,0.0,0.0,9679000.0,84492000.0,94171000.0,237089000.0,7633000.0,8128000.0,85200000.0,252351000.0,0.6242603404,159023000.0,0.3933875915,-159023000.0,0.0,0.0,0.0,217002000.0,0.5368147635,1.29,1.29,168312000,168473000,https://www.sec.gov/Archives/edgar/data/1393311/000139331109000014/0001393311-09-000014-index.htm,https://www.sec.gov/Archives/edgar/data/1393311/000139331109000014/ps10q_1q09.txt,2.401730120252864,1.2892841865107658,1.5419280859356432,1.477601121726318,2.931460620751937,52.73474856219402,51.40161723465944,51.94336708018442,3.180777365844384,9299238000.0,9333073000.0,10.7133090939254,23.00424995052444,35.83176187265196,37.39168791063861,1.0636584246591323,1.0636584246591323,23.087950227587573,36.98448985738119,35.96213466910702,37.5277364514391,0.0233354603893351,0.0267439117054537,0.0603057959722245,0.0547691439575579,0.1340791199559343,0.6687376661678919,19.5648375984252,1.6914989995372451,0.0176613395635212,0.7568455590271057,0.0,0.0,0.0233087903107433,0.041718524226953,0.0267835939046111,0.1270774647887323,0.0098728478131802,38.817774792466246,,0.023080126120559,-1.5281501021911688,-244408000.0,8651509000.0,-257206000.0,7727556000.0,0.0,0.0,0.0,0.0,0.0,0.0,0.0,0.0,0.0,0.0248209590364157,0.0643269642093255,2009-05-07,0.47,amc,364453349.0,2025-04-24,2009-03-31,1.0212765957446808,59.35114754098361,4341711.327868853
2008-12-31,PSA,USD,1393311,2009-03-02,2009-03-02 14:32:23,2008,Q4,421815000.0,128062000.0,293753000.0,0.6964024513,0,0.0,0.0,5841000.0,104288000.0,110129000.0,238191000.0,0.0,8757000.0,107935000.0,291559000.0,0.691201119,174867000.0,0.414558515,-174867000.0,0.0,0.0,0.0,151690000.0,0.3596126264,0.9,0.9,168256000,168312000,https://www.sec.gov/Archives/edgar/data/1393311/000139331109000010/0001393311-09-000010-index.htm,https://www.sec.gov/Archives/edgar/data/1393311/000139331109000010/ps10k_1208.txt,2.5069834062381133,0.9015428870292888,1.5614361449220235,1.4406618486116394,4.045626901863827,53.96467882274629,52.6176897109167,51.79883035374667,3.87842335488779,13376352000.0,13339462000.0,22.04554024655548,31.71141851285516,50.91466612870688,55.182970297029705,1.534783690231524,1.534783690231524,31.623963111790715,45.75218737888386,50.774251011529344,55.03078382838284,0.0113401621009973,0.0181215326869388,0.0738699626319379,0.0647954996178056,-0.1265267064299164,3.2055162865605853,19.968824940047963,1.7319599182543346,0.0196996909172246,1.737161315841519,0.0,0.0,0.0228097799476552,0.0773482135040594,0.0481751478728826,0.1882707184879788,0.0,32.41488097913959,,0.0156229948567399,-1.0428335393685813,468348000.0,8853242000.0,-175463000.0,8516876000.0,0.0,0.0,0.0,0.0,0.0,0.0,0.0,0.0,0.0,0.0174046958371923,0.1207742963103841,2009-02-26,0.62,bmo,353780322.0,2025-04-24,2008-12-31,0.1612903225806451,73.62531249999999,3485222.65625
2008-09-30,PSA,USD,1393311,2008-11-10,2008-11-07 21:18:30,2008,Q3,431169000.0,125335000.0,305834000.0,0.7093135174,0,0.0,0.0,8879000.0,91084000.0,99963000.0,225298000.0,0.0,9099000.0,92034000.0,297905000.0,0.6909239764,196772000.0,0.4563686165,-196772000.0,0.0,0.0,0.0,137331000.0,0.3185085199,0.82,0.81,168307000,169022000,https://www.sec.gov/Archives/edgar/data/1393311/000139331108000266/0001393311-08-000266-index.htm,https://www.sec.gov/Archives/edgar/data/1393311/000139331108000266/ps10q_3q08.txt,2.561800756950097,0.8159553672752767,1.746445483550892,1.3331233995021003,4.689608869506319,55.21961059254814,53.85319089520935,53.05421046064632,3.892636669894894,16664076070.0,16520841070.0,30.33560534402284,38.64859502886339,56.69229353709443,74.26919371228395,1.866204381147883,1.866204381147883,38.3163935023158,55.45674315637535,56.20499855412177,73.63081760810076,0.0082411409683393,0.0134645328704383,0.072351934257584,0.063368671055707,-0.4808076400194693,0.8962853174409472,21.625673150895704,2.1403688897626902,0.0112532491577854,1.3654965011541458,0.0,0.0,0.0225573828892553,0.2366647501692528,0.1613404488727158,0.7659403455071954,-0.0001321987434161,31.20932593141225,,0.0137809681930184,-0.6660566702513858,-93488000.0,9063869000.0,-93488000.0,8037800000.0,0.0,0.0,0.0,0.0,0.0,0.0,0.0,0.0,0.0,0.0153796533807721,0.4133220840487918,2008-11-06,0.58,bmo,557411379.0,2025-04-24,2008-09-30,-0.2758620689655172,86.10828125,1965718.171875
2008-06-30,PSA,USD,1393311,2008-08-11,2008-08-08 20:39:53,2008,Q2,418494000.0,140188000.0,278306000.0,0.6650178975,0,0.0,0.0,33173000.0,94829000.0,128002000.0,268190000.0,11014000.0,9601000.0,95386000.0,245690000.0,0.5870812963,140703000.0,0.3362127056,-140703000.0,0.0,0.0,0.0,133813000.0,0.3197489092,0.8,0.79,168028000,168479000,https://www.sec.gov/Archives/edgar/data/1393311/000139331108000148/0001393311-08-000148-index.htm,https://www.sec.gov/Archives/edgar/data/1393311/000139331108000148/ps10q_2q08.txt,2.4906206108505726,0.7963732235103673,1.6218546908848526,1.2548979931916109,4.612338419787179,55.58127216892423,54.17476849096579,53.41868021996334,4.165615254600424,13574982120.000002,13490319120.000002,25.361852211668523,32.437698318255464,49.8133405255452,64.37973479782603,1.512392288003544,1.512392288003544,32.235394342571226,54.90788847734952,49.502669998568905,63.97821813732465,0.0098573242172344,0.0155328381382796,0.0769108475045327,0.0673321079055308,-0.3445927795189059,0.8483540878520387,14.6550359337569,2.0365510077496207,0.0109454287811614,1.1103853885646386,0.0,0.0,0.0230506051744576,0.2262574444897015,0.1473354456694719,0.6633066901900879,0.0575038112852275,30.938279649245825,,0.0133593719269191,-0.8244697312352703,-138534000.0,9102878000.0,-138534000.0,8007249000.0,0.0,0.0,0.0,0.0,0.0,0.0,0.0,0.0,0.0,0.0149081411264958,0.3669566976932416,2008-08-07,0.24,bmo,349913848.0,2025-04-24,2008-06-30,0.6666666666666669,88.6453125,1208035.953125
2008-03-31,PSA,USD,1393311,2008-05-12,2008-05-12 15:16:38,2008,Q1,457487000.0,168119000.0,289368000.0,0.6325163338,0,14916000.0,0.0,14916000.0,122441000.0,137357000.0,305476000.0,2844000.0,16487000.0,122491000.0,274502000.0,0.6000214214,135524000.0,0.29623574,-135524000.0,0.0,0.0,0.0,512342000.0,1.1199050465,3.04,3.03,168586000,168982000,https://www.sec.gov/Archives/edgar/data/1393311/000139331108000117/0001393311-08-000117-index.htm,https://www.sec.gov/Archives/edgar/data/1393311/000139331108000117/ps10q_1q08.txt,2.713671360611201,3.039054251242689,1.364751521478652,1.1809580866738638,8.020262655262004,55.51019657622816,54.04885340419727,53.358707128705824,4.148642236010107,14940091320.0,14896075320.0,7.290096907924785,32.65686526611685,64.93489738262676,75.04076647596851,1.6608348434350346,1.6608348434350346,32.560652696142185,54.265817079656976,64.74358834829927,74.81968386633382,0.034293096944738,0.0133260898970194,0.0759172526891408,0.0666404820953642,-0.1603485584804482,0.0,8.220052162309699,0.4490711282697885,0.0112714170478042,0.3286788902725133,0.0326042051468129,0.0,0.024040559087762,0.1346717200253827,0.0677287004876641,0.2529676861029015,-0.0517916356093178,60.40364334340196,,0.0512270128500971,2.7438873927846914,1352104000.0,9111880000.0,462581000.0,9519977000.0,0.0,0.0,0.0,0.0,0.0,0.0,0.0,0.0,0.0,0.0569551702951165,0.183793434804788,2008-05-08,0.39,bmo,1986325476.0,2025-04-24,2008-03-31,5.769230769230769,78.8165573770492,1696678.0983606558
2007-12-31,PSA,USD,1393311,2008-02-29,2008-02-29 13:48:37,2007,Q4,464185000.0,154789000.0,309396000.0,0.6665359716,0,10352000.0,0.0,10352000.0,79248000.0,89600000.0,244389000.0,0.0,0.0,130685000.0,350481000.0,0.7550459407,217131000.0,0.467768239,-217131000.0,0.0,0.0,0.0,167887000.0,0.3616812262,1.0,1.0,168586000,168586000,https://www.sec.gov/Archives/edgar/data/1393311/000139331108000023/0001393311-08-000023-index.htm,https://www.sec.gov/Archives/edgar/data/1393311/000139331108000023/psi10k_1207.txt,2.7534018245880443,0.995853748235322,1.551807386141198,1.1778202223197656,3.275402465210634,54.985686830460416,52.91921037334061,51.98017035815548,6.346481914275207,12375898260.0,13200382260.0,18.42891090435829,26.66156437627239,47.30612874742462,62.32699915392519,1.4122693229781278,1.4122693229781278,28.437761366696467,37.66361731449066,50.45766938187322,66.4792321871034,0.0135656415779229,0.0160444111472519,0.1220942884670532,0.100527834836122,2.352435652717266,1.8202546834257989,0.0,1.5582683590748538,0.0108646659155712,0.8008958406547261,0.0223014530844383,0.0,0.0327328442403351,0.2410010205914843,0.1358273102319118,0.4824501664307304,0.0,34.127768289390005,,0.0163080638497995,-4.870499329718957,248830000.0,8921438000.0,-821098000.0,10188115000.0,0.0,0.0,0.0,0.0,0.0,0.0,0.0,0.0,0.0,0.0191583394470171,0.3739871638214324,2008-02-27,0.28,bmo,369275744.0,2025-04-24,2007-12-31,1.1428571428571426,77.42109375,1015668.71875
2007-09-30,PSA,USD,1393311,2007-11-09,2007-11-09 13:52:27,2007,Q3,468220000.0,165520000.0,302700000.0,0.6464909658,0,11416000.0,0.0,11416000.0,147741000.0,159157000.0,324677000.0,0.0,15257000.0,146685000.0,291284000.0,0.6221092649,128286000.0,0.2739865875,-128286000.0,0.0,0.0,0.0,152766000.0,0.3262697023,0.9,0.9,169374000,170085000,https://www.sec.gov/Archives/edgar/data/1393311/000139331107000022/0001393311-07-000022-index.htm,https://www.sec.gov/Archives/edgar/data/1393311/000139331107000022/psi10q_3q07.txt,2.764414845253699,0.9019448085302348,1.608682560487442,1.0277551454178326,2.8727431601072184,54.699245456799744,52.35648918960407,51.707215983563,6.241566001865694,13702356600.000002,14575672600.000002,22.423766741290603,29.264782794412888,50.2895984497319,78.71524687634641,1.5645785305036917,1.5645785305036917,31.12996582802956,50.0393863034015,53.49479243510272,83.73214189286229,0.011148885148705,0.0127040191028162,0.1189676745158462,0.0980187161858891,2.9981598714656488,0.0,8.40833715671495,1.7835709516515454,0.0113919090384788,1.0217980440673973,0.0243817009098287,0.0,0.0373298281604154,0.3611199806216487,0.2101448037247447,0.666431866055282,0.0,32.393421214011035,,0.0149290210392618,-5.186303682973774,486568000.0,8867828000.0,-878425000.0,10460365000.0,0.0,0.0,0.0,0.0,0.0,0.0,0.0,0.0,0.0,0.0174433063427153,0.5809274150696093,2007-11-08,0.17,bmo,468959999.0,2025-04-24,2007-09-30,2.0,75.49730158730159,1082183.5873015872
2007-06-30,PSA,USD,1393311,2007-08-09,2007-08-09 12:45:17,2007,Q2,448189000.0,169489000.0,278700000.0,0.6218358773,0,21465000.0,0.0,21465000.0,167510000.0,188975000.0,358464000.0,0.0,16707000.0,165387000.0,257235000.0,0.5739431356,73018000.0,0.1629178762,-73018000.0,0.0,0.0,0.0,77104000.0,0.1720345658,0.46,0.45,169346000,170213000,https://www.sec.gov/Archives/edgar/data/1393311/000139331107000008/0001393311-07-000008-index.htm,https://www.sec.gov/Archives/edgar/data/1393311/000139331107000008/psi10q_2q07.txt,2.64658745999315,0.4553045244647054,1.642660588381184,1.317881733256174,2.1727764458564125,53.51029844224251,50.94366563131104,50.5393159566804,6.525545333223105,13009159719.999998,14050784719.999998,42.18056041191118,29.02605757838769,46.76559512254743,58.290511251108974,1.5200047437493216,1.5200047437493216,31.35013291267746,54.62236756273446,50.51005011179891,62.95774995743307,0.0059269008652005,0.0171554508364511,0.127166132060139,0.1038805746776686,4.04931288510506,5.256442857142857,4.370503381816005,3.607828387632289,0.011768554103047,1.98561682921768,0.0478927416781759,0.0,0.0414855893439296,0.19771513203776,0.1227160862939518,0.3281603331722364,0.0,22.75395641233909,,0.0076778008254751,-6.184982225739019,297951000.0,8627106000.0,-1047402000.0,10230634000.0,0.0,0.0,0.0,0.0,0.0,0.0,0.0,0.0,0.0,0.0090089174308367,0.3247788551250103,2007-08-02,0.09,bmo,499053333.0,2025-04-24,2007-06-30,-0.111111111111111,88.32,1080931.761904762
2007-03-31,PSA,USD,1393311,2007-03-31,2007-03-30 20:00:00,2007,Q1,433558000.0,168001000.0,265557000.0,0.6125062852,0,16516000.0,0.0,16516000.0,176366000.0,192882000.0,360883000.0,0.0,0.0,176366000.0,249041000.0,0.5744121894,72675000.0,0.1676246315,-72675000.0,0.0,0.0,0.0,59778000.0,0.1378777465,0.35,0.35,169229000,169229000,,,2.5619604204953053,0.3532373292993517,1.1874087774554007,0.8920693261793191,0.5359601486742815,53.89976895212995,50.92152054316932,50.93273020581579,7.099019671569294,16020909430.0,17131569430.0,67.00169556525813,36.952171174329614,79.72822990484912,106.1240390424207,1.8587261986044104,1.8587261986044104,39.51390455256275,68.79015676133649,85.25544146627917,113.48115729577913,0.0037312488570756,0.0094229357365513,0.1393803089463813,0.1131314972850455,4.459747591761999,0.6871212121212121,0.0,3.361504232326274,0.009645395018003,2.585031282411589,0.0380940958303156,0.0,0.047462004245727,0.2487260132176128,0.1152786939694343,0.2832032910058306,0.0,20.119771017983847,,0.0059097544957603,-8.314431923606474,-41300000.0,8617398000.0,-1407043000.0,10033963000.0,0.0,0.0,0.0,0.0,0.0,0.0,0.0,0.0,0.0,0.0069353700041592,0.2953394512760815,2007-05-03,0.05,bmo,1016418779.0,2025-04-24,2007-03-31,-1.6,102.77426229508195,1043644.1967213114
2006-12-31,PSA,USD,1393311,2006-12-31,2006-12-30 19:00:00,2006,Q4,433586000.0,162909000.0,270677000.0,0.6242752303,0,34665000.0,0.0,34665000.0,225778000.0,260443000.0,423352000.0,0.0,0.0,225728000.0,236012000.0,0.5443256932,10234000.0,0.0236031606,-10234000.0,0.0,0.0,0.0,-10233000.0,-0.0236008543,-0.0605,-0.0605,169229000,169229000,,,2.56212587677053,-0.0604683594419396,1.238251127170875,1.3283597964887814,3.283030686229901,51.49279969745138,48.01091420501214,48.50259116345307,8.884659248710328,16499827500.0,17447785500.0,-403.1033787745529,38.05433639462529,78.74008580372994,73.39878868490239,2.0102018812031366,2.0102018812031366,40.240656986157305,73.92753546429843,83.26390850783591,77.61573997873637,-0.0006201883019686,0.0136242030409105,0.1831790639549368,0.1342631267673726,4.016566954222666,1.6103884057971014,0.0,-20.477670282419624,0.0091309439447169,-14.722857422065866,0.0799495371160508,0.0,0.0526175309794469,0.0727709164487372,0.0351694934799555,0.0675547561667139,0.0,,,-0.0009645368465234,-11.397656430044496,210584000.0,8124839000.0,-1928814000.0,10397361000.0,0.0,0.0,0.0,0.0,0.0,0.0,0.0,0.0,0.0,-0.0012467036913174,0.0901086693179065,2007-02-27,0.18,bmo,1821061199.0,2025-04-24,2006-12-31,-3.6666666666666665,91.6620634920635,588163.4920634921
2006-09-30,PSA,USD,1393311,2006-09-30,2006-09-29 20:00:00,2006,Q3,371260000.0,127620000.0,243640000.0,0.6562516835,0,36242000.0,0.0,36242000.0,122786000.0,159028000.0,286648000.0,0.0,0.0,113449000.0,198075000.0,0.5335209826,84612000.0,0.2279049723,-84612000.0,0.0,0.0,0.0,81181000.0,0.2186634703,0.56,0.56,145387000,145387000,,,2.553598327223204,0.5583786720958546,1.4771059310667392,1.1064813222640264,0.8537145687028413,61.23787546341833,58.26318721756416,57.80081437817687,10.067935922744123,12501828130.0,13841456130.0,38.499858741577455,33.67405088078436,58.21518835680226,77.71482289827685,1.4876953019621495,1.4876953019621495,37.282379275979096,69.87987444149944,64.45321175122932,86.04232121988214,0.0064935303185934,0.0128675581144787,0.174183288437288,0.1348472057114345,6.763236147923767,0.0,0.0,2.6453480494204307,0.012454978454419,1.9180596444980968,0.0976189193557075,0.0,0.0398421683346144,0.250912680673521,0.1451381780962129,0.4744103327140983,0.0,26.94775861768973,,0.0077891075690521,-12.570216044075469,124119000.0,8470710000.0,-1827546000.0,10207617000.0,0.0,0.0,0.0,0.0,0.0,0.0,0.0,0.0,0.0,0.0096603945481203,0.3706246088027127,2006-11-02,0.34,bmo,707766564.0,2025-04-24,2006-09-30,-1.1176470588235294,83.26063492063493,783087.2857142857
2006-06-30,PSA,USD,1393311,2006-06-30,2006-06-29 20:00:00,2006,Q2,297861000.0,106545000.0,191316000.0,0.6422995961,0,6975000.0,0.0,6975000.0,48580000.0,55555000.0,162100000.0,0.0,0.0,48580000.0,184341000.0,0.6188826332,133889000.0,0.4495016132,-133889000.0,0.0,0.0,0.0,128862000.0,0.4326246135,1.01,1.0,128180000,129062000,,,2.3237712591667967,1.0053206428459978,1.5959354033390545,0.9383991262287408,7.673818068341395,45.15155250429084,43.78914027149321,42.35686534560774,1.0987439538149475,9728862000.0,8886069000.0,18.87457512687992,32.6624230765357,47.55831585739636,80.88242825313425,1.7919173050389712,1.7919173050389712,29.83293885402923,48.204517714453104,43.43842848553286,73.8757357587044,0.0132453312627931,0.0123636248514985,0.0259401621165737,0.0230875180487779,-4.5719237717056975,0.0,0.0,1.5874889416585185,0.0130217696581573,0.9831214787912652,0.0234169629458035,0.0,0.0286278863290916,0.4120068241700763,0.282960844152138,1.7332908320651503,0.0,30.95319369159221,,0.0217470182273164,5.23498205648307,983630000.0,5612892000.0,671020000.0,5730725000.0,0.0,0.0,0.0,0.0,0.0,0.0,0.0,0.0,0.0,0.0237345383007726,0.6575362771103136,2006-08-02,0.5,bmo,268224299.0,2025-04-24,2006-06-30,0.1,74.7088888888889,665865.0793650794
2006-03-31,PSA,USD,1393311,2006-03-31,2006-03-30 19:00:00,2006,Q1,278518000.0,102977000.0,175541000.0,0.6302680617,0,6779000.0,0.0,6779000.0,50028000.0,56807000.0,159784000.0,0.0,0.0,50028000.0,168762000.0,0.6059285217,118734000.0,0.4263063788,-118734000.0,0.0,0.0,0.0,114216000.0,0.410084806,0.89,0.89,128122000,129009000,,,2.17384992429091,0.8914628244954028,1.2709214654782162,0.6772997611651395,2.9841010911475,40.39513120307207,39.03210221507626,38.38307238413388,1.107850330154072,10407350060.0,10166961060.0,22.779974040414658,37.3668849410092,63.914256078313365,119.93212556322528,2.1162974966427504,2.1162974966427504,36.50378453098184,60.24437408895368,62.43796441753207,117.16193300067992,0.0109745515757159,0.0083380495034487,0.0288629924948899,0.0259459467364115,-1.4244261148836823,0.0,0.0,1.4256584016249911,0.0115168606137958,1.0494151432373748,0.0243395399938244,0.0,0.0319222520950154,0.4670797688429249,0.2730739126376033,1.5196307618533835,0.0,27.74678986312395,,0.0215665874240224,0.6808354537081844,382329000.0,5000871000.0,87230000.0,5095346000.0,0.0,0.0,0.0,0.0,0.0,0.0,0.0,0.0,0.0,0.0232254160264643,0.5936217043130766,2006-05-04,0.46,bmo,266566347.0,2025-04-24,2006-03-31,0.0434782608695651,76.17451612903226,655448.3870967742
2005-12-31,PSA,USD,1393311,2005-12-31,2005-12-30 19:00:00,2005,Q4,298132000.0,115658000.0,182474000.0,0.6120577462,0,4225000.0,0.0,4225000.0,52261000.0,56486000.0,172144000.0,0.0,0.0,52261000.0,178249000.0,0.5978861712,125988000.0,0.4225913354,-125988000.0,0.0,0.0,0.0,123372000.0,0.4138166986,0.96,0.96,128063000,128122000,,,2.3280104323653203,0.9633695915291692,1.3773377165926146,-0.0485932704996759,3.853579878653475,39.59753402622147,38.831653170705046,37.61436949001664,1.1685420457118765,8672426360.0,8328572360.0,17.573733018837338,29.08921672279393,49.167316907237534,-1393.6086067812953,1.8003757850566606,1.8003757850566606,27.93585512457569,46.72437073980779,47.21787647545724,-1338.3532636991804,0.0142257766026162,-0.0007175615844606,0.0310663733449532,0.0269513511605432,-1.929065520704184,4.330855638437911,0.0,1.4297085238141556,0.0138434153276569,0.973121940148494,0.0141715750070438,0.0,0.0176643399010821,1.0352805778236367,0.6125105657896502,3.494173475440577,0.0,28.553846410817457,,0.0226187824336476,0.0936570281814419,379551000.0,4972898000.0,11994000.0,4962460000.0,0.0,0.0,0.0,0.0,0.0,0.0,0.0,0.0,0.0,0.0256117437189758,1.4259309870922905,2006-02-06,0.48,bmo,279498750.0,2025-04-24,2005-12-31,0.0625,67.60936507936509,503925.3968253968
2005-09-30,PSA,USD,1393311,2005-09-30,2005-09-29 20:00:00,2005,Q3,273404000.0,96684000.0,176720000.0,0.6463694752,0,5621000.0,0.0,5621000.0,47896000.0,53517000.0,150201000.0,0.0,0.0,48108000.0,171311000.0,0.6265855657,123203000.0,0.4506261796,-123203000.0,0.0,0.0,0.0,128344000.0,0.4694298547,1.0,1.0,128006000,128742000,,,2.1358686311579143,1.002640501226505,1.2830648563348592,0.767214036842023,4.154289642673,39.79500960892458,38.40494976797962,37.787236535787386,1.1773979344718215,8576402000.0,8195342000.0,16.705888082029546,31.368970461295373,52.21871651242085,87.32895487129358,1.7730854685958817,1.7730854685958817,29.975208848444066,47.83897122776705,49.89857525572333,83.4488229064842,0.0149647836003955,0.0114509557737615,0.0311586144532357,0.0275446357098837,-2.224375550898658,0.0,0.0,1.279685844293461,0.0136222625758447,0.9102879760643272,0.0205593188102588,0.0,0.0325197546324421,0.4020457866536776,0.2415180465538177,2.1668307409595067,0.0,29.196880142485146,,0.0242447048298238,1.2042091776947956,531774000.0,4916064000.0,154146000.0,5066994000.0,0.0,0.0,0.0,0.0,0.0,0.0,0.0,0.0,0.0,0.0265338403425433,0.5158508194928363,2005-10-27,0.49,bmo,194640979.0,2025-04-24,2005-09-30,0.2653061224489796,65.8346875,919410.90625
2005-06-30,PSA,USD,1393311,2005-06-30,2005-06-29 20:00:00,2005,Q2,262762000.0,94859000.0,167903000.0,0.6389927006,0,6128000.0,0.0,6128000.0,48240000.0,54368000.0,149227000.0,0.0,0.0,48240000.0,161775000.0,0.6156712158,113535000.0,0.4320830257,-113535000.0,0.0,0.0,0.0,108266000.0,0.4120306589,0.85,0.84,127986000,128618000,,,2.0530526776366167,0.8459206475708281,1.5126810744925223,0.8290984951479068,3.050575844232963,38.69738096354289,37.29420405356836,36.15213382713734,1.1857312518556715,8095114500.0,7856440500.0,18.692651663495464,30.807782327733843,41.813176000247935,76.28767917220321,1.7495509477374704,1.7495509477374704,29.899454639559757,48.56399629114511,40.58036848792885,74.03843544146335,0.0133742394872858,0.0131082766031289,0.0327983752639688,0.0288695656144044,-1.4753453871117292,0.0,0.0,1.7882068239336448,0.0134261226323605,1.0038793342323535,0.0233214848417959,0.0,0.0341638190000728,0.4519013233334366,0.3329591036755695,1.3319276558170692,0.0,26.2314948164927,,0.0213245628962926,0.6759411185598425,390431000.0,4773136000.0,86511000.0,4860586000.0,0.0,0.0,0.0,0.0,0.0,0.0,0.0,0.0,0.0,0.0233989133702488,0.6835825793446159,2005-07-29,0.44,bmo,236957636.0,2025-04-24,2005-06-30,0.0681818181818181,60.27625,278021.875
2005-03-31,PSA,USD,1393311,2005-03-31,2005-03-30 19:00:00,2005,Q1,250942000.0,95930000.0,155012000.0,0.6177204294,0,5141000.0,0.0,5141000.0,47938000.0,53079000.0,149009000.0,0.0,0.0,47938000.0,149871000.0,0.5972336237,101933000.0,0.406201433,-101933000.0,0.0,0.0,0.0,96411000.0,0.3841963482,0.75,0.75,128586000,129175000,,,1.95154993545176,0.7497783584527087,1.2273497892461076,0.9897111660678456,2.756388720389467,37.55215186723282,36.14268271818083,34.89669948516946,1.1878042710715009,7321686840.0,7119988840.0,18.985610666832624,29.176809143148617,46.39264250411862,57.531936540864194,1.631672932971744,1.631672932971744,28.373045723713048,47.50744867252504,45.11461690533519,55.94704540989918,0.0131678672014876,0.0173816502646267,0.0340377253034,0.0294948308973971,-1.3458107305616165,0.0,0.0,1.636950140544129,0.014919376147478,1.1330138677121906,0.0204868057160618,0.0,0.0349990778942774,0.1936193131415536,0.1217691737532975,0.636922627980657,0.0,24.26330101710557,,0.0192932859220908,0.0369324809854883,354433000.0,4647443000.0,4749000.0,4779337000.0,246000.0,0.0,0.0,0.0,0.0,0.0,0.0,0.0,0.0,0.0214856524976338,0.237638623178262,2005-05-05,0.37,bmo,237162162.0,2025-04-24,2005-03-31,0.027027027027027,55.50573770491803,388300.0
2004-12-31,PSA,USD,1393311,2004-12-31,2004-12-30 19:00:00,2004,Q4,240282000.0,83382000.0,156900000.0,0.6529827453,0,2830000.0,0.0,2830000.0,37570000.0,40400000.0,123782000.0,0.0,0.0,47633000.0,164133000.0,0.6830848753,106437000.0,0.4429670138,-106437000.0,0.0,0.0,0.0,107271000.0,0.4464379354,0.84,0.83,128439000,128586000,,,1.8707869105178336,0.8351902459533319,1.15686824095485,0.0117954826804942,2.851587134748791,37.83017619258948,37.01512001806305,34.49082443806009,1.1337210660313457,7160474250.0,6939833250.0,16.687814623710043,29.80029402951532,48.1904490298613,4726.3856435643565,1.6163719165402362,1.6163719165402362,28.882035483307117,42.28176692072892,46.70552100789436,4580.74801980198,0.0149809909588041,0.0002115781646725,0.0328702222838228,0.0279769212590709,-1.344281771490194,2.8316077177865795,0.0,0.4343125219221326,0.0153457712664772,1.0243495446113116,0.0117778277190967,0.0,0.0201132034145469,0.9898039532395162,0.6120808050540615,3.0876073310520016,0.0,25.458672457043463,,0.0210330963774275,0.1611971441696058,237228000.0,4754185000.0,20827000.0,4588623000.0,246000.0,0.0,0.0,0.1842834669263615,0.0,0.0,488.3780487804878,0.0,0.0,0.0242148530677542,1.1450727582743558,2005-03-03,0.37,bmo,,2025-04-24,2004-12-31,0.2432432432432433,53.87171875,242743.75
2004-09-30,PSA,USD,1393311,2004-09-30,2004-09-29 20:00:00,2004,Q3,237008000.0,82310000.0,154698000.0,0.6527121447,0,5527000.0,0.0,5527000.0,44354000.0,49881000.0,132191000.0,0.0,0.0,27820000.0,149171000.0,0.6293922568,104817000.0,0.4422508945,-104817000.0,0.0,0.0,0.0,97515000.0,0.4114418079,0.76,0.76,128085000,128826000,,,1.85039622125932,0.7613303665534606,1.347722215716126,1.1998048171136355,3.7106608892532313,38.10824062146231,36.66747862747394,34.955904282312524,0.275285942928524,6346611750.0,5906591750.0,16.27086025226888,26.77804863126983,36.76573660520325,41.29838394815099,1.41750016248534,1.41750016248534,24.921486827448863,39.59611285035295,34.21671358973022,38.43510577379829,0.0153648913532484,0.0242140225451793,0.0078752344870053,0.0069437975798325,-2.9497690569882886,0.0,0.0,-1.2736602893760192,0.0171337091795476,1.1151207506537455,0.0233198879362721,0.0,0.0363417017975691,0.1097536249514838,0.0799382299331668,0.4335469107551487,0.0,24.470233079404156,,0.0199279719735241,2.174032868798064,475280000.0,4696554000.0,278461000.0,4669297000.0,0.0,0.0,0.0,0.0,0.0,0.0,0.0,0.0,0.0,0.0217797359897992,0.1479173986024905,2004-11-04,0.36,bmo,223996722.0,2025-04-24,2004-09-30,0.0555555555555556,48.95,236331.25
2004-06-30,PSA,USD,1393311,2004-06-30,2004-06-29 20:00:00,2004,Q2,229557000.0,82122000.0,147435000.0,0.6422587854,0,4572000.0,0.0,4572000.0,44683000.0,49255000.0,131377000.0,0.0,0.0,61194000.0,159374000.0,0.6942676547,98180000.0,0.4276933398,-98180000.0,0.0,0.0,0.0,92360000.0,0.4023401595,0.72,0.72,127632000,128548000,,,1.7985849943587815,0.7236429735489532,1.404867117964147,1.3504998746395889,3.302055910743387,37.99746928669926,36.53865801679829,34.81335401780118,0.2765529020935188,5872348320.0,5486197320.0,15.895269380684278,25.58122087324717,32.750428429611944,34.06886654638069,1.3216192836942289,1.3216192836942289,23.899063500568488,34.42341486064226,30.596841823474957,31.828582733353837,0.0157279498706575,0.0293523119895585,0.0079438741223298,0.0070007727288594,-2.4229234379509834,0.0,0.0,1.9413815504547425,0.0181767146946079,1.1556951061065397,0.0199166220154471,0.0,0.0369289422658885,0.038699206942322,0.0302277865628144,0.154045954045954,0.0,23.808189304621973,,0.0190210188848896,1.7963285069575028,421448000.0,4663502000.0,229269000.0,4624612000.0,0.0,0.0,0.0,0.0,0.0,0.0,0.0,0.0,0.0,0.0207863618420371,0.0543672433245581,2004-08-05,0.34,bmo,211187500.0,2025-04-24,2004-06-30,0.0882352941176469,44.39064516129032,423437.0967741936
2004-03-31,PSA,USD,1393311,2004-03-31,2004-03-30 19:00:00,2004,Q1,220797000.0,82599000.0,138198000.0,0.6259052433,0,5884000.0,0.0,5884000.0,46433000.0,52317000.0,134916000.0,0.0,0.0,46433000.0,132314000.0,0.5992563305,85881000.0,0.3889590891,-85881000.0,0.0,0.0,0.0,69067000.0,0.3128076921,0.54,0.54,127182000,128387000,,,1.7360711421427562,0.5430564073532418,1.1552499567548866,1.133981223758079,2.513209416426853,37.55694202009718,36.07998773411332,34.21898539101445,0.3877356858674969,6188676120.0,5918354120.0,22.40098788133261,28.02880528268047,42.12075466047765,42.91076340641511,1.422017615191408,1.422017615191408,26.80450422786541,44.72961379748175,40.28091582894907,41.03641691281496,0.0111602220993267,0.0233041764027554,0.0113310105906679,0.0099413754591382,-2.043033994890941,0.0,0.0,2.127311161625668,0.017341188635349,1.5538390258734271,0.0266489128022572,0.0,0.0378684697543333,0.0184105031750461,0.0122510722518874,0.0578362197990164,0.0,20.447833224296428,,0.0144717548608308,1.0679341416238146,319635000.0,4588725000.0,135822000.0,4540513000.0,50255000.0,0.0,0.0,0.0,0.0,0.0,0.0,0.0,0.0,0.0158700324146911,0.0212687329968077,2004-05-06,0.29,bmo,283323289.0,2025-04-24,2004-03-31,-0.4137931034482758,47.26790322580646,260488.70967741936
2003-12-31,PSA,USD,1393311,2003-12-31,2003-12-30 19:00:00,2003,Q4,221436000.0,82520000.0,138916000.0,0.6273415343,0,3806000.0,0.0,3806000.0,48118000.0,51924000.0,134444000.0,0.0,0.0,75871000.0,162863000.0,0.7354856482,86992000.0,0.3928539172,-86992000.0,0.0,0.0,0.0,85970000.0,0.3882385881,0.68,0.68,126504000,127182000,,,1.7504268639726808,0.6795832542844495,1.1007082779991146,0.2143094289508632,1.6191820021501298,36.72560551445014,35.22768450009486,33.35704009359388,0.6010086637576677,5489008560.0,5360205560.0,15.96198836803536,24.788239310681192,39.42007239091092,202.46426026336167,1.3007748852492738,1.3007748852492738,24.206567857078344,32.91235922216833,38.49505587314355,197.71331046438715,0.0156622091330824,0.0049391433268233,0.0180174458546485,0.0153037326977544,-0.7908671705666726,0.0,0.0,1.6133756633374272,0.0146767852735868,0.937082703268582,0.017187810473455,0.0,0.0381421836129892,0.8052986125075408,0.5063901082028216,1.4779428240039014,0.0,22.58428506400593,,0.0179907152256237,-0.3313531587933978,305343000.0,4456443000.0,-16790000.0,4549131000.0,50255000.0,0.0,0.0,40.85108112502032,0.0,0.0,2.203124067256989,0.0,0.0,0.0203730082878355,0.8863988490482514,2003-12-30,,amc,,2025-04-24,2003-12-31,,42.7325,239725.9375
2003-09-30,PSA,USD,1393311,2003-09-30,2003-09-29 20:00:00,2003,Q3,224842000.0,78951000.0,145891000.0,0.6488600884,0,4642000.0,0.0,4642000.0,45435000.0,50077000.0,129028000.0,0.0,0.0,44722000.0,141249000.0,0.6282144795,95814000.0,0.4261392444,-95814000.0,0.0,0.0,0.0,89747000.0,0.3991558517,0.71,0.71,125528000,126802000,,,1.7911700975081255,0.7149560257472436,1.2850280415524824,1.2001386144923842,0.3608995602574724,35.914066981071954,34.391346950481164,32.50238193869097,0.6556465489771206,4924463440.0,4961462440.0,13.717626884464105,21.90188416754877,30.528516679375347,32.68789082050567,1.2069884623840583,1.2069884623840583,22.066439722115973,35.12564648245297,30.75788676250876,32.93348494201831,0.0182247266313342,0.0305923684550696,0.0201722615349811,0.0173550712795311,0.2619416774632033,0.0,0.0,1.7973525577456628,0.0211064619052182,1.158122277067757,0.0206456089164835,0.0,0.0403066480116484,0.0660603693578084,0.0473932806148317,0.2343884037569012,0.0,22.865911547752116,,0.0197198436158635,-1.503417564208782,45303000.0,4317077000.0,-188721000.0,4310464000.0,0.0,0.0,0.0,0.0,0.0,0.0,0.0,0.0,0.0,0.0219970347741239,0.0848894270600981,2004-02-27,0.31,bmo,228579096.0,2025-04-24,2003-09-30,-0.032258064516129,36.70421875,244054.6875
2003-06-30,PSA,USD,1393311,2003-06-30,2003-06-29 20:00:00,2003,Q2,216949000.0,79713000.0,137236000.0,0.6325726323,0,4429000.0,0.0,4429000.0,45681000.0,50110000.0,129823000.0,0.0,0.0,45681000.0,132807000.0,0.612157696,87126000.0,0.4015966886,-87126000.0,0.0,0.0,0.0,84297000.0,0.3885567576,0.68,0.67,124599000,125854000,,,1.7411776980553615,0.6765463607252065,1.1794958225988972,1.119455212321126,0.3319689564121702,36.08182248653681,34.53449867173894,32.628712911018546,0.8582733408775352,4220168129.999999,4285745129.999999,12.515772002562368,19.45235115165315,28.715659141014125,30.25578837564434,1.038042784352743,1.038042784352743,19.75462034856118,32.27047617971944,29.161870458071363,30.725931690600284,0.0199747965965517,0.0330515267883414,0.0263042352672054,0.022560776863706,0.4937766834579503,0.0,0.0,1.7434072386917685,0.0246302983194179,1.2330687924837185,0.020414936229252,0.0,0.0406733212590069,0.0509036226558885,0.0344827586206896,0.1616674590482776,0.0,22.28640464363164,,0.0185378544143874,-1.6289296061766143,41363000.0,4302964000.0,-202963000.0,4317816000.0,0.0,0.0,0.0,0.0,0.0,0.0,0.0,0.0,0.0,0.0207346934759642,0.060040610277771,2003-06-29,,amc,,2025-04-24,2003-06-30,,33.611587301587306,240706.3492063492
2003-03-31,PSA,USD,1393311,2003-03-31,2003-03-30 19:00:00,2003,Q1,206698000.0,73829000.0,132869000.0,0.6428170568,0,4250000.0,0.0,4250000.0,45367000.0,49617000.0,123446000.0,0.0,0.0,45367000.0,128619000.0,0.622255658,83252000.0,0.4027711928,-83252000.0,0.0,0.0,0.0,76639000.0,0.3707776563,0.62,0.61,124078000,125232000,,,1.6658714679475817,0.6176679185673528,1.1840535792001805,1.1652508905688357,0.4434065668369896,36.44136752687825,34.87424039716952,32.90809813182031,0.9196714969615888,3759563400.0,3818657400.0,12.263871527551249,18.1886781681487,25.590058196916587,26.002983773913765,0.9207460084331516,0.9207460084331516,18.474573532399926,29.689683483777667,25.99229078038321,26.411706851475287,0.0203850798207047,0.0384571251012817,0.0279466620428093,0.0239467690087748,0.4594500034987054,0.0,0.0,1.9169743864090083,0.0279601615442899,1.3715993162750035,0.0205613987556725,0.0,0.0408054740268706,0.0158799305720995,0.0112869984228197,0.0508057491289198,0.0,21.385537653623818,,0.0167672774784346,-1.5200519028353132,55017000.0,4327126000.0,-188605000.0,4332401000.0,12162000.0,0.0,0.0,0.0,0.0,0.0,0.0,0.0,0.0,0.018769480876505,0.0188026886313448,2003-08-05,0.29,bmo,181142068.0,2025-04-24,2003-03-31,0.1724137931034484,31.644754098360654,243170.49180327868
2002-12-31,PSA,USD,1393311,2002-12-31,2002-12-30 19:00:00,2002,Q4,201930000.0,76647000.0,125283000.0,0.620427871,0,3346000.0,0.0,3346000.0,44577000.0,47923000.0,124570000.0,0.0,0.0,71655000.0,149015000.0,0.7379537463,77360000.0,0.3831030555,-77360000.0,0.0,0.0,0.0,67214000.0,0.3328579211,0.54,0.54,123899000,124078000,,,1.6297952364425865,0.5424902541586292,1.0400083939337683,0.1337863905277685,0.8323231018813712,37.11464983575331,35.53193326822654,33.56741378057934,0.9351730038176256,4003176690.000001,4015919690.000001,14.889668409855092,19.82457628881296,31.06705694729,241.50438525579156,0.9625406416830712,0.9625406416830712,19.88768231565394,26.949768077039227,31.16595028559012,242.2731473214286,0.0167901657121209,0.004140711560748,0.027859548844918,0.0239213636294192,0.085514881052243,0.0,0.0,1.6549279494490252,0.0245327667512972,1.461139048412533,0.0165700985490021,0.0,0.0404852774615569,0.8713602781399391,0.556034269301243,1.5669527597515875,0.0,20.241662079697733,,0.0144621968708345,-0.9994188815083254,127448000.0,4402371000.0,-117746000.0,4429848000.0,12162000.0,0.0,0.0,10.841182588025552,0.0,0.0,8.301677355698075,0.0,0.0,0.01616121687851,0.906222003406,2002-12-30,,amc,,2025-04-24,2002-12-31,,30.695625,272528.125
2002-09-30,PSA,USD,1393311,2002-09-30,2002-09-29 20:00:00,2002,Q3,215386000.0,73238000.0,142148000.0,0.6599686145,0,3968000.0,0.0,3968000.0,44732000.0,48700000.0,121938000.0,0.0,0.0,43137000.0,138180000.0,0.6415458758,93448000.0,0.4338629252,-93448000.0,0.0,0.0,0.0,83351000.0,0.386984298,0.68,0.67,123341000,124784000,,,1.7462644214008318,0.6757769111649816,1.33563048783454,1.1290649500166203,2.2397661766971244,37.53688554495261,35.93362304505396,33.95445958764726,0.9857387243495674,3934577900.0,3779904900.0,11.801231838850164,18.267565672792102,23.883851327562557,28.253467614533964,0.9394936743921944,0.9394936743921944,17.549445646420846,27.354934867564047,22.94494834221613,27.142789745799224,0.0211842291901248,0.0353938855804583,0.0290312005056379,0.0241331569393594,-1.1193588073527283,1.2382768166089966,0.0,1.976436995356984,0.0302563586299816,1.4282492111672325,0.0184227387109654,0.0,0.0392515628830291,0.1546576988915733,0.1182899538502966,0.5660771418414504,0.0,22.72172739822768,,0.0172205089151994,-1.0691740783681014,137724000.0,4432089000.0,307596000.0,4459965000.0,0.0,0.0,0.0,0.0,0.0,0.0,0.0,0.0,0.0,0.0199024493209967,0.2065655378179194,2003-03-17,0.69,bmo,,2025-04-24,2002-09-30,-0.7101449275362318,33.42859375,358271.875
2002-06-30,PSA,USD,1393311,2002-06-30,2002-06-29 20:00:00,2002,Q2,212541000.0,125158000.0,87383000.0,0.4111347928,0,4305000.0,0.0,4305000.0,-4305000.0,0.0,125158000.0,0.0,0.0,46052000.0,133435000.0,0.6278082817,87383000.0,0.4111347928,-87383000.0,0.0,0.0,0.0,80718000.0,0.3797761373,0.66,0.65,122821000,124824000,,,1.7304939709007416,0.6572003159068889,1.1660709487791177,1.072910984277933,1.40174725820503,37.9739946751777,36.35050194999226,34.26406721977512,0.9965641054868468,4538235950.0,4488470950.0,14.05583621373176,21.352284735651004,31.68760875029675,34.4390173476202,1.078389198894483,1.078389198894483,21.11814167619424,33.63788323903024,31.340131477886857,34.06136891391452,0.0177862061138535,0.0290368331333676,0.0290848164374278,0.0250521001977576,-0.3729531232435268,1.0675441441441442,0.0,1.7743006516514284,0.0216802301784242,1.2189350578557447,0.0202549155221816,0.0,0.0408121285903698,0.0798921923221941,0.0538343190255056,0.2484582645704855,0.0,22.50917602944518,,0.0172239590523941,-0.4039211535486602,37487000.0,4464605000.0,370713000.0,4330778000.0,0.0,0.0,0.0,0.0,0.0,0.0,0.0,0.0,0.0,0.0191804525624906,0.0931599645011846,2002-06-29,,amc,,2025-04-24,2002-06-30,,37.0446875,222640.625
2002-03-31,PSA,USD,1393311,2002-03-31,2002-03-30 19:00:00,2002,Q1,216975000.0,71320000.0,145655000.0,0.6712985367,0,4000000.0,0.0,4000000.0,43997000.0,47997000.0,119317000.0,0.0,0.0,43997000.0,141655000.0,0.6528632331,97658000.0,0.4500887199,-97658000.0,0.0,0.0,0.0,87455000.0,0.4030648692,0.72,0.7,121946000,124065000,,,1.77927115280534,0.7171616945205255,1.2476752004985814,1.1737080347038853,1.5767716858281535,38.26052515047644,36.61184458694832,34.4221294671412,1.0502681514768832,4560780400.0,4496575400.0,13.037506146017952,21.019842839036755,29.97575008708568,31.864824039852163,1.0865103518857375,1.0865103518857375,20.723933172024427,31.74314637676044,29.553762430249297,31.416242690160622,0.0191754463775541,0.0313825677728311,0.0305114229635168,0.0261740312720776,-0.4532490911016201,1.070588028169014,0.0,1.7397404379395118,0.0211060370282243,1.1006803498942312,0.0184353036064062,0.0,0.0410872371658328,0.0592839913505839,0.0415716096324461,0.2050139782257881,0.0,23.567779608977755,,0.0186383905023595,-0.289045971167566,40094000.0,4464668000.0,380565000.0,4325247000.0,29672000.0,0.0,0.0,0.0,0.0,0.0,0.0,0.0,0.0,0.0208343209912424,0.073967165794696,2002-03-30,,amc,,2025-04-24,2002-03-31,,36.5725,223065.0
2001-12-31,PSA,USD,1393311,2001-12-31,2001-12-30 19:00:00,2001,Q4,213659000.0,-67962000.0,281621000.0,1.3180862964,0,4489000.0,0.0,4489000.0,184610000.0,189099000.0,121137000.0,0.0,0.0,69511000.0,162033000.0,0.7583719853,92522000.0,0.4330358188,-92522000.0,0.0,0.0,0.0,84196000.0,0.3940671818,0.7,0.69,120387000,121946000,,,1.77476803973851,0.6993778397999784,1.0245873723907066,-0.5975479079967106,0.4099030626230407,36.2512895910688,34.56754466844427,32.475126051816225,1.400084726756211,4020925800.0,4140130800.0,11.939182977813672,18.81936075709425,32.59848881610416,-55.89509987906085,1.028479456760478,1.028479456760478,19.37728249219551,25.5511580974246,33.56490875335436,-57.55217481963385,0.0209394562814364,-0.0178906559280452,0.0431125263231398,0.0364367507234841,0.7356834718853567,1.155374125874126,0.0,1.4649983372131692,0.022886271614363,1.0929735379352938,0.021010114247469,0.0,0.0438189152807498,1.58320834718315,0.9139984742042226,2.809397073844428,0.0,22.60594233537728,,0.0190351823960057,-1.394170466910879,88874000.0,4161483000.0,399179000.0,4053879000.0,29672000.0,0.0,0.0,24.997589617100143,0.0,0.0,3.600347128606093,0.0,0.0,0.0215358006211915,1.6221352803874172,2002-03-14,0.37,bmo,,2025-04-24,2001-12-31,0.8648648648648647,33.89671875,187187.5
2001-09-30,PSA,USD,1393311,2001-09-30,2001-09-29 20:00:00,2001,Q3,214097000.0,119187000.0,96532000.0,0.4508797414,0,5965000.0,0.0,5965000.0,-117498000.0,-111533000.0,-111533000.0,0.0,0.0,59969000.0,385599000.0,1.801048123,96532000.0,0.4508797414,-96532000.0,0.0,0.0,0.0,83604000.0,0.3904958967,0.7,0.69,120092000,121754000,,,1.782774872597675,0.696166272524398,1.2058921493521633,1.0738683675848515,2.4014339006761483,37.53446524331346,36.05199347167172,33.345160377044266,1.241198414548846,4035091200.0,3895756200.0,12.066082962537678,18.84702354540232,27.86318827770029,31.288751037119173,1.0076424770513677,1.0076424770513677,18.1962204047698,10.103128379482312,26.901049593282604,30.2083248683731,0.0207192343013213,0.0319603680828824,0.0372227453853639,0.0312251892997511,-0.3613468914597808,1.368958064516129,0.0,1.7321898473757236,0.0421534462467663,2.034507918281422,0.0278612030995296,0.0,0.0372949732761918,0.1094822466820422,0.0740552179619518,0.3713027797943842,0.0,22.85410160440224,,0.0181921323662371,0.1859907404323352,228754000.0,4329556000.0,582697000.0,4153646000.0,0.0,0.0,0.0,0.0,0.0,0.0,0.0,0.0,0.0,0.0208775805739911,0.1320237817673117,2001-09-29,,amc,,2025-04-24,2001-09-30,,31.75067796610169,228416.9491525424
2001-06-30,PSA,USD,1393311,2001-06-30,2001-06-29 20:00:00,2001,Q2,207428000.0,112859000.0,94569000.0,0.455912413,0,5000000.0,0.0,5000000.0,-5000000.0,0.0,112859000.0,0.0,0.0,41323000.0,135892000.0,0.6551285265,94569000.0,0.455912413,-94569000.0,0.0,0.0,0.0,81773000.0,0.3942235378,0.68,0.67,120734000,121639000,,,1.7180578793049182,0.6772988553348684,1.1654297877979691,1.104817201451124,0.4204366624148956,35.24288104427916,33.74901022081601,30.87243030132357,1.2407109844782749,3579763100.0,3678798100.0,10.944208663006126,17.257858630464547,25.44125807529121,26.837018794653236,0.9604038201919216,0.9604038201919216,17.735301405788995,27.07148397256645,26.145096548146142,27.5794713207236,0.022843131714498,0.0372619629494476,0.0401883159948403,0.0331879788069821,0.7287772642981191,0.9457798742138364,0.0,1.720702432343194,0.0169016770970123,0.73990192361782,0.0241047495998611,0.0,0.0399597922882193,0.0520087842111622,0.0352797115143567,0.1770926602618396,0.0,21.69036395155852,,0.0188712686072028,-1.72103135819239,-34484000.0,4074653000.0,342968000.0,3877562000.0,0.0,0.0,0.0,0.0,0.0,0.0,0.0,0.0,0.0,0.0219386309637512,0.0606125863468451,2001-11-08,0.39,bmo,,2025-04-24,2001-06-30,0.7230769230769232,27.643015873015877,204228.57142857145
2001-03-31,PSA,USD,1393311,2001-03-31,2001-03-30 19:00:00,2001,Q1,197839000.0,66897000.0,130942000.0,0.6618614126,0,5584000.0,0.0,5584000.0,39622000.0,45206000.0,112103000.0,0.0,0.0,39622000.0,125358000.0,0.6336364418,85736000.0,0.4333624816,-85736000.0,0.0,0.0,0.0,74635000.0,0.3772511992,0.58,0.58,128114000,128699000,,,1.5442418471049222,0.5825670886866384,1.0120829885882885,0.9745070796322026,0.315945173829558,33.01781226095509,31.59182446883245,28.890019826092388,1.211912827637885,3362992500.0,3477778500.0,11.26479701212568,16.99863272661103,25.936608258394905,26.936695021145717,0.908618275723438,0.908618275723438,17.578831777354313,27.74277269899009,26.821879193595656,27.85610101883891,0.0221930319499671,0.0371240792240839,0.0419491864295409,0.0345944334474427,0.9156655339108792,6.5137389240506325,0.0,1.7372814363234408,0.0176762214010289,0.7964761840959336,0.0282249708095977,0.0,0.0407052707475693,0.0371273002113186,0.024332917170022,0.1214981575892181,0.0,19.45979012474654,,0.0173351948702595,-1.698260923864683,3484683000.0,4047355000.0,3858635000.0,3856092000.0,13119000.0,0.0,0.0,0.0,0.0,0.0,0.0,0.0,0.0,0.0201649944234543,0.0375759089560859,2001-03-30,,amc,,2025-04-24,2001-03-31,,25.69403225806452,186796.7741935484
2000-12-31,PSA,USD,1393311,2000-12-31,2000-12-30 19:00:00,2000,Q4,196599000.0,-56251000.0,252850000.0,1.2861204787,0,7249000.0,0.0,7249000.0,166810000.0,174059000.0,117808000.0,0.0,0.0,39458000.0,118249000.0,0.6014730492,82577000.0,0.4200275688,-82577000.0,0.0,0.0,0.0,74572000.0,0.3793101694,0.58,0.58,128114000,128114000,,,1.5345629673571974,0.5820753391510686,1.0017484427931374,0.6770376383533415,0.6983389793465195,33.22849181197996,31.78433270368578,29.06877468504613,1.2176889332937852,3099077660.0,3165613660.0,10.38954855709918,15.763445694026927,24.14777898985492,35.72918052064839,0.8321644191092815,0.8321644191092815,16.101880782709983,26.77074360036871,24.66622247502688,36.49627222209412,0.0240626432059143,0.0279883273399479,0.0418899298813651,0.0345602656304103,0.5626770628081421,0.9841293375394322,0.0,1.7209944751381216,0.0185722999919918,0.7718312503352465,0.036872008504621,0.0,0.0409879083488242,0.3241440570992224,0.2115982278648416,1.0542855694662678,0.0,19.51166010053591,,0.0172264516540368,-1.1533517023900588,-10062000.0,4072018000.0,367032000.0,3879941000.0,28776500.0,0.0,0.0,12.011353058764286,0.0,0.0,7.492911045049166,0.0,0.0,0.0200240755056836,0.3247108044397958,2000-12-30,,amc,,2025-04-24,2000-12-31,,22.616190476190475,166382.53968253967
2000-09-30,PSA,USD,1393311,2000-09-30,2000-09-29 20:00:00,2000,Q3,195966000.0,107977000.0,87989000.0,0.4490013574,0,5436000.0,0.0,5436000.0,-5436000.0,0.0,107977000.0,0.0,0.0,27601000.0,115590000.0,0.5898472184,87989000.0,0.4490013574,-87989000.0,0.0,0.0,0.0,75652000.0,0.3860465591,0.58,0.58,131084000,131261000,,,1.494965060571847,0.5771261176039791,0.9954380397302494,0.7640520582222087,0.7979539837051052,32.1899011320985,30.760725946721188,28.158852338958223,1.2261069238045834,3138150960.0,3194274960.0,10.370350288161582,16.013752181500873,24.04971383903254,31.332943537516847,0.8501766944130257,0.8501766944130257,16.300148801322678,27.63452686218531,24.479828947166745,31.8933149618092,0.0241071895406841,0.0319152906525567,0.0435425034033878,0.0358222720685549,0.4855437321567609,1.055171653543307,0.0,1.7248189076296727,0.0344776275517351,1.430180299265056,0.0277395058326444,0.0,0.0417551694148766,0.23244639271646,0.1547768490452425,0.8038747979115316,0.0,19.12203455042769,,0.0175962055536017,-1.0604783955326356,35034000.0,4032239000.0,402937000.0,3851678000.0,31436500.0,0.0,0.0,14.3818315422063,0.0,0.0,6.257895577199426,0.0,0.0,0.0204953707152871,0.2313859815080406,2000-09-29,,amc,,2025-04-24,2000-09-30,,24.75333333333333,146988.88888888888
2000-06-30,PSA,USD,1393311,2000-06-30,2000-06-29 20:00:00,2000,Q2,188150000.0,102121000.0,86029000.0,0.4572362477,0,5576000.0,0.0,5576000.0,-102121000.0,-96545000.0,-96545000.0,0.0,0.0,40842000.0,325537000.0,1.7301993091,86029000.0,0.4572362477,-86029000.0,0.0,0.0,0.0,74303000.0,0.3949136327,0.56,0.56,131588000,131734000,,,1.4298416268960696,0.564663951120163,0.9545703255616014,0.8033103322491413,1.823502143052558,32.128567954524726,30.687175122351583,28.478850655074933,2.452898440587288,3084422720.0,3167243720.0,10.37785392245266,16.393423970236512,24.555550672717143,29.17925869865476,0.823066923728644,0.823066923728644,16.833609992027636,9.729289512405655,25.2149010429106,29.962762000264885,0.0240897590068328,0.0342709186113114,0.0861305278887784,0.0721079693813904,0.2544134768090877,1.4143978873239436,0.0,1.690510477369689,0.0269674449810822,1.119456818701802,0.0296359287802285,0.0,0.0423726920320483,0.1584587214393758,0.1057879351581185,0.5568487018800358,0.0,19.02162079110905,,0.0173339380137275,0.1149154938140255,235378000.0,4038064000.0,554880000.0,3908232000.0,15779000.0,0.0,0.0,15.095508902471432,0.0,0.0,5.962038151974143,0.0,0.0,0.0198274838391183,0.1512599933124601,2000-06-29,,amc,,2025-04-24,2000-06-30,,22.772380952380956,219593.6507936508
2000-03-31,PSA,USD,1393311,2000-03-31,2000-03-30 19:00:00,2000,Q1,176595000.0,59160000.0,117435000.0,0.6649961777,0,3045000.0,0.0,3045000.0,-98239000.0,-95194000.0,-95194000.0,0.0,0.0,41066000.0,312855000.0,1.7715960248,78356000.0,0.4437045216,-78356000.0,0.0,0.0,0.0,72561000.0,0.410889323,0.55,0.55,132781000,132902000,,,1.329971908631506,0.54647125718288,0.8888018617121426,0.8577281388150413,2.068676994449507,31.94336539113277,30.497390439897277,28.29571248898562,1.255759483661066,2788401000.0,2680461000.0,9.6070926530781,15.789807185933917,23.627313245661604,24.48328211432084,0.742161909093982,0.742161909093982,15.17857810243778,8.567742244809896,22.7126914994577,23.535525507068225,0.0260224408182323,0.0408441970864305,0.0443798502741318,0.037116670391519,-0.3450160617538476,1.5123380281690142,0.0,1.6264384448946403,0.033874611291561,1.3017461170601288,0.0172428437951244,0.0,0.0427388973427704,0.0349613611713666,0.0233641949092556,0.1145029694177721,0.0,18.652422241539544,,0.0168732777564616,0.1792801680963391,291008000.0,4049474000.0,608132000.0,3924348000.0,9399000.0,0.0,0.0,0.0,0.0,0.0,0.0,0.0,0.0,0.0193128643569445,0.0310737228971012,2000-03-30,,amc,,2025-04-24,2000-03-31,,22.4484126984127,198803.17460317464
1999-12-31,PSA,USD,1393311,1999-12-31,1999-12-30 19:00:00,1999,Q4,177534000.0,0.0,0.0,0.0,0,3091000.0,0.0,3091000.0,408919000.0,412010000.0,628826000.0,0.0,0.0,41440000.0,-409852000.0,-2.3085831446,-451292000.0,-2.5420032219,451292000.0,0.0,0.0,0.0,75685000.0,0.4263127063,0.57,0.57,127287574,132781000,,,1.3947472987426095,0.5945984955295008,0.933139003811951,2.2859026286415043,0.4330744806244795,30.448376681293336,28.92170762874309,28.982404833954963,1.3146452143081933,2888155054.06,3000368054.06,9.540051047301317,16.268179920803902,24.31577707855898,9.926057092591256,0.7828887951153398,0.7828887951153398,16.900244764721123,-7.320613426456379,25.26051385419736,10.311712510559616,0.0262053105125385,0.1007449373574924,0.0453601149331815,0.0397063865783501,-0.2737890750807608,1.6488100558659218,0.0,1.5690488771466315,0.0184166012573419,0.7027812644513444,0.0174107494902384,0.0,0.0461101679129932,1.4496914385781758,0.9698987236247704,4.1551640926640925,0.0,19.691117845355365,,0.0188268381135699,-2.1169505516697176,232274000.0,3681374000.0,251589000.0,3856385000.0,9399000.0,0.0,0.0,9.529554902159587,0.0,0.0,9.444302585381424,0.0,0.0,0.0205158439727846,1.3527636248295534,1999-12-30,,amc,,2025-04-24,1999-12-31,,23.35015625,230346.875
1999-09-30,PSA,USD,1393311,1999-09-30,1999-09-29 20:00:00,1999,Q3,179000000.0,0.0,0.0,0.0,0,4000000.0,0.0,4000000.0,-95600000.0,-91600000.0,-91600000.0,0.0,0.0,43900000.0,314500000.0,1.7569832402,270600000.0,1.5117318436,-270600000.0,0.0,0.0,0.0,76800000.0,0.4290502793,0.41,0.4,185616438,185616438,,,0.9643542453928567,0.4137564583584995,0.6745092263865121,0.1120590408054269,0.4633210340993614,21.196937310045783,20.137225130890616,20.462088600148657,0.9266420681987227,4675678073.22,4761678073.22,15.220306227929688,26.12110655430168,37.345671511341855,224.79221505865385,1.231057126779179,1.231057126779179,26.60155348167597,15.140470821049286,38.03257246980831,228.92683044326924,0.0164254251035529,0.0044485526322122,0.0452858007951344,0.040892988754428,0.273449920508744,2.647881355932203,0.0,1.6323337679269885,0.0112924797586926,0.6875,0.0223463687150838,0.0,0.0467654121395116,0.8338658146964856,0.5832402234636872,2.378132118451025,0.0,13.80189224240086,,0.0191549857834089,-0.9999114410330404,388900000.0,3737800000.0,353300000.0,3970100000.0,0.0,0.0,0.0,0.0,0.0,0.0,0.0,0.0,0.0,0.0202206366341065,0.5624501855810853,1999-09-29,,amc,,2025-04-24,1999-09-30,,25.78234375,144715.625
1999-06-30,PSA,USD,1393311,1999-06-30,1999-06-29 20:00:00,1999,Q2,172300000.0,0.0,0.0,0.0,0,2600000.0,0.0,2600000.0,-91900000.0,-89300000.0,-89300000.0,0.0,0.0,37815000.0,299415000.0,1.7377539176,261600000.0,1.5182820662,-261600000.0,0.0,0.0,0.0,73700000.0,0.4277423099,0.39,0.39,188974359,188974359,,,0.911763907610344,0.3899999999470828,0.6186024422498504,-0.0201085481655212,0.3598371776988009,20.53241519395761,19.47936227686847,19.732306645897925,0.91335142457078,5291282052.0,5395882052.0,17.948717951153323,30.70970430644225,45.263319520958085,-1392.4426452631578,1.4189927463863337,1.4189927463863337,31.31678497968659,18.02141526643621,46.15810138579983,-1419.9689610526316,0.0139285714266815,-0.0007181624344829,0.0462871087988414,0.0416114178258878,0.3493478950620376,2.426422764227642,0.0,1.5861601085481682,0.0099769771259965,0.7162957937584803,0.0150899593731863,0.0,0.0479760842836133,1.0325064157399486,0.7005223447475334,3.094871794871795,0.0,13.158684994871647,,0.0186634252576666,-1.0572862956503004,350900000.0,3681100000.0,329100000.0,3901900000.0,0.0,0.0,0.0,0.0,0.0,0.0,0.0,0.0,0.0,0.019764541821985,0.6387109904153716,1999-06-29,,amc,,2025-04-24,1999-06-30,,27.83936507936508,164228.57142857142
1999-03-31,PSA,USD,1393311,1999-03-31,1999-03-30 19:00:00,1999,Q1,148015000.0,0.0,0.0,0.0,0,2362000.0,0.0,2362000.0,-81616000.0,-79254000.0,-79254000.0,0.0,0.0,34285000.0,261554000.0,1.767077661,227269000.0,1.5354457319,-227269000.0,0.0,0.0,0.0,61842000.0,0.4178090058,0.34,0.34,118624000,119014000,,,1.2477660507148638,0.5213278931750742,0.8286687348260049,-0.1138049635824116,0.868289722147289,32.377090639330994,30.680132182357703,31.0544240625843,1.524143512274076,2965600000.0,3043400000.0,11.988616150836,20.03580718170456,30.16887080366226,-219.67407407407407,0.8050382756935773,0.8050382756935773,20.561429584839377,11.635838106088991,30.96032553407935,-225.43703703703704,0.0208531157270029,-0.0045521985432964,0.0490797546012269,0.0439849166768033,0.2974529160326357,2.704878048780488,0.0,1.5906148867313916,0.0166269894793633,0.7973383784483038,0.0159578421105969,0.0,0.0489721445079674,1.1373346897253307,0.7553288518055602,3.377643504531722,0.0,19.0857169915628,,0.0158196050342781,-1.406123550040464,419400000.0,3639400000.0,395600000.0,3864500000.0,2707500.0,0.0,0.0,0.0,0.0,0.0,0.0,0.0,0.0,0.016787556327705,0.9424736984084164,1999-03-30,,amc,,2025-04-24,1999-03-31,,26.074262295081965,146098.3606557377
1998-12-31,PSA,USD,1393311,1998-12-31,1998-12-30 19:00:00,1998,Q4,148551000.0,0.0,0.0,0.0,0,1772000.0,0.0,1772000.0,354082000.0,355854000.0,569735000.0,0.0,0.0,31866000.0,-389318000.0,-2.6207699713,-421184000.0,-2.835282159,421184000.0,0.0,0.0,0.0,59219000.0,0.3986442367,0.46,0.46,122967000,128780769,,,1.2080558198541071,0.4815844901477632,0.7739881431603601,0.5714134686541917,0.4165751787064822,26.50032122439353,24.844307822423904,25.3672936641538,0.6621776574202834,3327487020.0,3357688020.0,14.047379303939612,22.399627198739825,34.96177588652482,47.35625161887142,1.066727903979688,1.066727903979688,22.602931114566715,-8.62453834654447,35.279096611505125,47.78606731658721,0.0177969139005086,0.0211165361660824,0.0261035988382157,0.0239213561839581,-0.0775741167888461,2.7745882352941176,0.0,1.6076858108108107,0.0133737561506701,0.7514649014674344,0.0119285632543705,0.0,0.0598239550821644,0.2617283950617284,0.1676865184347463,0.7817109144542773,0.0,16.579238271941268,,0.0185043819753901,-0.7315194320427432,362016000.0,3055030000.0,420777000.0,3199904000.0,2707500.0,0.0,0.0,3.2806914796938424,0.0,0.0,27.43324099722992,0.0,0.0,0.0189844646623965,0.2025746745061683,1998-12-30,,amc,,2025-04-24,1998-12-31,,26.6696875,136956.25
1998-09-30,PSA,USD,1393311,1998-09-30,1998-09-29 20:00:00,1998,Q3,150000000.0,0.0,0.0,0.0,0,2700000.0,0.0,2700000.0,-81300000.0,-78600000.0,-78600000.0,0.0,0.0,29400000.0,258000000.0,1.72,228600000.0,1.524,-228600000.0,0.0,0.0,0.0,62300000.0,0.4153333333,0.37,0.37,122714000,122714000,,,1.2223544175888652,0.5076845347719087,0.7929005655426439,0.4669393875189465,0.4481966197825839,26.4745668790847,24.79586681226266,25.24813794677054,0.6975569209707124,3289962340.0,3320562340.0,13.202096067415727,21.933082266666663,33.812562589928056,57.41644572425829,1.061860484781977,1.061860484781977,22.137082266666667,12.870396666666666,34.12705385405961,57.950477137870855,0.0189363869739615,0.0174166127384911,0.0276280540941806,0.0250893956269417,0.1186046511627907,2.550438596491228,0.0,1.5643086816720255,0.0135259906956868,0.7142857142857143,0.018,0.0,0.0603786857377337,0.4110996916752312,0.2666666666666666,1.3605442176870748,0.0,16.982550051911268,,0.0194335267327968,-0.880095180663983,353500000.0,3042800000.0,418500000.0,3183800000.0,0.0,0.0,0.0,0.0,0.0,0.0,0.0,0.0,0.0,0.0201078010521899,0.3259611780236974,1998-09-29,,amc,,2025-04-24,1998-09-30,,26.15703125,198448.4375
1998-06-30,PSA,USD,1393311,1998-06-30,1998-06-29 20:00:00,1998,Q2,141100000.0,0.0,0.0,0.0,0,2200000.0,0.0,2200000.0,-78600000.0,-76400000.0,-76400000.0,0.0,0.0,30000000.0,247500000.0,1.754075124,217500000.0,1.5414599575,-217500000.0,0.0,0.0,0.0,57200000.0,0.4053862509,0.33,0.32,121189000,121189000,,,1.1642970896698546,0.4719900320986228,0.7541938624792679,0.6287699378656478,1.5100380397560835,27.10642054971986,25.387617688074,25.83485299820941,0.7121108351418033,3393292000.0,3296592000.0,14.830821678321678,24.04884479092842,37.12573304157549,44.53139107611548,1.0838072119837745,1.0838072119837745,23.36351523742027,13.319563636363636,36.06774617067834,43.26236220472441,0.0168567868606651,0.0224560692094874,0.0275639592449455,0.0251347021989223,-0.3907070707070707,3.52073732718894,0.0,1.597902097902098,0.0133793378229754,0.7937062937062938,0.0155917788802267,0.0,0.0606669579146643,0.1663019693654266,0.1077250177179305,0.5066666666666667,0.0,16.563826389378796,,0.0177353342428376,0.2846793025769665,547000000.0,3076700000.0,615500000.0,3216500000.0,0.0,0.0,0.0,0.0,0.0,0.0,0.0,0.0,0.0,0.0182695071704621,0.12542392461362,1998-06-29,,amc,,2025-04-24,1998-06-30,,29.63793650793651,133996.82539682538
1998-03-31,PSA,USD,1393311,1998-03-31,1998-03-30 19:00:00,1998,Q1,142700000.0,0.0,0.0,0.0,0,2300000.0,0.0,2300000.0,-86600000.0,-84300000.0,-84300000.0,0.0,0.0,30100000.0,257100000.0,1.80168185,227000000.0,1.5907498248,-227000000.0,0.0,0.0,0.0,48400000.0,0.3391730904,0.26,0.26,119582000,119582000,,,1.1933234098777408,0.4047431887742302,0.7091368266127009,0.0668997006238397,2.032078406449131,28.74429261929053,26.983158000367947,25.69032128581225,0.903145958421836,3692692160.0,3557692160.0,19.07382314049587,25.87731016117729,43.54589811320754,461.58652,1.2020091012662348,1.2020091012662348,24.93126951646812,13.837775807078955,41.95391698113208,444.71152,0.0131069685483882,0.0021664410823782,0.035155105628072,0.0298854391499252,-0.5250875145857643,1.2550691244239631,0.0,1.7520661157024793,0.0121049895477883,0.9235537190082644,0.0161177295024527,0.0,0.0582766063423543,0.9056603773584906,0.5381920112123336,2.5514950166112955,0.0,15.2955747702307,,0.0142219087917254,0.5561037614356675,110700000.0,3226700000.0,368200000.0,3179800000.0,10903500.0,0.0,0.0,0.0,0.0,0.0,0.0,0.0,0.0,0.015754695485173,0.6422371259888612,1998-03-30,,amc,,2025-04-24,1998-03-31,,31.312131147540985,153514.75409836066
1997-12-31,PSA,USD,1393311,1997-12-31,1997-12-30 19:00:00,1997,Q4,134144000.0,0.0,0.0,0.0,0,1184000.0,0.0,1184000.0,281356000.0,282540000.0,284333000.0,0.0,0.0,17856000.0,-132333000.0,-0.9864995825,-150189000.0,-1.1196102696,150189000.0,0.0,0.0,0.0,45549000.0,0.3395530177,0.38,0.38,119582000,119582000,,,1.1217741800605443,0.3809018079644093,0.6594888862872339,1.0162148149387031,0.3466658861701593,26.23671622819488,24.455979996989512,23.824321386161795,0.8659998996504491,3513319160.0,3575422160.0,19.28318492173264,26.190654520515267,44.54965142081838,28.9112100789164,1.2331935723913288,1.2331935723913288,26.65361223759542,-27.018371532421995,45.33713097396751,29.422257552192622,0.0129646633071616,0.0345886594601328,0.0363494046950466,0.0312708638758079,-0.4692933735349459,0.9748224043715848,0.0,1.7332527472527473,0.0086169228075481,0.6646468638169883,0.0088263358778625,0.0,0.0643015782186798,0.5409127220623106,0.3180015505725191,2.389000896057348,0.0,14.289204299542677,,0.0146993853230757,-0.9733551036109114,-9215000.0,2924495000.0,182579000.0,2945645000.0,10903500.0,0.0,0.0,14.63076991889313,0.0,0.0,6.151419269042051,0.0,0.0,0.0159879394586094,0.3567259286514693,1997-12-30,,amc,,2025-04-24,1997-12-31,,28.2259375,122942.1875
1997-09-30,PSA,USD,1393311,1997-09-30,1997-09-29 20:00:00,1997,Q3,126400000.0,0.0,0.0,0.0,0,1900000.0,0.0,1900000.0,-74900000.0,-73000000.0,-73000000.0,0.0,0.0,26300000.0,225700000.0,1.7856012658,199400000.0,1.5775316456,-199400000.0,0.0,0.0,0.0,46500000.0,0.3678797468,0.45,0.45,104444444,104444444,,,1.2102127711072883,0.4452127678519692,0.7228723435015845,-0.0641489364431869,0.8712765994522409,28.555851185344046,26.4944681978488,26.73000011374468,0.9603191530226348,3094688875.72,3103988875.72,16.638112235053764,24.483298067405062,40.98925663205298,-461.8938620477611,1.1084923259975643,1.1084923259975643,24.55687401677215,13.75271987470093,41.11243544,-463.2819217492537,0.0150257430932152,-0.0021649995424632,0.035926642309621,0.0317958472024092,0.0412051395657953,1.487832699619772,0.0,1.6236559139784943,0.0174815634697408,1.1634408602150537,0.0150316455696202,0.0,0.068251703915042,1.0887417218543047,0.6503164556962026,3.1254752851711025,0.0,16.363437598646065,,0.015820631464344,-0.7755319181937529,128300000.0,2767200000.0,219300000.0,2891500000.0,0.0,0.0,0.0,0.0,0.0,0.0,0.0,0.0,0.0,0.01665592091124,0.7870212799447714,1997-09-29,,amc,,2025-04-24,1997-09-30,,29.00015625,106078.125
1997-06-30,PSA,USD,1393311,1997-06-30,1997-06-29 20:00:00,1997,Q2,109400000.0,0.0,0.0,0.0,0,1700000.0,0.0,1700000.0,-60600000.0,-58900000.0,-58900000.0,0.0,0.0,23800000.0,192100000.0,1.7559414991,168300000.0,1.5383912249,-168300000.0,0.0,0.0,0.0,44300000.0,0.4049360146,0.14,0.14,109932000,109932000,,,0.9951606447622168,0.4029763854018848,0.6422151875704981,0.3147400211039551,0.7641087217552669,25.54306298439035,23.56365753374813,24.023942073281663,0.94694902303242,3215511000.0,3235611000.0,18.14622460496614,29.392239488117003,45.54548158640227,92.93384393063585,1.2175354032563424,1.2175354032563424,29.5759689213894,16.843368037480477,45.83018413597734,93.51476878612716,0.01377697044109,0.0107603426018446,0.0394168875425975,0.0351013251508918,0.1046330036439354,1.771945701357466,0.0,1.5936794582392777,0.0103871515289482,0.7539503386004515,0.0155393053016453,0.0,0.0733722224095491,0.509915014164306,0.3290676416819013,1.512605042016807,0.0,14.758872929373515,,0.0161202285215239,-0.6704144380162282,170600000.0,2590400000.0,233900000.0,2744700000.0,0.0,0.0,0.0,0.0,0.0,0.0,0.0,0.0,0.0,0.0167739492616433,0.3274751664665429,1997-06-29,,amc,,2025-04-24,1997-06-30,,27.7309375,111651.5625
1997-03-31,PSA,USD,1393311,1997-03-31,1997-03-30 19:00:00,1997,Q1,101300000.0,0.0,0.0,0.0,0,1600000.0,0.0,1600000.0,-54900000.0,-53300000.0,-53300000.0,0.0,0.0,23400000.0,178000000.0,1.7571569595,154600000.0,1.526159921,-154600000.0,0.0,0.0,0.0,42300000.0,0.4175715696,0.26,0.26,93041000,93041000,,,1.0887673176341612,0.4546382777485194,0.7330101783084877,0.4664610225599467,1.3434937285712751,27.228856095699744,24.86538192839716,26.04120763964274,1.1597037865027249,2698189000.0,2681089000.0,15.946743498817968,26.635626850937808,39.56288856304985,62.1702534562212,1.1136196293697636,1.1136196293697636,26.46682132280355,15.06229775280899,39.31215542521994,61.77624423963134,0.0156771819913282,0.0160848628468947,0.0445334103759957,0.0402416738149405,-0.096067415730337,3.528,0.0,1.612293144208038,0.0210511569056133,1.342789598108747,0.0157946692991115,0.0,0.0820124566441651,0.3636363636363636,0.244817374136229,1.0598290598290598,0.0,16.32130265374128,,0.0171853416754692,-0.2461280510742576,379200000.0,2313500000.0,381300000.0,2531300000.0,12508000.0,0.0,0.0,0.0,0.0,0.0,0.0,0.0,0.0,0.0174584175987453,0.266549155748541,1997-03-30,,amc,,2025-04-24,1997-03-31,,28.547377049180326,150178.68852459016
1996-12-31,PSA,USD,1393311,1996-12-31,1996-12-30 19:00:00,1996,Q4,96522000.0,0.0,0.0,0.0,0,924000.0,0.0,924000.0,188485000.0,189409000.0,191984000.0,0.0,0.0,4175000.0,-91287000.0,-0.9457636601,-95462000.0,-0.9890180477,95462000.0,0.0,0.0,0.0,43149000.0,0.447037981,0.46,0.46,93041000,93041000,,,1.0374136133532528,0.4637632871529755,0.7183607226921465,-0.0626927913500499,0.2886469405960813,26.03413548865554,23.645371395406325,24.7787212089294,1.1655399232596382,2884271000.0,2965858000.0,16.71111149736958,29.88200617475809,43.15380702305609,-494.4747128407338,1.251073440740302,1.251073440740302,30.72727461096952,-32.48937964879994,44.374493169950775,-508.4618549631407,0.0149601060371927,-0.0020223481080661,0.0470379368423426,0.0421604166472276,-0.8937417156878854,2.680761006289308,0.0,1.5507424593967518,0.0073183137090793,0.4891886254606132,0.0095729471001429,0.0,0.086407412936716,1.0872720199889283,0.7528853525621102,17.405988023952094,0.0,16.079734978669755,,0.0183620657738907,-1.1209251835212433,267241000.0,2199989000.0,276331000.0,2413152000.0,12508000.0,0.0,0.0,23.32566668738733,0.0,0.0,3.858410617204989,0.0,0.0,0.0187161913337905,0.7810535140421965,1996-12-30,,amc,,2025-04-24,1996-12-31,,24.80296875,120382.8125
1996-09-30,PSA,USD,1393311,1996-09-30,1996-09-29 20:00:00,1996,Q3,87400000.0,0.0,0.0,0.0,0,1500000.0,0.0,1500000.0,-42500000.0,-41000000.0,-41000000.0,0.0,0.0,21200000.0,149600000.0,1.7116704805,128400000.0,1.4691075515,-128400000.0,0.0,0.0,0.0,40400000.0,0.4622425629,0.52,0.52,77666667,77666667,,,1.1253218835823096,0.5201716715872461,0.8240343312273205,0.1210300423990126,0.772532185525613,28.642918332004644,25.751072850853763,27.07725310267273,1.449785401503067,1757596674.21,1810196674.21,10.87621704337871,20.10980176441648,27.46244803453125,186.9783695968085,0.8357568588730384,0.8357568588730384,20.71163242803204,12.100245148462568,28.28432303453125,192.5741142776596,0.0229859333445535,0.0053482122138317,0.0535425582501188,0.0474185125915943,0.3516042780748663,3.228301886792453,0.0,1.588089330024814,0.0284479373076157,1.2376237623762376,0.017162471395881,0.0,0.0945843510485976,0.853125,0.6247139588100686,2.5754716981132075,0.0,17.80192265428611,,0.0187906976744186,-1.1587982782884194,354300000.0,2000000000.0,363300000.0,2215600000.0,13000000.0,0.0,0.0,0.0,0.0,0.0,0.0,0.0,0.0,0.019210651450309,0.7030042888283078,1996-09-29,,amc,,2025-04-24,1996-09-30,,21.375625,95326.5625
1996-06-30,PSA,USD,1393311,1996-06-30,1996-06-29 20:00:00,1996,Q2,83100000.0,0.0,0.0,0.0,0,1700000.0,0.0,1700000.0,-40700000.0,-39000000.0,-39000000.0,0.0,0.0,20400000.0,142500000.0,1.714801444,122100000.0,1.4693140794,-122100000.0,0.0,0.0,0.0,37700000.0,0.4536702768,0.51,0.51,73333333,73333333,,,1.1331818233326447,0.5140909114276859,0.8277272764896695,1.3077272786714875,0.2727272739669421,28.15909103708677,25.06500011393182,26.44227284746488,1.6513636438698347,1503333326.5,1604433326.5,9.969053889257296,18.09065374849579,24.766611639209223,15.67605137122002,0.7752737489041307,0.7752737489041307,19.30726024669073,11.259181238596492,26.432180008237232,16.73027452033368,0.0250776054354968,0.0637915745693408,0.0624516528286318,0.0544808349829044,0.7094736842105264,2.831547619047619,0.0,1.6058201058201058,0.0193569845669219,0.7718832891246684,0.0204572803850782,0.0,0.1020784596005038,0.5799011532125206,0.4235860409145607,1.7254901960784317,0.0,17.48882424116577,,0.0188887218798537,-1.6131818255144628,307700000.0,1838100000.0,317900000.0,2054800000.0,26150000.0,0.0,0.0,28.15884476534296,0.0,0.0,3.1961538461538463,0.0,0.0,0.0194420091795162,0.4800000021818182,1996-06-29,,amc,,2025-04-24,1996-06-30,,20.424920634920635,79174.60317460318
1996-03-31,PSA,USD,1393311,1996-03-31,1996-03-30 19:00:00,1996,Q1,75000000.0,0.0,0.0,0.0,0,1400000.0,0.0,1400000.0,-37800000.0,-36400000.0,-36400000.0,0.0,0.0,19100000.0,130500000.0,1.74,111400000.0,1.4853333333,-111400000.0,0.0,0.0,0.0,32300000.0,0.4306666667,0.45,0.45,71250000,71250000,,,1.0526315789473684,0.4533333333333333,0.7536842105263157,-1.024561403508772,0.968421052631579,27.469473684210527,24.25263157894737,25.68,1.695438596491228,1452075000.0,1503875000.0,11.238970588235292,19.361,27.04050279329609,-19.891438356164382,0.793613707165109,0.793613707165109,20.051666666666662,11.523946360153255,28.00512104283054,-20.601027397260275,0.0222440300948642,-0.0502728853537179,0.0660217521998141,0.0571374515183047,0.3969348659003831,3.014634146341463,0.0,1.6625386996904026,0.0248609748119071,1.1176470588235294,0.0186666666666666,0.0,0.1084098003973134,2.359404096834264,1.6893333333333334,6.633507853403142,0.0,16.18443696889082,,0.0171352785145888,-0.9582456140350876,330400000.0,1728000000.0,337400000.0,1950200000.0,24999500.0,0.0,0.0,31.56,0.0,0.0,2.8517110266159698,0.0,0.0,0.0176531671858774,1.7782456140350875,1996-03-30,,amc,,2025-04-24,1996-03-31,,20.482857142857146,83442.85714285714
1995-12-31,PSA,USD,1393311,1995-12-31,1995-12-30 19:00:00,1995,Q4,64550000.0,0.0,0.0,0.0,0,1382000.0,0.0,1382000.0,138138000.0,139520000.0,212219000.0,0.0,0.0,12847000.0,-134822000.0,-2.0886444617,-147669000.0,-2.2876684741,147669000.0,0.0,0.0,0.0,21186000.0,0.3282106894,0.3,0.3,71250000,71250000,,,0.9059649122807018,0.2973473684210526,0.5735578947368422,0.3112842105263158,1.1289263157894738,24.517557894736843,21.2675649122807,22.94039298245614,2.2182736842105264,1407187500.0,1484803500.0,16.605157887284054,21.799961270333075,34.434187344002346,63.44684160692547,0.8609268383110953,0.8609268383110953,23.002378001549182,-11.013065375087152,36.33346791954192,66.946368186122,0.0150555629580279,0.0157612258494337,0.0966972835167632,0.0815768678698564,-0.5756923944163416,3.6878,0.0,1.9276415094339625,0.0163958250055518,1.089021051637874,0.021409759876065,0.0,0.1195182767549901,0.457274996329467,0.2894965143299767,1.4545808359928387,0.0,12.388642919515345,,0.0124192581155156,-1.2964877192982456,389731000.0,1515314000.0,344146000.0,1792461000.0,16899500.0,0.0,0.0,33.042757552285046,0.0,0.0,2.723743617874172,0.0,0.0,0.0129617382164486,0.2622736842105263,1995-12-30,,amc,,2025-04-24,1995-12-31,,18.506349206349203,70820.63492063493
1995-09-30,PSA,USD,1393311,1995-09-30,1995-09-29 20:00:00,1995,Q3,56900000.0,0.0,0.0,0.0,0,900000.0,0.0,900000.0,-33700000.0,-32800000.0,-32800000.0,0.0,0.0,10900000.0,100600000.0,1.7680140598,89700000.0,1.5764499121,-89700000.0,0.0,0.0,0.0,19500000.0,0.3427065026,0.42,0.42,46923077,46923077,,,1.2126229488317657,0.4155737698105348,0.7054098349091642,-0.0554098359747379,0.3196721306234883,22.519836028656005,22.519836028656005,19.66836062349449,2.359180324001344,874176924.51,969876924.51,11.207396468076922,15.363390588927944,26.41017898821752,-336.22189404230767,0.9472065494744826,0.9472065494744826,17.045288655711776,9.640923702882704,29.301417658912385,-373.02958635,0.0223066972523099,-0.0029742263003079,0.1199479900314226,0.0930173934963448,0.9512922465208749,0.1608974358974359,0.0,1.7061855670103092,0.0203620108251855,0.9128205128205128,0.015817223198594,0.0,0.0,1.0785498489425982,0.6274165202108963,3.2752293577981653,0.0,13.561240073522791,,0.0163851777161583,-2.361844258423206,-130900000.0,1056700000.0,-108300000.0,1013800000.0,12250000.0,0.0,0.0,15.975395430579963,0.0,0.0,5.633663366336633,0.0,0.0,0.0211290497345324,0.7608196708839022,1995-09-29,,amc,,2025-04-24,1995-09-30,,17.484603174603173,64857.142857142855
1995-06-30,PSA,USD,1393311,1995-06-30,1995-06-29 20:00:00,1995,Q2,47900000.0,0.0,0.0,0.0,0,600000.0,0.0,600000.0,-27700000.0,-27100000.0,-27100000.0,0.0,0.0,8800000.0,83800000.0,1.7494780793,75000000.0,1.5657620042,-75000000.0,0.0,0.0,0.0,16600000.0,0.3465553236,0.26,0.26,42043000,42043000,,,1.13930975429917,0.3948338605713198,0.62792854934234,-0.0499488618795043,2.1406655091216136,24.36077349380396,24.36077349380396,21.23302333325405,1.3914325809290489,688664340.0,657164340.0,10.371450903614456,14.377126096033402,26.085770454545457,-327.9354,0.7714398342108211,0.7714398342108211,13.71950605427975,7.842056563245824,24.89258863636364,-312.9354,0.0241046312925103,-0.0030493810671248,0.0655315335499047,0.0523771152296535,-0.3758949880668257,0.6289156626506024,0.0,1.5903614457831323,0.0162633656913322,0.6746987951807228,0.0125260960334029,0.0,0.0,1.0795454545454546,0.5949895615866388,3.238636363636364,0.0,13.734231792170476,,0.0148625660309786,0.1926598958209452,-61600000.0,1024200000.0,11700000.0,932400000.0,17450000.0,0.0,0.0,27.056367432150317,0.0,0.0,3.326388888888889,0.0,0.0,0.0185952727680071,0.6778774112218443,1995-06-29,,amc,,2025-04-24,1995-06-30,,16.213174603174604,112395.23809523808
1995-03-31,PSA,USD,1393311,1995-03-31,1995-03-30 19:00:00,1995,Q1,43200000.0,0.0,0.0,0.0,0,1100000.0,0.0,1100000.0,-26700000.0,-25600000.0,-25600000.0,0.0,0.0,8100000.0,76900000.0,1.7800925926,68800000.0,1.5925925926,-68800000.0,0.0,0.0,0.0,13200000.0,0.3055555556,0.24,0.24,32838000,32838000,,,1.3155490590169925,0.4019733235885255,0.7034533162799196,-0.4171995858456666,0.6395030147999269,25.28473110420854,25.28473110420854,21.207138071746147,2.6524148851939824,558246000.0,624346000.0,10.572840909090909,12.922361111111112,24.166493506493502,-40.74788321167883,0.8016168868466399,0.8016168868466399,14.452453703703704,8.118933680104032,27.02796536796537,-45.57270072992701,0.0236454896228544,-0.0245411521085686,0.1250717978173463,0.0934248632414458,0.8595578673602081,0.2255434782608695,0.0,1.75,0.0304525245142822,1.2878787878787878,0.0254629629629629,0.0,0.0,1.593073593073593,0.8518518518518519,4.54320987654321,0.0,13.849398359721713,,0.0141585326611605,-1.9984469212497715,-142500000.0,830300000.0,-60500000.0,735800000.0,21781000.0,0.0,0.0,42.708333333333336,0.0,0.0,2.107317073170732,0.0,0.0,0.0189546237794371,1.1206529021255862,1995-03-30,,amc,,2025-04-24,1995-03-31,,14.891428571428571,70925.39682539682
1994-12-31,PSA,USD,1393311,1994-12-31,1994-12-30 19:00:00,1994,Q4,41096000.0,0.0,0.0,0.0,0,531000.0,0.0,531000.0,97157000.0,97688000.0,150504000.0,0.0,0.0,7681000.0,-101727000.0,-2.4753503991,-109408000.0,-2.662254234,109408000.0,0.0,0.0,0.0,12218000.0,0.2973038739,0.37,0.37,32838000,32838000,,,1.2514769474389429,0.3720689445155003,0.6571654790182107,0.0225957731895974,0.6136488214873013,22.20028625373044,22.20028625373044,17.8995675741519,2.3520007308605884,472210440.0,529294440.0,9.662187755770177,11.490423398870936,21.881855421686748,636.4022102425876,0.8033713630470953,0.8033713630470953,12.87946369476348,-5.203087086024359,24.52708248378128,713.3348247978437,0.0258740573376564,0.0015713333233377,0.131399863215524,0.094153544578933,-0.5611489575039075,0.2387458563535911,0.0,1.7688524590163934,0.0245547303020238,0.9490096578818136,0.0129209655440918,0.0,0.0,0.965616311399444,0.5070566478489391,2.712928004166124,0.0,12.241206939206112,,0.0148943873589098,-1.6398227663073268,-137787000.0,729013000.0,-48083000.0,627186000.0,23631000.0,0.0,0.0,50.50564531827915,0.0,0.0,1.781979013095135,0.0,0.0,0.0207864767109117,0.6345697058286132,1994-12-30,,amc,,2025-04-24,1994-12-31,,13.931111111111113,71042.85714285714
1994-09-30,PSA,USD,1393311,1994-09-30,1994-09-29 20:00:00,1994,Q3,37500000.0,0.0,0.0,0.0,0,700000.0,0.0,700000.0,-22000000.0,-21300000.0,-21300000.0,0.0,0.0,6900000.0,65700000.0,1.752,58800000.0,1.568,-58800000.0,0.0,0.0,0.0,10900000.0,0.2906666667,0.27,0.27,26308000,26308000,,,1.4254219248897673,0.4143226395012924,0.7906340276721909,0.0912270031929451,0.3383001368405048,27.246464953626276,27.246464953626276,21.031625361106887,1.7637220617302722,394620000.0,441020000.0,9.05091743119266,10.5232,18.972115384615385,164.425,0.7132116392553769,0.7132116392553769,11.760533333333331,6.712633181126332,21.202884615384612,183.75833333333333,0.0276215093000861,0.006081800212863,0.0838604735225013,0.058058058058058,0.7062404870624048,0.1655,0.0,1.8909090909090909,0.0235669758248441,0.8532110091743119,0.0186666666666666,0.0,0.0,0.8846153846153846,0.4906666666666666,2.6666666666666665,0.0,14.00222364425961,,0.0136386386386386,-2.1039227611372966,-166900000.0,716800000.0,-49300000.0,576900000.0,34000000.0,0.0,0.0,58.08,0.0,0.0,1.5495867768595042,0.0,0.0,0.019699981926622,0.6994070244792459,1994-09-29,,amc,,2025-04-24,1994-09-30,,15.014375,23257.8125
1994-06-30,PSA,USD,1393311,1994-06-30,1994-06-29 20:00:00,1994,Q2,35600000.0,0.0,0.0,0.0,0,600000.0,0.0,600000.0,-21300000.0,-20700000.0,-20700000.0,0.0,0.0,6400000.0,62700000.0,1.7612359551,56300000.0,1.5814606742,-56300000.0,0.0,0.0,0.0,10200000.0,0.2865168539,0.28,0.28,23714000,23714000,,,1.501222906300076,0.4301256641646285,0.8939866745382474,-0.5397655393438475,0.3710888082988952,27.861179050350003,27.861179050350003,20.468921312304968,2.095808383233533,367567000.0,417267000.0,9.008995098039216,10.32491573033708,17.33806603773585,-28.716171875,0.7572455706633704,0.7572455706633704,11.720983146067416,6.654976076555024,19.68240566037736,-32.598984375,0.0277500428493308,-0.034823583183474,0.1023897816234033,0.0687698906876989,0.7926634768740032,0.2812834224598931,0.0,2.07843137254902,0.0233970949513966,0.8431372549019608,0.0168539325842696,0.0,0.0,1.6037735849056605,0.9550561797752808,5.3125,0.0,14.074611483776224,,0.0141137401411374,-0.8581428691911951,-134400000.0,660700000.0,-9400000.0,519000000.0,46200000.0,0.0,0.0,110.73033707865169,0.0,0.0,0.8127853881278538,0.0,0.0,0.0210135970333745,1.433752213882095,1994-06-29,,amc,,2025-04-24,1994-06-30,,15.103387096774194,43072.58064516129
1994-03-31,PSA,USD,1393311,1994-03-31,1994-03-30 19:00:00,1994,Q1,32900000.0,0.0,0.0,0.0,0,700000.0,0.0,700000.0,-20600000.0,-19900000.0,-19900000.0,0.0,0.0,6600000.0,59400000.0,1.8054711246,52800000.0,1.6048632219,-52800000.0,0.0,0.0,0.0,8700000.0,0.26443769,0.24,0.24,23688000,23688000,,,1.3888888888888888,0.3672745694022289,0.6585612968591692,-0.527693346842283,0.3714961161769672,27.28807835190814,27.28807835190814,19.195373184734887,1.9630192502532928,340633440.0,387133440.0,9.78831724137931,10.3536,21.835476923076925,-27.2506752,0.7491388607873324,0.7491388607873324,11.766973860182372,6.51739797979798,24.816246153846155,-30.9706752,0.025540651557874,-0.0366963384452213,0.1022652298218605,0.066107477964174,0.7828282828282829,0.2841584158415841,0.0,1.793103448275862,0.0252470808503122,0.9885057471264368,0.0212765957446808,0.0,0.0,1.801282051282051,0.8541033434650456,4.257575757575758,0.0,12.5946170831478,,0.012368495877168,-0.496031746031746,-144600000.0,646400000.0,400000.0,476900000.0,24300000.0,0.0,0.0,132.9483282674772,0.0,0.0,0.676954732510288,0.0,0.0,0.0191334946118319,1.1862546437014525,1994-03-30,,amc,,2025-04-24,1994-03-31,,14.935079365079366,81873.01587301587
1993-12-31,PSA,USD,1393311,1993-12-31,1993-12-30 19:00:00,1993,Q4,30900000.0,0.0,0.0,0.0,0,700000.0,0.0,700000.0,-19200000.0,-18500000.0,-18500000.0,0.0,0.0,6400000.0,55800000.0,1.8058252427,49400000.0,1.5987055016,-49400000.0,0.0,0.0,0.0,8200000.0,0.2653721683,0.35,0.35,23688000,23688000,,,1.3044579533941236,0.3461668355285376,0.7007767646065518,-0.8738601823708206,0.3714961161769672,24.05437352245863,24.05437352245863,15.877237419790612,3.5503208375548803,337554000.0,421654000.0,10.291280487804878,10.924077669902912,20.33457831325301,-16.30695652173913,0.8975113001861207,0.8975113001861207,13.645760517799353,7.556523297491039,25.400843373493977,-20.36975845410628,0.0242924095107745,-0.0613235215698821,0.223610741823983,0.1262573187209127,1.507168458781362,0.0363636363636363,0.0,2.024390243902439,0.0219224183389916,0.902439024390244,0.0226537216828478,0.0,0.0,2.246987951807229,1.2071197411003236,5.828125,0.0,11.120426847798807,,0.0123104638943101,-3.693853427895981,-233200000.0,569800000.0,-87500000.0,355300000.0,0.0,0.0,0.0,0.0,0.0,0.0,0.0,0.0,0.0,0.0218027120446689,1.5746369469773724,1993-12-30,,amc,,2025-04-24,1993-12-31,,14.36140625,27448.4375
1993-09-30,PSA,USD,1393311,1993-09-30,1993-09-29 20:00:00,1993,Q3,30300000.0,0.0,0.0,0.0,0,700000.0,0.0,700000.0,-19000000.0,-18300000.0,-18300000.0,0.0,0.0,9400000.0,58000000.0,1.9141914191,48600000.0,1.603960396,-48600000.0,0.0,0.0,0.0,7900000.0,0.2607260726,0.25,0.25,17876000,17876000,,,1.6950100693667487,0.4419333184157529,1.1523830834638622,0.2741105392705303,0.4699037816066234,31.819198925934213,31.819198925934213,20.849183262474828,2.741105392705303,259202000.0,308202000.0,8.202594936708861,8.554521452145215,12.5826213592233,52.89836734693878,0.6954708881137643,0.6954708881137643,10.171683168316832,5.313827586206896,14.96126213592233,62.89836734693878,0.0304781598907415,0.0189041751221055,0.1314730346122887,0.0776299112801014,0.8448275862068966,0.0396226415094339,0.0,2.607594936708861,0.0273917639524386,0.8987341772151899,0.0231023102310231,0.0,0.0,0.7621359223300971,0.5181518151815182,1.6702127659574468,0.0,14.39839736819632,,0.0125158428390367,-3.020810024614008,-203600000.0,568800000.0,-54000000.0,349800000.0,0.0,0.0,0.0,0.0,0.0,0.0,0.0,0.0,0.0,0.0211966729272873,0.8782725441933319,1993-09-29,,amc,,2025-04-24,1993-09-30,,13.27359375,50376.5625
1993-06-30,PSA,USD,1393311,1993-06-30,1993-06-29 20:00:00,1993,Q2,21900000.0,0.0,0.0,0.0,0,300000.0,0.0,300000.0,-12400000.0,-12100000.0,-12100000.0,0.0,0.0,4500000.0,38500000.0,1.7579908676,34000000.0,1.5525114155,-34000000.0,0.0,0.0,0.0,6900000.0,0.3150684932,0.24,0.24,17516000,17516000,,,1.2502854532998402,0.3939255537794017,0.7193423155971683,-0.2740351678465403,5.178122859100252,22.4594656314227,22.4594656314227,17.81228591002512,4.002055263758849,203711080.0,273811080.0,7.380836231884058,9.301875799086758,16.16754603174603,-42.43980833333333,0.6529201282051282,0.6529201282051282,12.502789041095893,7.111976103896104,21.73103809523809,-57.043975,0.0338715007548926,-0.0235627831338383,0.2246794871794872,0.1487691001697793,1.8207792207792208,0.8398148148148148,0.0,1.826086956521739,0.0309261528631628,0.9130434782608696,0.0136986301369863,0.0,0.0,1.380952380952381,0.7945205479452054,3.866666666666666,0.0,12.564874782568776,,0.0146434634974533,0.7364695135875771,-17300000.0,393400000.0,12900000.0,315800000.0,0.0,0.0,0.0,0.0,0.0,0.0,0.0,0.0,0.0,0.0221153846153846,0.9933774834437086,1993-06-29,,amc,,2025-04-24,1993-06-30,,11.536507936507938,14892.063492063491
1993-03-31,PSA,USD,1393311,1993-03-31,1993-03-30 19:00:00,1993,Q1,18800000.0,0.0,0.0,0.0,0,300000.0,0.0,300000.0,-11800000.0,-11500000.0,-11500000.0,0.0,0.0,3900000.0,34200000.0,1.8191489362,30300000.0,1.6117021277,-30300000.0,0.0,0.0,0.0,5000000.0,0.2659574468,0.22,0.22,17315000,17315000,,,1.0857637886225815,0.2887669650591972,0.5602079122148427,0.3927230724805082,4.637597458850707,22.74906150736356,22.74906150736356,17.86312445856194,2.9049956684955243,199122500.0,249422500.0,9.956125,10.591622340425532,20.52809278350515,29.282720588235293,0.6437843517620433,0.6437843517620433,13.267154255319149,7.293055555555555,25.713659793814436,36.67977941176471,0.0251101708747128,0.0341498323896094,0.1626252828968639,0.11140642303433,1.4707602339181287,0.8728260869565218,0.0,1.94,0.0241057640397242,0.96,0.0159574468085106,0.0,0.0,0.2989690721649484,0.1542553191489361,0.7435897435897436,0.0,10.77317526629949,,0.0110741971207087,1.3110020213687554,-11700000.0,393900000.0,22700000.0,299300000.0,0.0,0.0,0.0,0.0,0.0,0.0,0.0,0.0,0.0,0.0161655350792111,0.1674848397343344,1993-03-30,,amc,,2025-04-24,1993-03-31,,10.55935483870968,16070.967741935485
1992-12-31,PSA,USD,1393311,1992-12-31,1992-12-30 19:00:00,1992,Q4,23100000.0,0.0,0.0,0.0,0,400000.0,0.0,400000.0,-15400000.0,-15000000.0,-15000000.0,0.0,0.0,5100000.0,43200000.0,1.8701298701,38100000.0,1.6493506494,-38100000.0,0.0,0.0,0.0,4300000.0,0.1861471861,0.25,0.25,17315000,17315000,,,1.3341033785734913,0.2483395899509096,0.6295119838290499,0.415824429685244,4.602945423043604,19.653479641928964,19.653479641928964,14.652035807103667,3.1013572047357783,153757200.0,207457200.0,8.939372093023255,6.656155844155844,14.10616513761468,21.355166666666666,0.6060591249507292,0.6060591249507292,8.980831168831168,4.80225,19.03277064220184,28.8135,0.0279661700395168,0.0468270754150049,0.2116673236105636,0.133681852128454,1.2430555555555556,0.3672811059907834,0.0,2.5348837209302326,0.0286165460869474,1.0232558139534884,0.0173160173160173,0.0,0.0,0.3394495412844037,0.1601731601731601,0.7254901960784313,0.0,9.048221521180215,,0.0107045058501369,1.0568870921166618,-137300000.0,340300000.0,18300000.0,174300000.0,0.0,0.0,0.0,0.0,0.0,0.0,0.0,0.0,0.0,0.0169491525423728,0.2136875541438059,1992-12-30,,amc,,2025-04-24,1992-12-31,,9.44140625,14940.625
1992-09-30,PSA,USD,1393311,1992-09-30,1992-09-29 20:00:00,1992,Q3,17300000.0,0.0,0.0,0.0,0,400000.0,0.0,400000.0,-9500000.0,-9100000.0,-9100000.0,0.0,0.0,3300000.0,29700000.0,1.7167630058,26400000.0,1.5260115607,-26400000.0,0.0,0.0,0.0,4400000.0,0.2543352601,0.26,0.26,16923077,16923077,,,1.022272722626033,0.2599999988181818,0.4904545432252066,0.1831818173491735,6.547272697512397,16.35636356201653,16.35636356201653,12.409090852685951,5.253181794303719,162969231.51000002,251869231.51,9.259615426704547,9.42018679248555,19.63484716987952,52.57071984193549,0.7760439595714286,0.7760439595714286,14.558915116184972,8.480445505387205,30.345690543373497,81.2481391967742,0.0269989614556782,0.019021995571046,0.4233333333333333,0.2382739212007504,2.993265993265993,1.075728155339806,0.0,1.930232558139535,0.0214764466124713,0.7954545454545454,0.0231213872832369,0.0,0.0,0.6265060240963856,0.3005780346820809,1.5757575757575757,0.0,8.52016321194869,,0.0117930849638166,0.8568181779235537,7800000.0,276800000.0,14500000.0,254800000.0,0.0,0.0,0.0,0.0,0.0,0.0,0.0,0.0,0.0,0.0209523809523809,0.307272725876033,1992-09-29,,amc,,2025-04-24,1992-09-30,,9.09046875,15665.625
1992-06-30,PSA,USD,1393311,1992-06-30,1992-06-29 20:00:00,1992,Q2,15400000.0,0.0,0.0,0.0,0,300000.0,0.0,300000.0,-9000000.0,-8700000.0,-8700000.0,0.0,0.0,3600000.0,27700000.0,1.7987012987,24100000.0,1.5649350649,-24100000.0,0.0,0.0,0.0,3500000.0,0.2272727273,0.23,0.23,15217391,15217391,,,1.0120000202400004,0.2300000046,0.4928571527142859,0.4468571517942858,6.932857281514289,17.782286069931434,17.782286069931434,13.221714550148576,5.671142970565716,133152171.25,219452171.25,9.510869375,8.646244886363636,17.75362283333333,19.581201654411764,0.6617901155566601,0.6617901155566601,14.25014099025974,7.922461055956679,29.2602895,32.272378125,0.0262857148114285,0.0510693887764898,0.4289264413518887,0.2376755714679151,3.115523465703971,1.0343137254901962,0.0,2.142857142857143,0.0240326535418775,0.9142857142857144,0.0194805194805194,0.0,0.0,0.0933333333333333,0.0454545454545454,0.1944444444444444,0.0,8.271781801127636,,0.0096392178463233,0.8542857313714289,3500000.0,270600000.0,13000000.0,246700000.0,0.0,0.0,0.0,0.0,0.0,0.0,0.0,0.0,0.0,0.0173956262425447,0.04600000092,1992-06-29,,amc,,2025-04-24,1992-06-30,,8.977936507936509,12480.952380952382
1992-03-31,PSA,USD,1393311,1992-03-31,1992-03-30 19:00:00,1992,Q1,12400000.0,0.0,0.0,0.0,0,200000.0,0.0,200000.0,-6900000.0,-6700000.0,-6700000.0,0.0,0.0,2300000.0,21400000.0,1.7258064516,19100000.0,1.5403225806,-19100000.0,0.0,0.0,0.0,3000000.0,0.2419354839,0.2,0.2,15000000,15000000,,,0.8266666666666667,0.2,0.3866666666666666,0.2466666666666666,8.82,15.326666666666666,15.326666666666666,12.526666666666667,5.8133333333333335,140700000.0,227900000.0,11.725,11.346774193548388,24.25862068965517,38.02702702702703,0.7488025545502928,0.7488025545502928,18.37903225806452,10.649532710280374,39.293103448275865,61.5945945945946,0.021321961620469,0.0262970859985785,0.4640766365087813,0.2712286158631415,4.074766355140187,1.8123287671232875,0.0,1.933333333333333,0.0220326936744847,1.0333333333333334,0.0161290322580645,0.0,0.0,0.3620689655172414,0.1693548387096774,0.9130434782608696,0.0,7.507995737878385,,0.0093312597200622,2.713333333333334,59300000.0,229900000.0,40700000.0,234900000.0,0.0,0.0,0.0,0.0,0.0,0.0,0.0,0.0,0.0,0.0159659393294305,0.14,1992-03-30,,amc,,2025-04-24,1992-03-31,,9.214761904761904,14688.888888888889
1991-12-31,PSA,USD,1393311,1991-12-31,1991-12-30 19:00:00,1991,Q4,18900000.0,0.0,0.0,0.0,0,-2800000.0,0.0,-2800000.0,-12500000.0,-15300000.0,-15300000.0,0.0,0.0,4700000.0,38900000.0,2.0582010582,34200000.0,1.8095238095,-34200000.0,0.0,0.0,0.0,3100000.0,0.164021164,0.21,0.21,15000000,15000000,,,1.26,0.2066666666666666,0.4266666666666667,0.3733333333333333,8.753333333333334,15.373333333333331,15.373333333333331,12.54,5.68,123750000.0,208950000.0,9.97983870967742,6.547619047619048,19.3359375,22.098214285714285,0.6578947368421053,0.6578947368421053,11.055555555555555,5.37146529562982,32.6484375,37.3125,0.025050505050505,0.0452525252525252,0.4529505582137161,0.2658346333853354,2.190231362467866,1.042063492063492,0.0,2.064516129032258,0.025050505050505,1.0,-0.1481481481481481,0.0,0.0,0.125,0.0423280423280423,0.1702127659574468,0.0,7.636163958428342,,0.0096723868954758,2.76,5300000.0,230600000.0,41400000.0,180700000.0,0.0,0.0,0.0,0.0,0.0,0.0,0.0,0.0,0.0,0.0164805954279638,0.0533333333333333,1991-12-30,,amc,,2025-04-24,1991-12-31,,8.341875,17634.375
1991-09-30,PSA,USD,1393311,1991-09-30,1991-09-29 20:00:00,1991,Q3,10900000.0,0.0,0.0,0.0,0,500000.0,0.0,500000.0,-5200000.0,-4700000.0,-4700000.0,0.0,0.0,1500000.0,17100000.0,1.5688073394,15600000.0,1.4311926606,-15600000.0,0.0,0.0,0.0,3200000.0,0.2935779817,0.21,0.21,15238095,15238095,,,0.715312511176758,0.21000000328125,0.3871875060498048,0.3675000057421876,10.716562667446292,13.932187717690432,13.932187717690432,12.35062519297852,5.453437585209962,127695236.1,210795236.1,9.9761903203125,11.71515927522936,21.64326035593221,22.80272073214286,0.6785081620616366,0.6785081620616366,19.339012486238538,12.327206789473683,35.728006118644075,37.642006446428574,0.025059666262679,0.0438544159596882,0.4415515409139213,0.2758048456687687,4.859649122807017,3.081132075471698,0.0,1.84375,0.025059666262679,1.0,0.0458715596330275,0.0,0.0,0.0508474576271186,0.0275229357798165,0.2,0.0,7.639156036411812,,0.010620643876535,4.875937576186525,110300000.0,212300000.0,74300000.0,234500000.0,0.0,0.0,0.0,0.0,0.0,0.0,0.0,0.0,0.0,0.0170031880977683,0.0196875003076171,1991-09-29,,amc,,2025-04-24,1991-09-30,,8.14890625,10075.0
1991-06-30,PSA,USD,1393311,1991-06-30,1991-06-29 20:00:00,1991,Q2,10300000.0,0.0,0.0,0.0,0,200000.0,0.0,200000.0,-4900000.0,-4700000.0,-4700000.0,0.0,0.0,1300000.0,16300000.0,1.5825242718,15000000.0,1.4563106796,-15000000.0,0.0,0.0,0.0,2900000.0,0.2815533981,0.19,0.19,15263158,15263158,,,0.6748275815529132,0.1899999986896551,0.3865517214720571,0.3865517214720571,10.69896544345541,13.909310248901308,13.909310248901308,12.3237930184566,5.523103410185493,127905264.04,212205264.04,11.026315865517244,12.4179868,21.67885831186441,21.678858311864406,0.6799854547581075,0.6799854547581075,20.60245281941748,13.018727855214726,35.96699390508475,35.96699390508475,0.0226730308698872,0.0461278903904602,0.4481658692185008,0.2786776859504132,5.171779141104294,3.081132075471698,0.0,2.034482758620689,0.023454859520573,1.0344827586206895,0.0194174757281553,0.0,0.0,0.0,0.0,0.0,0.0,7.258389269704577,,0.0095867768595041,4.78931031179786,110300000.0,212300000.0,73100000.0,235800000.0,0.0,0.0,0.0,0.0,0.0,0.0,0.0,0.0,0.0,0.0154173312068048,0.0,1991-06-29,,amc,,2025-04-24,1991-06-30,,8.2759375,14548.4375
1991-03-31,PSA,USD,1393311,1991-03-31,1991-03-30 19:00:00,1991,Q1,9900000.0,0.0,0.0,0.0,0,300000.0,0.0,300000.0,-4800000.0,-4500000.0,-4500000.0,0.0,0.0,1400000.0,15800000.0,1.595959596,14400000.0,1.4545454545,-14400000.0,0.0,0.0,0.0,2800000.0,0.2828282828,0.2,0.2,14000000,14000000,,,0.7071428571428572,0.2,0.3428571428571428,0.3428571428571428,11.364285714285714,14.892857142857142,14.892857142857142,13.014285714285714,6.142857142857143,113820000.0,199820000.0,10.1625,11.496969696969698,23.7125,23.7125,0.6246981339187706,0.6246981339187706,20.183838383838385,12.646835443037975,41.62916666666667,41.62916666666667,0.02460024600246,0.0421718502899314,0.4720087815587266,0.2867622540846949,5.443037974683544,2.8410714285714285,0.0,1.7142857142857142,0.02460024600246,1.0,0.0303030303030303,0.0,0.0,0.0,0.0,0.0,0.0,7.652730605103365,,0.0093364454818272,4.835714285714285,103100000.0,208500000.0,67700000.0,229900000.0,0.0,0.0,0.0,0.0,0.0,0.0,0.0,0.0,0.0,0.0153677277716794,0.0,1991-03-30,,amc,,2025-04-24,1991-03-31,,7.295245901639344,13198.360655737704
1990-12-31,PSA,USD,1393311,1990-12-31,1990-12-30 19:00:00,1990,Q4,8600000.0,0.0,0.0,0.0,0,100000.0,0.0,100000.0,-3400000.0,-3300000.0,-3300000.0,0.0,0.0,900000.0,12800000.0,1.488372093,11900000.0,1.3837209302,-11900000.0,0.0,0.0,0.0,2900000.0,0.3372093023,0.21,0.21,14000000,14000000,,,0.6142857142857143,0.2071428571428571,0.0571428571428571,-0.05,11.9,13.492857142857142,13.492857142857142,12.542857142857144,5.55,92820000.0,170520000.0,8.001724137931033,10.793023255813951,116.025,-132.6,0.5285876993166287,0.5285876993166287,19.827906976744185,13.321875,213.15,-243.6,0.0312432665373841,-0.0075414781297134,0.4424829157175398,0.2869276218611521,6.0703125,2.0825,0.0,0.2758620689655172,0.0280112044817927,0.896551724137931,0.0116279069767441,0.0,0.0,1.875,0.1744186046511628,1.6666666666666667,0.0,7.645827193272665,,0.0107090103397341,6.05,86600000.0,188900000.0,84700000.0,176700000.0,0.0,0.0,0.0,0.0,0.0,0.0,0.0,0.0,0.0,0.0165148063781321,0.1071428571428571,1990-12-30,,amc,,2025-04-24,1990-12-31,,6.60734375,14346.875
1990-09-30,PSA,USD,1393311,1990-09-30,1990-09-29 20:00:00,1990,Q3,8700000.0,0.0,0.0,0.0,0,300000.0,0.0,300000.0,-3400000.0,-3100000.0,-3100000.0,0.0,0.0,900000.0,12700000.0,1.4597701149,11800000.0,1.3563218391,-11800000.0,0.0,0.0,0.0,3100000.0,0.3563218391,0.27,0.27,11481481,11481481,,,0.757741967260147,0.2700000113225811,0.6793548671987525,0.6532258338449544,13.125484421391285,15.7209684012019,15.7209684012019,14.423226411296593,6.088064771434975,81862959.53,151762959.53,6.601851575,9.40953557816092,10.495251221794872,10.915061270666667,0.4943415430555555,0.4943415430555555,17.44401833678161,11.949839333070866,19.456789683333337,20.235061270666662,0.0378681642808669,0.0916165264859683,0.4221014492753623,0.2740101920815366,5.503937007874016,1.693258426966292,0.0,2.6,0.0280957347890302,0.7419354838709677,0.0344827586206896,0.0,0.0,0.0384615384615384,0.0344827586206896,0.3333333333333333,0.0,9.3606145163157,,0.0121520972167777,6.628064794080137,61700000.0,180500000.0,76100000.0,151600000.0,0.0,0.0,0.0,0.0,0.0,0.0,0.0,0.0,0.0,0.018719806763285,0.0261290333537981,1990-09-29,,amc,,2025-04-24,1990-09-30,,7.496666666666667,15676.190476190475
1990-06-30,PSA,USD,1393311,1990-06-30,1990-06-29 20:00:00,1990,Q2,8000000.0,0.0,0.0,0.0,0,300000.0,0.0,300000.0,-3400000.0,-3100000.0,-3100000.0,0.0,0.0,1400000.0,12500000.0,1.5625,11100000.0,1.3875,-11100000.0,0.0,0.0,0.0,2500000.0,0.3125,0.22,0.22,11363636,11363636,,,0.7040000225280008,0.2200000070400002,0.4048000129536004,0.3872000123904004,13.305600425779213,15.769600504627215,15.769600504627215,14.168000453376017,6.432800205849607,93749997.0,166849997.0,9.3749997,11.718749625,20.380434130434782,21.3068175,0.5822981180124224,0.5822981180124224,20.856249625,13.34799976,36.27173847826087,37.92045386363636,0.02666666752,0.0469333348352,0.4540372670807453,0.284990253411306,5.848,1.591578947368421,0.0,1.84,0.0234666674176,0.88,0.0375,0.0,0.0,0.0434782608695652,0.025,0.1428571428571428,0.0,8.37446144467945,,0.0097465886939571,6.503200208102407,56200000.0,179200000.0,73900000.0,146700000.0,0.0,0.0,0.0,0.0,0.0,0.0,0.0,0.0,0.0,0.015527950310559,0.0176000005632,1990-06-29,,amc,,2025-04-24,1990-06-30,,8.05,16380.952380952382
1990-03-31,PSA,USD,1393311,1990-03-31,1990-03-30 19:00:00,1990,Q1,7700000.0,0.0,0.0,0.0,0,300000.0,0.0,300000.0,-2100000.0,-1800000.0,-1800000.0,0.0,0.0,400000.0,9900000.0,1.2857142857,9500000.0,1.2337662338,-9500000.0,0.0,0.0,0.0,3600000.0,0.4675324675,0.33,0.33,10909091,10909091,,,0.7058333274513889,0.32999999725,0.2108333315763889,0.2016666649861111,15.665833202784723,14.739999877166667,14.739999877166667,14.739999877166667,6.324999947291667,83236364.33,152236364.32999998,5.780303078472223,10.809917445454545,36.189723621739134,37.83471105909091,0.5176390816542289,0.5176390816542289,19.770956406493504,15.377410538383836,66.18972362173912,69.19834742272727,0.0432503272935779,0.0264307555682976,0.4291044776119403,0.296137339055794,6.96969696969697,2.373611111111111,0.0,0.6388888888888888,0.0060069899018858,0.1388888888888889,0.0389610389610389,0.0,0.0,0.0434782608695652,0.0129870129870129,0.25,0.0,10.461572452357483,,0.015450643776824,9.047499924604168,98900000.0,160800000.0,98700000.0,146300000.0,0.0,0.0,0.0,0.0,0.0,0.0,0.0,0.0,0.0,0.0223880597014925,0.0091666665902777,1990-03-30,,amc,,2025-04-24,1990-03-31,,9.657301587301587,25374.603174603173
1989-12-31,PSA,USD,1393311,1989-12-31,1989-12-30 19:00:00,1989,Q4,8500000.0,0.0,0.0,0.0,0,0.0,0.0,0.0,0.0,0.0,0.0,0.0,0.0,0.0,16000000.0,1.8823529412,16000000.0,1.8823529412,-16000000.0,0.0,0.0,0.0,3600000.0,0.4235294118,0.33,0.33,10833333,10833333,,,0.7846154087573972,0.3323077025325447,,,15.673846636118355,14.85230814930179,14.85230814930179,14.556923524828417,7.3846156118343265,119166663.0,199166663.0,8.275462708333333,14.019607411764706,0.0,0.0,0.7556541724793913,0.7556541724793913,23.43137211764705,12.4479164375,0.0,0.0,0.0302097911393222,,0.507292327203551,0.33208800332088,5.0,0.0,0.0,0.0,0.0318181818181818,1.0532407083333333,0.0,0.0,0.0,0.0,,0.0,,10.432689048406834,,0.0149439601494396,8.289231024284032,169800000.0,160900000.0,89800000.0,223000000.0,,,,0.0,0.0,0.0,0.0,0.0,0.0,0.0228281547241597,,1989-12-30,,amc,,2025-04-24,1989-12-31,,,
1989-09-30,PSA,USD,1393311,1989-09-30,1989-09-29 20:00:00,1989,Q3,7000000.0,0.0,0.0,0.0,0,0.0,0.0,0.0,0.0,0.0,0.0,0.0,0.0,0.0,7000000.0,1.0,7000000.0,1.0,-7000000.0,0.0,0.0,0.0,2600000.0,0.3714285714,0.24,0.24,10833333,10833333,,,0.6461538660355036,0.2400000073846156,,,,,,,,148958328.75,,14.32291622596154,21.27976125,0.0,0.0,0.0,0.0,,,0.0,0.0,0.0174545459916084,,0.0,0.0,,0.0,0.0,0.0,0.0254545454545454,1.4583332884615383,0.0,0.0,0.0,0.0,,0.0,,,0.0,0.0,,,,,,,,,,0.0,0.0,0.0,0.0,0.0,0.0,,1989-09-29,,amc,,2025-04-24,1989-09-30,,,
1989-06-30,PSA,USD,1393311,1989-06-30,1989-06-29 20:00:00,1989,Q2,7000000.0,0.0,0.0,0.0,0,0.0,0.0,0.0,0.0,0.0,0.0,0.0,0.0,0.0,7000000.0,1.0,7000000.0,1.0,-7000000.0,0.0,0.0,0.0,2400000.0,0.3428571429,0.22,0.22,10909091,10909091,,,0.6416666613194445,0.2199999981666666,,,,,,,,139090910.25,,14.488636484375,19.870130035714286,0.0,0.0,0.0,0.0,,,0.0,0.0,0.0172549018169934,,0.0,0.0,,0.0,0.0,0.0,0.0274509803921568,1.5909091041666663,0.0,0.0,0.0,0.0,,0.0,,,0.0,0.0,,,,,,,,,,0.0,0.0,0.0,0.0,0.0,0.0,,1989-06-29,,amc,,2025-04-24,1989-06-30,,,
1989-03-31,PSA,USD,1393311,1989-03-31,1989-03-30 19:00:00,1989,Q1,7200000.0,0.0,0.0,0.0,0,0.0,0.0,0.0,0.0,0.0,0.0,0.0,0.0,0.0,7200000.0,1.0,7200000.0,1.0,-7200000.0,0.0,0.0,0.0,2500000.0,0.3472222222,0.23,0.23,10869565,10869565,,,0.6624000132480002,0.2300000046,,,,,,,,139999997.20000002,,13.999999720000002,19.44444405555556,0.0,0.0,0.0,0.0,,,0.0,0.0,0.0178571432142857,,0.0,0.0,,0.0,0.0,0.0,0.0271739130434782,1.5217390999999998,0.0,0.0,0.0,0.0,,0.0,,,0.0,0.0,,,,,,,,,,0.0,0.0,0.0,0.0,0.0,0.0,,1989-03-30,,amc,,2025-04-24,1989-03-31,,,
1988-12-31,PSA,USD,1393311,1988-12-31,1988-12-30 19:00:00,1988,Q4,7500000.0,0.0,0.0,0.0,0,0.0,0.0,0.0,0.0,0.0,0.0,0.0,0.0,0.0,17300000.0,2.3066666667,17300000.0,2.3066666667,-17300000.0,0.0,0.0,0.0,2900000.0,0.3866666667,0.27,0.27,10735610,10740741,,,0.698609580638641,0.2701290378469411,,,0.0,23.473281909458336,23.473281909458336,15.080652147386129,0.3353325987065476,120775612.5,124375612.5,10.411690732758622,16.103415,0.0,0.0,0.7459889592340951,0.7459889592340951,16.583415,7.18934176300578,0.0,0.0,0.0240114700308392,,0.022235948116121,0.0140845070422535,0.2080924855491329,0.0,0.0,0.0,0.0311111111111111,1.295677068965517,0.0,0.0,0.0,0.0,,0.0,,9.573857437326453,0.0,0.0113458528951486,-0.3353325987065476,0.0,252000000.0,-3600000.0,0.0,,,,0.0,0.0,0.0,0.0,0.0,0.0,0.0179122915379864,,1988-12-30,,amc,,2025-04-24,1988-12-31,,,
1988-09-30,PSA,USD,1393311,1988-09-30,1988-09-29 20:00:00,1988,Q3,7500000.0,0.0,0.0,0.0,0,0.0,0.0,0.0,0.0,0.0,0.0,0.0,0.0,0.0,7500000.0,1.0,7500000.0,1.0,-7500000.0,0.0,0.0,0.0,2900000.0,0.3866666667,0.27,0.27,10740741,10740741,,,0.6982758452140313,0.2699999934827587,,,,,,,,123518521.5,,10.648148405172414,16.4691362,0.0,0.0,0.0,0.0,,,0.0,0.0,0.0234782603028485,,0.0,0.0,,0.0,0.0,0.0,0.0304347826086956,1.2962963275862067,0.0,0.0,0.0,0.0,,0.0,,,0.0,0.0,,,,,,,,,,0.0,0.0,0.0,0.0,0.0,0.0,,1988-09-29,,amc,,2025-04-24,1988-09-30,,,
1988-06-30,PSA,USD,1393311,1988-06-30,1988-06-29 20:00:00,1988,Q2,7400000.0,0.0,0.0,0.0,0,0.0,0.0,0.0,0.0,0.0,0.0,0.0,0.0,0.0,7400000.0,1.0,7400000.0,1.0,-7400000.0,0.0,0.0,0.0,2900000.0,0.3918918919,0.26,0.26,11153846,11153846,,,0.6634482850130798,0.2600000035862069,,,,,,,,122692306.0,,10.576922931034485,16.58004135135135,0.0,0.0,0.0,0.0,,,0.0,0.0,0.0236363639623824,,0.0,0.0,,0.0,0.0,0.0,0.0318181818181818,1.3461538275862068,0.0,0.0,0.0,0.0,,0.0,,,0.0,0.0,,,,,,,,,,0.0,0.0,0.0,0.0,0.0,0.0,,1988-06-29,,amc,,2025-04-24,1988-06-30,,,
1988-03-31,PSA,USD,1393311,1988-03-31,1988-03-30 19:00:00,1988,Q1,7400000.0,0.0,0.0,0.0,0,0.0,0.0,0.0,0.0,0.0,0.0,0.0,0.0,0.0,7400000.0,1.0,7400000.0,1.0,-7400000.0,0.0,0.0,0.0,2900000.0,0.3918918919,0.26,0.26,11153846,11153846,,,0.6634482850130798,0.2600000035862069,,,,,,,,129719228.98,,11.182692153448276,17.529625537837838,0.0,0.0,0.0,0.0,,,0.0,0.0,0.0223559762326919,,0.0,0.0,,0.0,0.0,0.0,0.0300945829750644,1.3461538275862068,0.0,0.0,0.0,0.0,,0.0,,,0.0,0.0,,,,,,,,,,0.0,0.0,0.0,0.0,0.0,0.0,,1988-03-30,,amc,,2025-04-24,1988-03-31,,,
1987-12-31,PSA,USD,1393311,1987-12-31,1987-12-30 19:00:00,1987,Q4,7100000.0,0.0,0.0,0.0,0,0.0,0.0,0.0,0.0,0.0,0.0,0.0,0.0,0.0,16300000.0,2.2957746479,16300000.0,2.2957746479,-16300000.0,0.0,0.0,0.0,2500000.0,0.3521126761,0.24,0.24,10400000,10400000,,,0.6826923076923077,0.2403846153846154,,,0.0,22.682692307692307,22.682692307692307,15.826923076923077,0.8076923076923077,111800000.0,120200000.0,11.18,15.746478873239436,0.0,0.0,0.6792223572296476,0.6792223572296476,16.929577464788732,7.374233128834356,0.0,0.0,0.0223613595706618,,0.0510328068043742,0.0343839541547277,0.5153374233128835,0.0,0.0,0.0,0.0325581395348837,1.456,0.0,0.0,0.0,0.0,,0.0,,9.252153715367092,0.0,0.010233319688907,-0.8076923076923077,0.0,235900000.0,-8400000.0,0.0,,,,0.0,0.0,0.0,0.0,0.0,0.0,0.0151883353584447,,1987-12-30,,amc,,2025-04-24,1987-12-31,,,
1987-09-30,PSA,USD,1393311,1987-09-30,1987-09-29 20:00:00,1987,Q3,7100000.0,0.0,0.0,0.0,0,0.0,0.0,0.0,0.0,0.0,0.0,0.0,0.0,0.0,7100000.0,1.0,7100000.0,1.0,-7100000.0,0.0,0.0,0.0,2600000.0,0.3661971831,0.25,0.25,10400000,10400000,,,0.6826923076923077,0.25,,,,,,,,136552000.0,,13.13,19.23267605633803,0.0,0.0,0.0,0.0,,,0.0,0.0,0.019040365575019,,0.0,0.0,,0.0,0.0,0.0,0.0266565118050266,1.4,0.0,0.0,0.0,0.0,,0.0,,,0.0,0.0,,,,,,,,,,0.0,0.0,0.0,0.0,0.0,0.0,,1987-09-29,,amc,,2025-04-24,1987-09-30,,,
1987-06-30,PSA,USD,1393311,1987-06-30,1987-06-29 20:00:00,1987,Q2,7100000.0,0.0,0.0,0.0,0,0.0,0.0,0.0,0.0,0.0,0.0,0.0,0.0,0.0,7100000.0,1.0,7100000.0,1.0,-7100000.0,0.0,0.0,0.0,2700000.0,0.3802816901,0.26,0.26,10384615,10384615,,,0.683703729026064,0.26000000962963,,,,,,,,149330763.70000002,,13.826922564814817,21.032501929577467,0.0,0.0,0.0,0.0,,,0.0,0.0,0.0180806682635347,,0.0,0.0,,0.0,0.0,0.0,0.0243393602225312,1.3461537962962964,0.0,0.0,0.0,0.0,,0.0,,,0.0,0.0,,,,,,,,,,0.0,0.0,0.0,0.0,0.0,0.0,,1987-06-29,,amc,,2025-04-24,1987-06-30,,,
1987-03-31,PSA,USD,1393311,1987-03-31,1987-03-30 19:00:00,1987,Q1,7100000.0,0.0,0.0,0.0,0,0.0,0.0,0.0,0.0,0.0,0.0,0.0,0.0,0.0,7100000.0,1.0,7100000.0,1.0,-7100000.0,0.0,0.0,0.0,2800000.0,0.3943661972,0.27,0.27,10370370,10370370,,,0.6846428815943886,0.2700000096428575,,,,,,,,155555550.0,,13.888888392857144,21.9092323943662,0.0,0.0,0.0,0.0,,,0.0,0.0,0.0180000006428571,,0.0,0.0,,0.0,0.0,0.0,0.0233333333333333,1.29629625,0.0,0.0,0.0,0.0,,0.0,,,0.0,0.0,,,,,,,,,,0.0,0.0,0.0,0.0,0.0,0.0,,1987-03-30,,amc,,2025-04-24,1987-03-31,,,
1986-12-31,PSA,USD,1393311,1986-12-31,1986-12-30 19:00:00,1986,Q4,11700000.0,0.0,0.0,0.0,0,0.0,0.0,0.0,0.0,0.0,0.0,0.0,0.0,0.0,18300000.0,1.5641025641,18300000.0,1.5641025641,-18300000.0,0.0,0.0,0.0,900000.0,0.0769230769,0.09,0.09,10000000,10000000,,,1.17,0.09,,,0.0,23.05,23.05,15.87,1.46,151300000.0,165900000.0,42.02777777777778,12.931623931623932,0.0,0.0,0.9533711405166982,0.9533711405166982,14.17948717948718,9.065573770491802,0.0,0.0,0.0059484467944481,,0.091997479521109,0.0595675234598123,0.7978142076502732,0.0,0.0,0.0,0.023132848645076,3.888888888888889,0.0,0.0,0.0,0.0,,0.0,,5.668928470178469,0.0,0.003671970624235,-1.46,0.0,230500000.0,-14600000.0,0.0,,,,0.0,0.0,0.0,0.0,0.0,0.0,0.0056710775047258,,1986-12-30,,amc,,2025-04-24,1986-12-31,,,
1986-09-30,PSA,USD,1393311,1986-09-30,1986-09-29 20:00:00,1986,Q3,6000000.0,0.0,0.0,0.0,0,0.0,0.0,0.0,0.0,0.0,0.0,0.0,0.0,0.0,6000000.0,1.0,6000000.0,1.0,-6000000.0,0.0,0.0,0.0,3000000.0,0.5,0.3,0.3,10000000,10000000,,,0.6,0.3,,,,,,,,167500000.0,,13.958333333333334,27.916666666666668,0.0,0.0,0.0,0.0,,,0.0,0.0,0.017910447761194,,0.0,0.0,,0.0,0.0,0.0,0.0208955223880597,1.1666666666666667,0.0,0.0,0.0,0.0,,0.0,,,0.0,0.0,,,,,,,,,,0.0,0.0,0.0,0.0,0.0,0.0,,1986-09-29,,amc,,2025-04-24,1986-09-30,,,
1986-06-30,PSA,USD,1393311,1986-06-30,1986-06-29 20:00:00,1986,Q2,5500000.0,0.0,0.0,0.0,0,0.0,0.0,0.0,0.0,0.0,0.0,0.0,0.0,0.0,5500000.0,1.0,5500000.0,1.0,-5500000.0,0.0,0.0,0.0,2800000.0,0.5090909091,0.33,0.33,8484848,8484848,,,0.6482143227551042,0.3300000188571439,,,,,,,,125151508.0,,11.174241785714289,22.754819636363635,0.0,0.0,0.0,0.0,,,0.0,0.0,0.0223728826343826,,0.0,0.0,,0.0,0.0,0.0,0.0325423728813559,1.4545453714285714,0.0,0.0,0.0,0.0,,0.0,,,0.0,0.0,,,,,,,,,,0.0,0.0,0.0,0.0,0.0,0.0,,1986-06-29,,amc,,2025-04-24,1986-06-30,,,
1986-03-31,PSA,USD,1393311,1986-03-31,1986-03-30 19:00:00,1986,Q1,5400000.0,0.0,0.0,0.0,0,0.0,0.0,0.0,0.0,0.0,0.0,0.0,0.0,0.0,5400000.0,1.0,5400000.0,1.0,-5400000.0,0.0,0.0,0.0,3300000.0,0.6111111111,0.41,0.41,8048780,8048780,,,0.6709091315702504,0.4100000248484863,,,,,,,,162987795.0,,12.347560227272728,30.182925,0.0,0.0,0.0,0.0,,,0.0,0.0,0.0202469148073326,,0.0,0.0,,0.0,0.0,0.0,0.0237037037037037,1.1707316363636364,0.0,0.0,0.0,0.0,,0.0,,,0.0,0.0,,,,,,,,,,0.0,0.0,0.0,0.0,0.0,0.0,,1986-03-30,,amc,,2025-04-24,1986-03-31,,,
1985-12-31,PSA,USD,1393311,1985-12-31,1985-12-30 19:00:00,1985,Q4,5600000.0,0.0,0.0,0.0,0,0.0,0.0,0.0,0.0,0.0,0.0,0.0,0.0,0.0,11400000.0,2.0357142857,11400000.0,2.0357142857,-11400000.0,0.0,0.0,0.0,2100000.0,0.375,0.32,0.32,6571429,6571429,,,0.8521738574669223,0.3195651965500958,,,0.0,27.223911268005786,27.223911268005786,20.11738999234413,2.282608546786399,119928579.25,134928579.25,14.277211815476193,21.415817723214285,0.0,0.0,0.9071753347201212,0.9071753347201212,24.09438915178572,11.83584028508772,0.0,0.0,0.0175104217287723,,0.113464447806354,0.077359463641052,1.3157894736842106,0.0,0.0,0.0,0.0263013698630136,1.5020409142857143,0.0,0.0,0.0,0.0,,0.0,,12.026986237499967,0.0,0.0108303249097472,-2.282608546786399,0.0,178900000.0,-15000000.0,0.0,,,,0.0,0.0,0.0,0.0,0.0,0.0,0.0158850226928895,,1985-12-30,,amc,,2025-04-24,1985-12-31,,,
1985-09-30,PSA,USD,1393311,1985-09-30,1985-09-29 20:00:00,1985,Q3,5200000.0,0.0,0.0,0.0,0,0.0,0.0,0.0,0.0,0.0,0.0,0.0,0.0,0.0,5200000.0,1.0,5200000.0,1.0,-5200000.0,0.0,0.0,0.0,2300000.0,0.4423076923,0.35,0.35,6571429,6571429,,,0.791304296219285,0.3499999771739145,,,,,,,,124857151.0,,13.57142945652174,24.01099057692308,0.0,0.0,0.0,0.0,,,0.0,0.0,0.018421051430206,,0.0,0.0,,0.0,0.0,0.0,0.0252631578947368,1.3714286608695652,0.0,0.0,0.0,0.0,,0.0,,,0.0,0.0,,,,,,,,,,0.0,0.0,0.0,0.0,0.0,0.0,,1985-09-29,,amc,,2025-04-24,1985-09-30,,,
