date,symbol,reportedCurrency,cik,fillingDate,acceptedDate,calendarYear,period,revenue,costOfRevenue,grossProfit,grossProfitRatio,researchAndDevelopmentExpenses,generalAndAdministrativeExpenses,sellingAndMarketingExpenses,sellingGeneralAndAdministrativeExpenses,otherExpenses,operatingExpenses,costAndExpenses,interestIncome,interestExpense,depreciationAndAmortization,ebitda,ebitdaratio,operatingIncome,operatingIncomeRatio,totalOtherIncomeExpensesNet,incomeBeforeTax,incomeBeforeTaxRatio,incomeTaxExpense,netIncome,netIncomeRatio,eps,epsdiluted,weightedAverageShsOut,weightedAverageShsOutDil,link,finalLink,revenuePerShare,netIncomePerShare,operatingCashFlowPerShare,freeCashFlowPerShare,cashPerShare,bookValuePerShare,tangibleBookValuePerShare,shareholdersEquityPerShare,interestDebtPerShare,marketCap,enterpriseValue,peRatio,priceToSalesRatio,pocfratio,pfcfRatio,pbRatio,ptbRatio,evToSales,enterpriseValueOverEBITDA,evToOperatingCashFlow,evToFreeCashFlow,earningsYield,freeCashFlowYield,debtToEquity,debtToAssets,netDebtToEBITDA,currentRatio,interestCoverage,incomeQuality,dividendYield,payoutRatio,salesGeneralAndAdministrativeToRevenue,researchAndDdevelopementToRevenue,intangiblesToTotalAssets,capexToOperatingCashFlow,capexToRevenue,capexToDepreciation,stockBasedCompensationToRevenue,grahamNumber,roic,returnOnTangibleAssets,grahamNetNet,workingCapital,tangibleAssetValue,netCurrentAssetValue,investedCapital,averageReceivables,averagePayables,averageInventory,daysSalesOutstanding,daysPayablesOutstanding,daysOfInventoryOnHand,receivablesTurnover,payablesTurnover,inventoryTurnover,roe,capexPerShare,report_date,epsEstimated,time,revenueEstimated,updatedFromDate,fiscalDateEnding,surprise(%),QuarterAvgPrice,QuarterAvgVolume
2025-03-31,PSX,USD,1534701,2025-04-25,2025-04-25 13:23:09,2025,Q1,30430000000.0,28451000000.0,1979000000.0,0.0650345054,0,0.0,0.0,519000000.0,1855000000.0,2374000000.0,30825000000.0,0.0,233000000.0,791000000.0,1672000000.0,0.0549457772,-395000000.0,-0.0129806112,1043000000.0,648000000.0,0.0212947749,122000000.0,487000000.0,0.0160039435,1.1852916306191377,1.1814716020511322,409182000,410505000,https://www.sec.gov/Archives/edgar/data/1534701/000153470125000094/0001534701-25-000094-index.htm,https://www.sec.gov/Archives/edgar/data/1534701/000153470125000094/psx-20250331.htm,74.36788519534095,1.1901794311577734,0.4570093503624304,-0.5767604635590031,3.6389675010142186,69.29190433596786,62.590729797498426,66.65249204510462,46.52208552673383,50525793360.0,67839793360.0,25.93726558521561,1.660394129477489,270.191408342246,-214.09234474576272,1.8525938972610272,1.8525938972610272,2.2293721117318435,40.57403909090909,362.7796436363636,-287.4567515254237,0.0096386413278083,-0.0046708816290816,0.6894364389689437,0.2617416965951168,10.355263157894736,1.2281798024591817,-1.6952789699570816,0.3555133079847908,0.0092823876442343,0.9630390143737166,0.0,0.0,0.0381692140649795,0.0,0.0,0.0,0.0,42.24795337076743,-0.0055266256903161,0.007048164872062,-77.49668851513508,3396000000.0,25611000000.0,-25206000000.0,41104000000.0,10627000000.0,10514500000.0,4617500000.0,30.22970752546829,32.27289444648768,15.767829081547362,2.977203796106056,2.7887179487179488,5.707824427480916,0.0178564881017856,0.0,2025-04-25,-0.723,bmo,31696682366.0,2025-05-11,2025-03-31,0.2448132780082988,123.25183333333332,3526572.7666666666
2024-12-31,PSX,USD,1534701,2025-02-21,2025-02-21 14:39:10,2024,Q4,33685000000.0,31573000000.0,2112000000.0,0.0626985305,0,0.0,0.0,511000000.0,1643000000.0,2154000000.0,33727000000.0,158000000.0,233000000.0,819000000.0,1039000000.0,0.0308445896,-42000000.0,-0.0012468458,29000000.0,-13000000.0,-0.0003859285,-38000000.0,8000000.0,0.0002374944,-0.0048,-0.0048,417305000,418803000,https://www.sec.gov/Archives/edgar/data/1534701/000153470125000074/0001534701-25-000074-index.htm,https://www.sec.gov/Archives/edgar/data/1534701/000153470125000074/psx-20241231.htm,80.72033644456693,0.0191706305939301,2.8708019314410325,1.6582595463749537,4.164819496531314,68.20670732437905,61.65035166125496,65.67858041480451,48.63349348797642,47543558650.0,65867558650.0,1485.7362078125,1.411416317351937,39.68577516694491,68.70456452312139,1.7346599040426156,1.7346599040426156,1.955397317797239,63.3951478825794,54.98126765442404,95.18433330924856,0.0001682667479498,0.0145550736976648,0.7319760653823701,0.2764046182249042,17.63618864292589,1.18711473453967,-0.1802575107296137,47.92,0.009927738129043,59.0,0.0,0.0,0.037695296354468,0.4223706176961602,0.0150215229330562,0.6178266178266179,0.0,5.322569451776452,0.0013614474390525,0.0001145376972195,-76.94312313535663,2823000000.0,25727000000.0,-26209000000.0,40823000000.0,10736500000.0,10605000000.0,5016000000.0,29.478105981891048,29.371931713806102,11.3878947201723,3.053113387111393,3.0641498447204967,7.903128911138924,0.0002918855808523,1.2125423850660788,2025-01-31,1.23,bmo,34324673608.0,2025-05-01,2024-12-31,-1.121951219512195,127.2121875,2558869.5625
2024-09-30,PSX,USD,1534701,2024-10-29,2024-10-29 15:45:44,2024,Q3,35528000000.0,32737000000.0,2791000000.0,0.0785577573,0,0.0,0.0,1194000000.0,305000000.0,1499000000.0,35483000000.0,0.0,237000000.0,543000000.0,1193000000.0,0.0335791488,45000000.0,0.0012666066,368000000.0,413000000.0,0.0116246341,44000000.0,346000000.0,0.0097387976,0.83,0.83,417305000,418803000,https://www.sec.gov/Archives/edgar/data/1534701/000153470124000166/0001534701-24-000166-index.htm,https://www.sec.gov/Archives/edgar/data/1534701/000153470124000166/psx-20240930.htm,85.13677046764357,0.8291297731874768,2.712644229041109,1.854758509962737,3.9227902852829466,71.37225770120176,64.82788368219887,68.82735648985754,48.48971375852194,54854742249.99999,73215742250.0,39.63492937138728,1.5439862150979506,48.45825287102473,70.87176001291989,1.909851063644593,1.909851063644593,2.060789862925017,61.371116722548194,64.67821753533569,94.59398223514212,0.0063075676925635,0.0141099924683357,0.6962607060789638,0.2663558870538092,15.390611902766135,1.2125989197337017,0.189873417721519,3.067750677506775,0.0086956930328115,1.3786127167630058,0.0,0.0,0.0363745338305807,0.3162544169611307,0.0100765593334834,0.6593001841620626,0.0,35.832990884091814,0.0006625875269943,0.004782374324455,-78.62474688776794,3385000000.0,27053000000.0,-25989000000.0,41713000000.0,10663500000.0,11614000000.0,6279500000.0,26.44674622832695,29.98258850841556,16.59681705715246,3.403065134099617,3.001742160278745,5.4227265197946,0.0120465148666527,0.857885719078372,2024-10-29,1.71,bmo,36994848324.0,2025-04-24,2024-09-30,0.1929824561403509,135.02421875,2642756.203125
2024-06-30,PSX,USD,1534701,2024-07-31,2024-07-30 19:17:36,2024,Q2,38100000000.0,36580000000.0,1520000000.0,0.0398950131,0,0.0,0.0,552000000.0,-49000000.0,601000000.0,37181000000.0,0.0,241000000.0,507000000.0,2049000000.0,0.0537795276,919000000.0,0.0241207349,315000000.0,1311000000.0,0.0344094488,291000000.0,1015000000.0,0.0266404199,2.39,2.38,422869000,425734000,https://www.sec.gov/Archives/edgar/data/1534701/000153470124000132/0001534701-24-000132-index.htm,https://www.sec.gov/Archives/edgar/data/1534701/000153470124000132/psx-20240630.htm,90.0988249315982,2.40027053295465,4.958982569069854,4.091101499518763,5.779567667528242,72.14290950625372,66.33969385317911,69.65514142677756,47.771295602184125,59594928170.0,77110928170.0,14.678553736453203,1.5641713430446194,28.41913598950882,34.4479353583815,2.023253375318282,2.023253375318282,2.023908875853018,37.63344469009273,36.77202106342394,44.57279084971098,0.0170316506986067,0.0290293159690538,0.6776438635206247,0.2628217789189545,8.548560273304052,1.1447649280280223,3.8132780082987554,2.072134387351779,0.0081382764421914,0.4778325123152709,0.0,0.0,0.0323128579893343,0.1750119217930376,0.0096325459317585,0.7238658777120316,0.0,61.33352775846475,0.0118273636425645,0.0138112149787048,-74.65136957308292,2645000000.0,28053000000.0,-24522000000.0,40328000000.0,11209500000.0,12398000000.0,6404000000.0,25.71732283464567,30.31656642974303,16.046473482777476,3.49958666299256,2.968673916571985,5.608708984973934,0.0344593447631981,0.8678810695510903,2024-07-30,1.98,bmo,37785679331.0,2025-04-24,2024-06-30,0.1666666666666667,148.01746031746032,2417872.587301587
2024-03-31,PSX,USD,1534701,2024-04-29,2024-04-29 15:32:00,2024,Q1,35811000000.0,32890000000.0,2921000000.0,0.0815671162,0,0.0,0.0,557000000.0,97000000.0,2174000000.0,35064000000.0,0.0,236000000.0,513000000.0,1704000000.0,0.0475831448,1178000000.0,0.0328949206,-232000000.0,964000000.0,0.0269191031,203000000.0,748000000.0,0.0208874368,1.74,1.73,428959000,431906000,https://www.sec.gov/Archives/edgar/data/1534701/000153470124000104/0001534701-24-000104-index.htm,https://www.sec.gov/Archives/edgar/data/1534701/000153470124000104/psx-20240331.htm,83.48350308537646,1.743756396298947,-0.5501691303830902,-2.014178511233008,3.660023452124795,71.78541538934957,66.0412766721295,69.29799817698195,47.533680375047496,70066163060.0,88650163060.0,23.4178352473262,1.956554216860741,-296.890521440678,-81.09509613425926,2.3570666440153403,2.3570666440153403,2.475500909217838,52.02474357981221,-375.6362841525424,-102.60435539351852,0.010675623829429,-0.0123312018564528,0.6779923299468479,0.2637992643882773,10.906103286384976,1.1719024169355294,4.991525423728813,-0.3101182654402102,0.0063939565181607,0.5989304812834224,0.0,0.0,0.0322517310436,-2.6610169491525424,0.0175365111278657,1.246031746031746,0.0,52.14281945163748,0.0152306154027761,0.0101169946574693,-75.16802305115408,3037000000.0,28329000000.0,-24902000000.0,41050000000.0,11631000000.0,11687500000.0,5018000000.0,28.98215632068359,34.13377926421405,17.200972940103377,3.1053590010405827,2.63668430335097,5.232262169901368,0.0251631568324026,1.4640093808499182,2024-04-26,2.17,bmo,35871694541.0,2025-04-24,2024-03-31,-0.1244239631336405,144.1118032786885,3184223.721311476
2023-12-31,PSX,USD,1534701,2024-02-21,2024-02-21 17:09:50,2023,Q4,38270000000.0,35931000000.0,2339000000.0,0.0611183695,27000000,0.0,0.0,658000000.0,-155000000.0,813000000.0,36744000000.0,269000000.0,228000000.0,528000000.0,2507000000.0,0.065508231,1526000000.0,0.0398745754,108000000.0,1761000000.0,0.0460151555,476000000.0,1260000000.0,0.0329239613,2.87,2.85,437365000,440575000,https://www.sec.gov/Archives/edgar/data/1534701/000153470124000078/0001534701-24-000078-index.htm,https://www.sec.gov/Archives/edgar/data/1534701/000153470124000078/psx-20231231.htm,87.50128611114286,2.8808889600219496,5.007259382895294,3.557669223646154,7.597773027105507,72.36518697197992,66.71773004241308,72.36518697197992,44.78410480948407,58230776099.99999,74266776100.0,11.553725416666666,1.5215776352234125,26.58939547945205,37.4233779562982,1.8398349478672984,1.8398349478672984,1.9406003684348057,29.623763901076984,33.9117699086758,47.729290552699226,0.0216380423615889,0.0267212650116129,0.6116587677725118,0.256407199904637,6.396489828480255,1.2576311806256306,6.692982456140351,1.738095238095238,0.0078480836184493,0.3626984126984127,0.0,0.0007055134570159,0.0327147984794903,0.2894977168949771,0.0165665011758557,1.2007575757575757,0.0077606480271753,68.48876941034769,0.018216511964594,0.0172529473785104,-68.26220662375819,4085000000.0,29180000000.0,-23910000000.0,42267000000.0,11853000000.0,11805500000.0,4741000000.0,27.58557616932323,27.30483426567588,9.39300325624113,3.2625745950554133,3.2961196220530224,9.5816,0.0398104265402843,1.4495901592491398,2024-01-31,2.35,bmo,36496700000.0,2025-04-24,2023-12-31,0.3148936170212765,119.52444444444444,3126773.333333333
2023-09-30,PSX,USD,1534701,2023-11-03,2023-11-03 12:52:15,2023,Q3,39643000000.0,34818000000.0,4825000000.0,0.1217112731,0,0.0,0.0,669000000.0,15000000.0,2473000000.0,37291000000.0,221000000.0,227000000.0,494000000.0,3528000000.0,0.0889942739,2929000000.0,0.0738844184,-422000000.0,2813000000.0,0.0709583029,670000000.0,2097000000.0,0.0528971067,4.72,4.69,444283000,447258000,https://www.sec.gov/Archives/edgar/data/1534701/000153470123000148/0001534701-23-000148-index.htm,https://www.sec.gov/Archives/edgar/data/1534701/000153470123000148/psx-20230930.htm,89.22916249327568,4.719964527114474,6.043445281498505,4.118996225378869,7.965643520008643,72.00140451018832,66.41712602102714,69.37244954229624,44.2758331964086,53380602450.0,69285602450.0,6.363924946351932,1.3465328670887673,19.88104374301676,29.169728114754097,1.7319555643879174,1.7319555643879174,1.7477386285094467,19.63877620464853,25.80469364990689,37.86098494535519,0.0392839328099415,0.0342821158999489,0.6308685636416729,0.2499678605404571,4.508219954648526,1.2916858061552596,12.90308370044053,1.2529164722351844,0.008711029449987,0.2217453505007153,0.0,0.0,0.0318951996503226,0.3184357541899441,0.0215674898468834,1.7520491803278688,0.0,85.8329701948513,0.0364109318085051,0.0278467565234712,-68.44736350479312,5080000000.0,29508000000.0,-23301000000.0,43094000000.0,10717000000.0,11573000000.0,6056000000.0,27.188658779608,32.85369636394968,14.81647423746338,3.310203740814963,2.739417781274587,6.074319609211445,0.0680380260212192,1.924449056119636,2023-10-27,4.76,bmo,38955100000.0,2025-04-24,2023-09-30,-0.0273109243697478,112.23698412698413,3102058.9206349207
2023-06-30,PSX,USD,1534701,2023-08-04,2023-08-03 19:30:37,2023,Q2,35090000000.0,31066000000.0,4024000000.0,0.114676546,0,0.0,0.0,593000000.0,99000000.0,2151000000.0,33217000000.0,266000000.0,273000000.0,502000000.0,3012000000.0,0.0858364206,2473000000.0,0.0704759191,371000000.0,2244000000.0,0.0639498433,510000000.0,1697000000.0,0.0483613565,3.73,3.72,454450000,456168000,https://www.sec.gov/Archives/edgar/data/1534701/000153470123000123/0001534701-23-000123-index.htm,https://www.sec.gov/Archives/edgar/data/1534701/000153470123000123/psx-20230630.htm,77.21421498514688,3.734184178677522,2.1014413026735617,0.888986687204313,6.665199691935307,68.34635273407416,63.346902849598415,65.78941577731324,44.31510617229618,43345441000.0,60182441000.0,6.385598261638185,1.2352647762895412,45.38789633507853,107.29069554455444,1.449777276071978,1.449777276071978,1.715088087774295,19.9808901062417,63.01826282722513,148.96643811881188,0.0391505994828844,0.0093204727113054,0.6644591611479028,0.2652832305103758,5.589973439575033,1.3291029323358494,9.058608058608058,0.5507497116493656,0.0109354061018781,0.2793164407778432,0.0,0.0,0.0303394492962636,0.5769633507853403,0.0157024793388429,1.1131313131313132,0.0,74.34763210218473,0.0314575953619857,0.0233701490070785,-67.14380019804159,4927000000.0,28788000000.0,-23928000000.0,42431000000.0,9392000000.0,10502500000.0,5912500000.0,24.258193217440866,30.233696002060128,18.48322925384665,3.710086699090717,2.9768110387121505,4.869278996865204,0.0567596494748812,1.2124546154692486,2023-08-02,3.56,bmo,34551100000.0,2025-04-24,2023-06-30,0.0870786516853932,97.21145161290322,3346492.14516129
2023-03-31,PSX,USD,1534701,2023-05-04,2023-05-04 16:38:47,2023,Q1,34396000000.0,29817000000.0,4579000000.0,0.1331259449,0,0.0,0.0,605000000.0,1785000000.0,2390000000.0,32207000000.0,192000000.0,198000000.0,482000000.0,3325000000.0,0.0966682172,2848000000.0,0.0828003256,-197000000.0,2651000000.0,0.0770729155,574000000.0,1961000000.0,0.0570124433,4.21,4.2,464810000,467034000,https://www.sec.gov/Archives/edgar/data/1534701/000153470123000080/0001534701-23-000080-index.htm,https://www.sec.gov/Archives/edgar/data/1534701/000153470123000080/psx-20230331.htm,74.00012908500247,4.218928164196123,2.579548632774682,1.766313117187668,14.9846173705385,75.1188657731116,70.21578709580258,65.07820399733224,40.194918353735936,47122437800.0,58642437800.0,6.00745,1.369997610187231,39.301449374478736,57.39639196102314,1.5578180369598995,1.5578180369598995,1.7049202756134434,17.63682339849624,48.90945604670559,71.42806065773448,0.0416149947148956,0.0174226979403005,0.6110945816390625,0.2392508607077217,3.4646616541353383,1.541652499149949,14.383838383838384,0.5772749157438614,0.0103135580986431,0.2478327383987761,0.0,0.0,0.0294970360591235,0.3152627189324437,0.0109896499592975,0.7941176470588235,0.0,78.59774821006025,0.0352047135270666,0.0261525945881066,-55.21395839160087,7965000000.0,32637000000.0,-19676000000.0,45355000000.0,10155500000.0,10946000000.0,4360500000.0,24.40225607628794,31.901599758527016,16.435255055840628,3.6881835728072057,2.821175134828271,5.47603305785124,0.0648285893748553,0.813235515587014,2023-05-03,3.56,bmo,34227800000.0,2025-04-24,2023-03-31,0.1825842696629213,101.67870967741936,3664346.177419354
2022-12-31,PSX,USD,1534701,2023-02-22,2023-02-22 17:00:31,2022,Q4,40279000000.0,35648000000.0,4631000000.0,0.1149730629,42000000,0.0,0.0,630000000.0,4001000000.0,4631000000.0,40279000000.0,82000000.0,199000000.0,502000000.0,2634000000.0,0.0653938777,2143000000.0,0.0532039028,404000000.0,2547000000.0,0.0632339432,535000000.0,1884000000.0,0.0467737531,3.99,3.97,471859000,474327000,https://www.sec.gov/Archives/edgar/data/1534701/000153470123000053/0001534701-23-000053-index.htm,https://www.sec.gov/Archives/edgar/data/1534701/000153470123000053/psx-20221231.htm,85.36236460468064,3.9927181636887297,10.066566495499716,8.555521882596285,12.997526803557845,72.2800667148449,67.36970154219799,62.50596046700392,36.852110482156746,49111084720.0,60168084720.0,6.516863683651804,1.2192726909804117,10.339175730526314,12.16524268516225,1.6651212016003254,1.6651212016003254,1.4937829817026242,22.842856765375853,12.666965204210529,14.90415772108001,0.0383620115650339,0.082201401639088,0.5828304061843087,0.224876376860888,4.197798025816249,1.3796966454780035,10.768844221105528,2.3608349900596424,0.0092850728628744,0.2420382165605095,0.0,0.0010427269793192,0.0303105622563512,0.1501052631578947,0.0177015318155862,1.4203187250996017,0.0,74.93527462515144,0.0300211144077329,0.0254165261382799,-55.79262025308408,6033000000.0,31789000000.0,-20414000000.0,43513000000.0,12318500000.0,11820000000.0,3785000000.0,24.54504828818988,28.58701750448833,8.270870736086176,3.666727355484752,3.148282257352292,10.881562881562882,0.0638773987929748,1.511044612903431,2023-01-31,4.35,bmo,39232108833.0,2025-04-24,2022-12-31,-0.0804597701149424,102.28650793650796,3278116.8571428573
2022-09-30,PSX,USD,1534701,2022-11-09,2022-11-08 18:01:22,2022,Q3,44955000000.0,39076000000.0,5879000000.0,0.1307752197,0,0.0,0.0,617000000.0,1745000000.0,2362000000.0,41438000000.0,158000000.0,163000000.0,435000000.0,7751000000.0,0.1724168613,7325000000.0,0.1629407185,-167000000.0,7158000000.0,0.1592258926,1618000000.0,5391000000.0,0.1199199199,11.2,11.16,481388000,483036000,https://www.sec.gov/Archives/edgar/data/1534701/000153470122000185/0001534701-22-000185-index.htm,https://www.sec.gov/Archives/edgar/data/1534701/000153470122000185/psx-20220930.htm,93.38620821457953,11.198866610717342,6.531114194786742,5.004279292379536,7.777510033486502,69.19366498541717,64.3514171520686,58.6491561900172,37.01795640938287,38857639360.0,52770639360.0,1.8019680652940084,0.8643674643532421,12.359300050890583,16.13019483603155,1.3763198866574575,1.3763198866574575,1.1738547293960628,6.8082362740291575,16.784554503816793,21.905620323785804,0.1387371978532872,0.0619955313723926,0.6254028973187404,0.2283065465030579,1.79499419429751,1.3013085784587854,44.938650306748464,0.5675090252707581,0.0119924938229701,0.0864403635689111,0.0,0.0,0.030140032842421,0.2337786259541984,0.0163496830163496,1.7093023255813953,0.0,121.56517483461464,0.0937236718656703,0.0718723336177474,-57.957406499538834,5388000000.0,30978000000.0,-20760000000.0,42681000000.0,13522500000.0,12984500000.0,4437000000.0,27.33133133133133,28.368563824342303,9.889958030504657,3.292924113682977,3.172525777380856,9.100139729855613,0.1909467644246095,1.526834902407206,2022-11-01,4.98,bmo,39349524200.0,2025-04-24,2022-09-30,0.2971887550200802,85.23078125,3261647.625
2022-06-30,PSX,USD,1534701,2022-07-29,2022-07-29 16:51:55,2022,Q2,48577000000.0,43004000000.0,5573000000.0,0.1147250757,0,0.0,0.0,488000000.0,1549000000.0,2037000000.0,45041000000.0,0.0,139000000.0,365000000.0,4604000000.0,0.0947773638,4268000000.0,0.0878605101,-162000000.0,4106000000.0,0.0845255985,924000000.0,3167000000.0,0.0651954629,6.56,6.53,483088000,485035000,https://www.sec.gov/Archives/edgar/data/1534701/000153470122000143/0001534701-22-000143-index.htm,https://www.sec.gov/Archives/edgar/data/1534701/000153470122000143/psx-20220630.htm,100.55517835259828,6.555741397012553,3.690838936177259,2.9125128341006192,5.814675587056603,50.86650879342894,46.10961149935415,50.25171397343755,27.13377272877819,39608385120.0,49768385120.0,3.126648651720872,0.8153732243654405,22.214461648906337,28.15094891257996,1.631586139396935,1.631586139396935,1.0245257039339606,10.809814317984362,27.912723006169376,35.37198658137882,0.0799578167704909,0.035522781242842,0.5342313395946614,0.2064732853594854,2.206776715899218,1.277373920945025,30.705035971223023,0.5603394091766185,0.0117904327223932,0.1474581622987054,0.0,0.0,0.0365853658536585,0.2108805384183959,0.0077402886139531,1.0473537604456824,0.0,86.09493559580739,0.0723276641555098,0.0523349968602306,-47.80754231113172,4884000000.0,22275000000.0,-15747000000.0,29411000000.0,11924000000.0,13418000000.0,4555000000.0,24.81359491117195,28.571295693423867,9.585154869314485,3.627043978197566,3.1500146498681514,9.38951965065502,0.1304580655791728,0.7783261020766403,2022-07-29,5.97,bmo,43557907926.0,2025-04-24,2022-06-30,0.134003350083752,92.51209677419357,4339170.29032258
2022-03-31,PSX,USD,1534701,2022-04-29,2022-04-29 14:47:53,2022,Q1,36179000000.0,33833000000.0,2346000000.0,0.0648442467,0,0.0,0.0,433000000.0,1489000000.0,1922000000.0,35755000000.0,0.0,141000000.0,344000000.0,1307000000.0,0.0361259294,966000000.0,0.0267005722,-138000000.0,828000000.0,0.0228862047,171000000.0,582000000.0,0.0160866801,1.3,1.29,449298000,450011000,https://www.sec.gov/Archives/edgar/data/1534701/000153470122000103/0001534701-22-000103-index.htm,https://www.sec.gov/Archives/edgar/data/1534701/000153470122000103/psx-20220331.htm,80.52339427284342,1.2953540857070365,2.528388730864594,1.7048818378893296,7.422690508304066,49.23458372839407,44.108809743199394,48.55352127096047,32.43949450030937,38814854220.0,49913854220.0,16.673047345360825,1.072855916968407,34.16800547535211,50.67213344647519,1.7792736291542517,1.7792736291542517,1.3796360933138008,38.18963597551645,43.93825195422535,65.16168958224543,0.0149942595868391,0.0197347127895512,0.6616548246619298,0.2380355552623767,8.491966335118592,1.127875930239164,6.851063829787234,1.7290715372907153,0.0104083863798677,0.6941580756013745,0.0,0.0,0.0379794848115043,0.3257042253521127,0.0102269272229746,1.0946745562130178,0.0,37.61801494577496,0.0172212361544856,0.0099768578040627,-55.81095397709315,2251000000.0,19818000000.0,-18663000000.0,26887000000.0,8962500000.0,10822500000.0,3962000000.0,26.00818154177838,35.071084444181714,12.05036502822688,3.4604495456719278,2.5662166262135924,7.468653421633555,0.0266788906715562,0.8235068929752636,2022-04-29,1.28,bmo,36609758750.0,2025-04-24,2022-03-31,0.03125,84.13629032258065,4555729.306451613
2021-12-31,PSX,USD,1534701,2022-02-18,2022-02-18 16:16:05,2021,Q4,32604000000.0,29814000000.0,2790000000.0,0.0855723224,47000000,0.0,0.0,479000000.0,150000000.0,1972000000.0,31786000000.0,11000000.0,147000000.0,530000000.0,2298000000.0,0.0704821494,1674000000.0,0.0513433934,-47000000.0,1627000000.0,0.0499018525,256000000.0,1273000000.0,0.039044289,2.89,2.88,440469000,441584000,https://www.sec.gov/Archives/edgar/data/1534701/000153470122000078/0001534701-22-000078-index.htm,https://www.sec.gov/Archives/edgar/data/1534701/000153470122000078/psx-20211231.htm,74.021100236339,2.890101233003912,4.086553196706238,2.731179719798669,7.144657172241407,49.122639731740485,43.90774379127703,43.51271031559542,33.13513550329308,31916383740.0,43217383740.0,6.26794653181461,0.9789100644092747,17.731324299999997,26.53065980049875,1.6652605520192003,1.6652605520192003,1.325523976812661,18.80652033942559,24.009657633333333,35.92467476309227,0.0398854710599491,0.0376922401297083,0.7538349159970782,0.2598841601611685,4.917754569190601,1.1481134286383876,11.387755102040815,1.312910284463895,0.0126267437841001,0.3165750196386488,0.0,0.0014415409152251,0.0413174083534194,0.3316666666666666,0.0183106367316893,1.1393129770992367,0.0044166359955833,53.19316778520525,0.0318313165767701,0.0238850216710133,-53.37606051731223,1896000000.0,19340000000.0,-19260000000.0,26628000000.0,7738000000.0,8838000000.0,3897000000.0,20.62016930437983,25.541356409740388,10.245522237874823,4.364658634538152,3.52369696253398,8.784325279905715,0.0664197015548366,1.355373476907569,2022-01-28,1.95,bmo,28558225200.0,2025-04-24,2021-12-31,0.5076923076923077,75.58890625,3286956.390625
2021-09-30,PSX,USD,1534701,2021-10-29,2021-10-29 13:41:37,2021,Q3,30243000000.0,27890000000.0,2353000000.0,0.077803128,0,0.0,0.0,424000000.0,238000000.0,1675000000.0,29565000000.0,0.0,157000000.0,367000000.0,960000000.0,0.0317428827,678000000.0,0.0224184109,-230000000.0,448000000.0,0.0148133452,-40000000.0,402000000.0,0.0132923321,0.91,0.91,440193000,440368000,https://www.sec.gov/Archives/edgar/data/1534701/000153470121000209/0001534701-21-000209-index.htm,https://www.sec.gov/Archives/edgar/data/1534701/000153470121000209/psx-20210930.htm,68.70395485616537,0.9132357852123956,5.004622972196287,3.750627565635982,6.581204153632611,46.790839472685846,41.68626034489417,41.20692514419812,34.22816809899294,30826715790.0,42839715790.0,19.170843152985075,1.0193008560658663,13.993062092601,18.67154196850393,1.6994716241248138,1.6994716241248138,1.416516740733393,44.624703947916665,19.44608070358602,25.94773821320412,0.0130406366587518,0.0535574406059686,0.8219857765036661,0.2643288953498679,12.513541666666669,1.1507075641117737,4.318471337579618,4.514344262295082,0.0127811215013638,0.9800995024875622,0.0,0.0,0.0398354814118815,0.2505674080798911,0.0182521575240551,1.5290858725761771,0.0,29.09831385846315,0.0167944448956387,0.0074224519940915,-56.131060693832026,2098000000.0,18350000000.0,-19791000000.0,26722000000.0,8034000000.0,9080000000.0,4576000000.0,23.82501735938895,29.73646468268197,14.198637504481892,3.777541843617287,3.026587086272382,6.338636363636364,0.0221621919620706,1.2539954065603045,2021-10-29,1.95,bmo,26568200000.0,2025-04-24,2021-09-30,0.6307692307692309,72.385625,3131508.515625
2021-06-30,PSX,USD,1534701,2021-08-03,2021-08-03 17:01:08,2021,Q2,27002000000.0,25582000000.0,1420000000.0,0.0525886971,0,0.0,0.0,433000000.0,51000000.0,1727000000.0,27309000000.0,0.0,149000000.0,370000000.0,949000000.0,0.0351455448,-307000000.0,-0.0113695282,743000000.0,436000000.0,0.0161469521,62000000.0,294000000.0,0.0108880824,0.66,0.66,439940000,440396000,https://www.sec.gov/Archives/edgar/data/1534701/000153470121000150/0001534701-21-000150-index.htm,https://www.sec.gov/Archives/edgar/data/1534701/000153470121000150/psx-20210630.htm,61.37655134791108,0.6682729463108605,3.961903895985816,3.098149747692867,5.016593171796154,46.82911306087194,41.71477928808474,41.25335272991772,35.373005409828615,37755650800.0,50961650800.0,32.10514523809524,1.3982538626768388,21.66130281124498,27.700404108584006,2.0803157639539367,2.0803157639539367,1.8873287460188133,53.70036965226554,29.23789489386116,37.38932560528247,0.0077869138465492,0.0361005563702268,0.8492478924458647,0.2705126630043701,13.915700737618543,1.0844615490344307,-2.0604026845637584,4.660427807486631,0.0104355239984368,1.3401360544217686,0.0,0.0,0.0394896186180388,0.2180149168100975,0.0140730316272868,1.043956043956044,0.0,24.905646757623543,-0.0058631645707947,0.0053721197946169,-58.520480065463474,1229000000.0,18352000000.0,-20595000000.0,27167000000.0,8113500000.0,8595500000.0,4512500000.0,26.871342863491595,31.46939254163084,16.71800484715816,3.349292979409576,2.8599217439910563,5.383417508417509,0.0161992396275276,0.863754148292949,2021-08-03,0.6,bmo,27885000000.0,2025-04-24,2021-06-30,0.2333333333333333,84.41126984126984,2779659.4444444445
2021-03-31,PSX,USD,1534701,2021-04-30,2021-04-30 15:36:16,2021,Q1,21627000000.0,20421000000.0,1206000000.0,0.0557636288,0,0.0,0.0,408000000.0,15000000.0,1927000000.0,22348000000.0,0.0,152000000.0,356000000.0,-263000000.0,-0.012160725,-721000000.0,-0.0333379572,-45000000.0,-771000000.0,-0.0356498821,-132000000.0,-654000000.0,-0.0302399778,-1.49,-1.49,439504000,439504000,https://www.sec.gov/Archives/edgar/data/1534701/000153470121000106/0001534701-21-000106-index.htm,https://www.sec.gov/Archives/edgar/data/1534701/000153470121000106/psx-20210331.htm,49.207743274236414,-1.4880410644726785,0.6166041719756816,-0.1365175288507044,3.0739196912883613,46.54565146164767,41.40121591612363,40.90747752011358,35.43539990534784,35837156160.0,49908156160.0,-13.699218715596333,1.657056279650437,132.24042863468637,-597.285936,1.9932786117136665,1.9932786117136665,2.3076781874508714,-189.7648523193916,184.1629378597786,-831.8026026666666,-0.0182492158998366,-0.0016742399908106,0.8577785193837255,0.2778939022632262,-53.50190114068441,1.261306972268393,-4.743421052631579,-0.4241001564945227,0.0109941759396569,-0.6024464831804281,0.0,0.0,0.0407416750756811,1.2214022140221403,0.0153049428954547,0.9297752808988764,0.0,,-0.0134039234490937,-0.0122851507466892,-57.85555990389166,2987000000.0,18196000000.0,-20621000000.0,28925000000.0,7343500000.0,6897500000.0,4083000000.0,33.97836038285477,36.34200088144557,18.83208461877479,2.648744641763625,2.476473441668688,4.779077931195881,-0.0363757717336893,0.7531217008263861,2021-04-30,-1.41,bmo,18011200000.0,2025-04-24,2021-03-31,-0.1773049645390071,78.46360655737705,2892898.7868852457
2020-12-31,PSX,USD,1534701,2021-02-24,2021-02-24 14:54:14,2020,Q4,16409000000.0,15508000000.0,901000000.0,0.0549088915,48000000,0.0,0.0,432000000.0,18000000.0,1699000000.0,17207000000.0,14000000.0,144000000.0,358000000.0,-189000000.0,-0.0115180694,-798000000.0,-0.0486318484,150000000.0,-691000000.0,-0.0421110366,-197000000.0,-539000000.0,-0.0328478274,-1.23,-1.23,439110000,439115000,https://www.sec.gov/Archives/edgar/data/1534701/000153470121000074/0001534701-21-000074-index.htm,https://www.sec.gov/Archives/edgar/data/1534701/000153470121000074/psx-20201231.htm,37.36876864566965,-1.2274828630639247,1.4552162328345972,0.3028853817949944,5.725216916034706,49.01505317574184,43.85006034934299,43.23290291726447,36.521600510122745,30711353400.0,44090353400.0,-14.244598051948053,1.8716163934426229,48.06158591549296,230.91243157894732,1.6177493362831858,1.6177493362831858,2.686961630812359,-233.28229312169316,68.99898810641628,331.50641654135336,-0.0175505127690009,0.0043306460079352,0.8371786767804467,0.2904369437693024,-70.78835978835978,1.394830846816558,-5.541666666666667,-1.2935222672064777,0.012796570534726,-0.7291280148423006,0.0,0.0029252239624596,0.0414466109902962,0.7918622848200313,0.0308367359375952,1.4134078212290502,0.007739655067341,,-0.0123467717369387,-0.0102758660133834,-54.30529935551456,3758000000.0,19255000000.0,-19922000000.0,29742000000.0,6242500000.0,5503000000.0,4395000000.0,35.77183253092815,32.203378901212275,22.592855300490072,2.515946028825513,2.7947377905929,3.983560236321603,-0.0283923303834808,1.1523308510396029,2021-01-29,-1.09,bmo,14860981132.0,2025-04-24,2020-12-31,0.0642201834862383,58.70328125,3705980.046875
2020-09-30,PSX,USD,1534701,2020-10-30,2020-10-30 14:48:53,2020,Q3,15929000000.0,14861000000.0,1068000000.0,0.0670475234,0,0.0,0.0,384000000.0,20000000.0,1506000000.0,16367000000.0,0.0,138000000.0,352000000.0,-860000000.0,-0.0539895788,-438000000.0,-0.027497018,-912000000.0,-1350000000.0,-0.0847510829,-624000000.0,-799000000.0,-0.0501600854,-1.82,-1.82,438916000,438916000,https://www.sec.gov/Archives/edgar/data/1534701/000153470120000154/0001534701-20-000154-index.htm,https://www.sec.gov/Archives/edgar/data/1534701/000153470120000154/psx-20200930.htm,36.29168223532521,-1.820393879466686,1.1186650748662614,-0.1389787567552789,3.3309334815773406,50.81837982666387,45.63743404204905,44.933426897173945,33.40958178785918,22753405440.0,35817405440.0,-7.119338372966208,1.4284264825161654,46.34094794297353,-373.00664655737705,1.1537067964709462,1.1537067964709462,2.2485658509636512,-41.64814586046512,72.94787258655805,-587.1705809836066,-0.0351156226748974,-0.0026809173756805,0.7365378764831153,0.2676074501206684,-15.190697674418605,1.2196328355369543,-3.1739130434782608,-0.6763085399449036,0.0172721398138106,-0.4918648310387985,0.0,0.0,0.0418931117702326,1.124236252545825,0.0346537761315839,1.568181818181818,0.0,,-0.0051623272259723,-0.0153633164766281,-53.75345168551613,2309000000.0,20031000000.0,-19154000000.0,28072000000.0,5407500000.0,5412500000.0,5016500000.0,33.69138050097307,33.04824708969787,29.656819864073757,2.671306389401308,2.723291185633132,3.034715131713294,-0.0405131325423385,1.2576438316215404,2020-10-30,-0.8,bmo,61699000000.0,2025-04-24,2020-09-30,-0.9875,61.0246875,3315401.8125
2020-06-30,PSX,USD,1534701,2020-07-31,2020-07-31 15:00:27,2020,Q2,10913000000.0,9951000000.0,962000000.0,0.0881517456,0,0.0,0.0,409000000.0,28000000.0,1549000000.0,11500000000.0,0.0,122000000.0,343000000.0,20000000.0,0.0018326766,-587000000.0,-0.0537890589,142000000.0,-445000000.0,-0.0407770549,-378000000.0,-141000000.0,-0.0129203702,-0.33,-0.32,433333333,438756000,https://www.sec.gov/Archives/edgar/data/1534701/000153470120000120/0001534701-20-000120-index.htm,https://www.sec.gov/Archives/edgar/data/1534701/000153470120000120/psx-20200630.htm,25.183846173218345,-0.3253846156349112,1.763076924433136,-0.4038461541568047,4.361538464893491,53.757692349044376,48.4523077295787,47.80384619061834,33.61846156432189,31156666642.7,43712666642.7,-55.24231674237589,2.8550047322184557,40.78097728102095,-178.03809510114286,1.5040630771276853,1.5040630771276853,4.005559116897278,2185.633332135,57.21553225484293,-249.78666652971427,-0.0045255162118902,-0.0056167754402893,0.69736905623944,0.2649767049414872,627.8,1.2470318267983638,-4.811475409836065,-11.402985074626866,0.0126136728459069,-2.7872340425531914,0.0,0.0,0.0421695586778678,1.2290575916230366,0.0860441675066434,2.737609329446064,0.0,,-0.0019097578823825,-0.0027001666060246,-53.36769234874438,2476000000.0,20996000000.0,-18724000000.0,29057000000.0,4705500000.0,5345000000.0,5233500000.0,40.01466141299368,48.549894482966536,46.45161290322581,2.2491755976916736,1.8537630402384504,1.9375,-0.0068066618392469,2.166923078589941,2020-07-31,-0.99,bmo,13567513513.0,2025-04-24,2020-06-30,-0.2525252525252525,70.79888888888888,3895155.380952381
2020-03-31,PSX,USD,1534701,2020-05-01,2020-05-01 15:00:34,2020,Q1,20878000000.0,18782000000.0,2096000000.0,0.1003927579,0,319000000.0,0.0,319000000.0,-6000000.0,1817000000.0,20599000000.0,0.0,117000000.0,342000000.0,-2019000000.0,-0.0967046652,279000000.0,0.013363349,-2757000000.0,-2478000000.0,-0.1186895296,-51000000.0,-2496000000.0,-0.1195516812,-5.66,-5.66,441344003,441345000,https://www.sec.gov/Archives/edgar/data/1534701/000153470120000085/0001534701-20-000085-index.htm,https://www.sec.gov/Archives/edgar/data/1534701/000153470120000085/psx-202033110q.htm,47.305502868699904,-5.655452397752417,0.4916799560545972,-1.5996592118642654,2.7665494301505213,53.5613939224637,48.33871051828929,48.42481115575507,29.6367457382218,23678105760.95,35420105760.95,-2.3716051443259216,1.1341175285444007,109.11569475092163,-33.53839342910765,1.107903133115759,1.107903133115759,1.6965277210915797,-17.543390669118374,163.22629382926266,-50.17012147443342,-0.1054138377959444,-0.0298165743124746,0.606541268950028,0.2424803591470258,-5.815750371471025,1.111691518662741,2.3846153846153846,-0.0894107952204367,0.0167243108041642,-0.1586538461538461,0.0152792413066385,0.0,0.0431163486719042,4.253456221198157,0.0442092154420921,2.698830409356725,0.0,,0.0060490075983839,-0.0487928843710292,-51.015194150038106,1176000000.0,21334000000.0,-18116000000.0,27532000000.0,6534500000.0,6948500000.0,4553500000.0,19.65274451575821,25.50207645618145,25.545202853796187,4.579513051107699,3.5291243893273205,3.5231663852935657,-0.1167883211678832,2.0913391679188624,2020-05-01,0.63,bmo,12475852941.0,2025-04-24,2020-03-31,0.6190476190476191,81.37967741935483,4287461.548387097
2019-12-31,PSX,USD,1534701,2020-02-21,2020-02-21 15:05:37,2019,Q4,29125000000.0,26454000000.0,2671000000.0,0.0917081545,54000000,491000000.0,0.0,491000000.0,22000000.0,1966000000.0,28420000000.0,43000000.0,121000000.0,340000000.0,1527000000.0,0.0524291845,705000000.0,0.0242060086,361000000.0,1066000000.0,0.0366008584,256000000.0,736000000.0,0.0252703863,1.65,1.64,445332000,447835000,https://www.sec.gov/Archives/edgar/data/1534701/000153470120000070/0001534701-20-000070-index.htm,https://www.sec.gov/Archives/edgar/data/1534701/000153470120000070/psx-2019123110k.htm,65.40064491211052,1.6526995589807154,3.80390360450181,0.9341345333369262,3.6242623480908622,61.00841619286285,51.71422668930146,55.93579621495873,26.685708639846226,49614438120.0,59763438120.0,16.852730339673915,1.7035000212875535,29.28833419126328,119.26547625,1.991747816940988,1.991747816940988,2.0519635406008585,39.137811473477406,35.27947940968123,143.66211086538462,0.0148343915176439,0.00838465607519,0.4722199919710959,0.2003235694822888,6.6463654223968565,1.2360467113171905,5.826446280991736,2.091358024691358,0.008021858456552,0.5407608695652174,0.0168583690987124,0.0018540772532188,0.0704870572207084,0.7544273907910272,0.0438798283261802,3.7588235294117647,0.0058025751072961,45.60717025921683,0.0112448662621993,0.0134845459042523,-48.65246602534738,2749000000.0,23030000000.0,-17156000000.0,30674000000.0,7798000000.0,8474000000.0,4648500000.0,26.29699570815451,29.173281923338628,12.84645044227716,3.4224441833137487,3.085014577259475,7.00582627118644,0.0295463669209152,2.869769071164884,2020-01-31,1.56,bmo,29565038961.0,2025-04-24,2019-12-31,-0.0128205128205128,112.34328125,2353325.0
2019-09-30,PSX,USD,1534701,2019-10-25,2019-10-25 15:50:39,2019,Q3,27218000000.0,24142000000.0,3076000000.0,0.113013447,0,416000000.0,0.0,416000000.0,36000000.0,1727000000.0,25869000000.0,0.0,115000000.0,336000000.0,1394000000.0,0.051216107,1349000000.0,0.0495627893,-406000000.0,943000000.0,0.03464619,150000000.0,712000000.0,0.0261591594,1.58,1.58,449005000,451001000,https://www.sec.gov/Archives/edgar/data/1534701/000153470119000135/0001534701-19-000135-index.htm,https://www.sec.gov/Archives/edgar/data/1534701/000153470119000135/psx-201993010q.htm,60.61847863609537,1.5857284440039645,3.701517800469928,1.770581619358359,5.051168695226111,60.33785815302725,51.113016558835646,55.36018529860469,26.81484615984232,45978112000.0,55635112000.0,16.144000000000002,1.6892538761113969,27.66432731648616,57.83410314465409,1.8497047914068472,1.8497047914068472,2.044055845396429,39.91041032998565,33.474796630565585,69.98127295597484,0.0154856293359762,0.0172908361265464,0.4797441364605543,0.2030098227813622,6.927546628407461,1.2924770338492095,11.730434782608697,2.0958385876418664,0.0087432907205933,0.5646067415730337,0.0152840032331545,0.0,0.0705129296402853,0.5216606498194946,0.0318539201998677,2.580357142857143,0.0,44.443109264540325,0.0238825026511134,0.0130405318778732,-47.45158739880402,3534000000.0,22950000000.0,-16032000000.0,30630000000.0,6906500000.0,8186500000.0,5307000000.0,23.430817841134544,31.21406677160136,20.58197332449673,3.8410951171323737,2.883315418607429,4.372758558232205,0.0286438427807056,1.9309361811115688,2019-10-25,2.6,bmo,22607951768.0,2025-04-24,2019-09-30,0.196153846153846,100.2209375,2475018.328125
2019-06-30,PSX,USD,1534701,2019-07-26,2019-07-26 15:24:11,2019,Q2,27847000000.0,24888000000.0,2959000000.0,0.1062592021,0,408000000.0,0.0,408000000.0,23000000.0,1670000000.0,26558000000.0,0.0,120000000.0,334000000.0,2283000000.0,0.0819836966,1289000000.0,0.0462886487,540000000.0,1829000000.0,0.0656803246,325000000.0,1424000000.0,0.0511365677,3.13,3.12,453681000,455585000,https://www.sec.gov/Archives/edgar/data/1534701/000153470119000095/0001534701-19-000095-index.htm,https://www.sec.gov/Archives/edgar/data/1534701/000153470119000095/psx-201963010q.htm,61.38013273643816,3.1387693114765662,4.254090429178211,2.86324531994948,4.009425124702158,60.18766490110893,51.06010610979962,54.5581587062275,25.47825454449272,42673234860.0,52293234860.0,7.491789827949438,1.532417670126046,22.11048438341969,32.85083515011547,1.724031789754363,1.724031789754363,1.8778767860092649,22.905490521243976,27.09494034196891,40.25653183987683,0.033369862975511,0.0304406264081382,0.4621444731738849,0.1979716515809695,4.213753832676304,1.279652672097395,10.741666666666667,1.2832446808510638,0.0095141603708268,0.2851123595505618,0.0146514884906812,0.0,0.0716671570239352,0.3269430051813471,0.0226595324451466,1.889221556886228,0.0,62.07272485037157,0.0224200789657566,0.0265473527218493,-46.42964990819541,3124000000.0,23165000000.0,-16180000000.0,29768000000.0,7015000000.0,8506500000.0,5218500000.0,21.74130067870865,28.929604628736744,18.41730954676953,4.139586740002973,3.111,4.886707245238563,0.0575307045895281,1.3908451092287313,2019-07-26,2.74,bmo,25249735099.0,2025-04-24,2019-06-30,0.1021897810218977,89.72492063492064,2736551.3174603176
2019-03-31,PSX,USD,1534701,2019-04-30,2019-04-30 15:48:19,2019,Q1,23103000000.0,21386000000.0,1717000000.0,0.0743193525,0,366000000.0,0.0,366000000.0,38000000.0,1801000000.0,23187000000.0,0.0,125000000.0,331000000.0,796000000.0,0.0344543999,-84000000.0,-0.0036358914,424000000.0,340000000.0,0.0147167035,70000000.0,204000000.0,0.0088300221,0.44,0.44,457599000,459289000,https://www.sec.gov/Archives/edgar/data/1534701/000153470119000072/0001534701-19-000072-index.htm,https://www.sec.gov/Archives/edgar/data/1534701/000153470119000072/psx-2019331_10q.htm,50.48743550575941,0.4458051700287807,-1.044582702322339,-3.4418781509574976,2.7382052845395206,58.4463689824497,49.41225833098411,52.9218813852303,24.962904202150792,43503936930.0,53548936930.0,53.31364819852941,1.883042761978964,-91.01242035564852,-27.621547257142858,1.7964213953008217,1.7964213953008217,2.317834780331559,67.2725338316583,-112.02706470711296,-33.99932503492064,0.0046892307776247,-0.0362036199743083,0.4665317751992402,0.1952813067150635,12.619346733668342,1.307821327683616,-0.672,-1.7703703703703704,0.0083670588385068,1.7843137254901962,0.0158420984287754,0.0,0.0714544983147524,-2.294979079497908,0.0474830108643899,3.314199395770393,0.0,23.03994547317061,-0.0014327787948738,0.0037973976657173,-47.43836852790325,3487000000.0,22611000000.0,-16295000000.0,29884000000.0,6738000000.0,7799500000.0,4443500000.0,28.44955200623296,37.92995417562892,22.48947909847564,3.1634944543338355,2.372794851880617,4.00187125748503,0.0084238344964281,2.3972954486351585,2019-04-30,0.34,bmo,19788000000.0,2025-04-24,2019-03-31,0.1764705882352941,95.05622950819672,2736257.721311476
2018-12-31,PSX,USD,1534701,2019-02-22,2019-02-22 13:29:34,2018,Q4,29098000000.0,24997000000.0,4101000000.0,0.1409375215,55000000,419000000.0,0.0,419000000.0,14000000.0,1801000000.0,26798000000.0,45000000.0,127000000.0,337000000.0,3382000000.0,0.1162279194,2300000000.0,0.0790432332,618000000.0,2918000000.0,0.1002818063,602000000.0,2240000000.0,0.0769812358,4.85,4.82,461651000,464406000,https://www.sec.gov/Archives/edgar/data/1534701/000153470119000063/0001534701-19-000063-index.htm,https://www.sec.gov/Archives/edgar/data/1534701/000153470119000063/psx-20181231_10k.htm,63.03029777905821,4.852150217371998,8.965647209688704,6.81250555072988,6.5395721010027055,58.81715841620618,49.85151120651748,53.40181219146065,24.449205135481133,39771233650.0,47912233650.0,4.438753755580358,1.366802998487869,9.60889916646533,12.645861255961844,1.6132411329249992,1.6132411329249992,1.6465816774348752,14.166834314015375,11.575799383909157,15.23441451510334,0.0563221151174927,0.0790772553770154,0.4526832434186508,0.2055172921807668,2.40715552927262,1.4783435926133184,18.11023622047244,1.78713298791019,0.0092277751107677,0.1638392857142857,0.0143996150938208,0.0018901642724585,0.0762218702810209,0.2401546267214303,0.034160423396797,2.949554896142433,0.003436662313561,76.35480554123116,0.0401790930953841,0.0446544265693838,-38.402927752782944,4274000000.0,23014000000.0,-13940000000.0,30431000000.0,7072000000.0,7970500000.0,4543500000.0,19.093064815451235,23.712445493459217,12.756330759691163,4.713753442410497,3.7954752505314304,7.055320349985887,0.0908611528008761,2.153141658958824,2019-02-08,3.01,bmo,17725624229.0,2025-04-24,2018-12-31,0.6179401993355483,97.70761904761903,3079818.9206349207
2018-09-30,PSX,USD,1534701,2018-10-26,2018-10-26 15:30:44,2018,Q3,29788000000.0,26731000000.0,3057000000.0,0.1026252182,0,440000000.0,0.0,440000000.0,24000000.0,1755000000.0,28486000000.0,0.0,130000000.0,346000000.0,2451000000.0,0.0822814556,1302000000.0,0.0437088761,673000000.0,1975000000.0,0.0663018665,407000000.0,1492000000.0,0.0500872835,3.2,3.18,466109000,469440000,https://www.sec.gov/Archives/edgar/data/1534701/000153470118000109/0001534701-18-000109-index.htm,https://www.sec.gov/Archives/edgar/data/1534701/000153470118000109/psx-2018930_10q.htm,63.90779839050523,3.200968013919491,1.2486349759391044,-0.4226479214089408,1.9823689308723924,55.34113265352096,46.4505083574872,50.02907045347762,24.601541699473728,53360158320.0,63773158320.0,8.941045294906166,1.791330680811065,91.68412082474228,-270.8637478172589,2.2882695793130066,2.2882695793130066,2.140900977574862,26.01924044063648,109.57587340206186,-323.72161583756343,0.027960936529695,-0.0036918930940683,0.4861700759037695,0.2028666523512991,4.248470012239902,1.2789376983464171,10.015384615384615,0.3711734693877551,0.006934012410179,0.2479892761394102,0.0147710487444608,0.0,0.0741536038937799,1.338487972508591,0.0261514703907613,2.2514450867052025,0.0,60.026516819430704,0.0233728827821654,0.0288364901430228,-43.79823174407703,3340000000.0,21651000000.0,-14775000000.0,29109000000.0,7572000000.0,9345500000.0,5222500000.0,24.083187860883577,31.497138154202982,18.66596835135236,3.737046794630536,2.8574024585783,4.821608946608946,0.063982160470003,1.6712828973480451,2018-10-26,2.48,bmo,23908799999.0,2025-04-24,2018-09-30,0.25,115.5984126984127,2479925.6666666665
2018-06-30,PSX,USD,1534701,2018-07-27,2018-07-27 15:24:35,2018,Q2,28980000000.0,26084000000.0,2896000000.0,0.0999309869,0,432000000.0,0.0,432000000.0,13000000.0,1684000000.0,27768000000.0,0.0,141000000.0,337000000.0,2313000000.0,0.0798136646,1212000000.0,0.0418219462,623000000.0,1835000000.0,0.0633195307,431000000.0,1339000000.0,0.0462042788,2.86,2.84,468331000,471638000,https://www.sec.gov/Archives/edgar/data/1534701/000153470118000094/0001534701-18-000094-index.htm,https://www.sec.gov/Archives/edgar/data/1534701/000153470118000094/psx-2018630_10q.htm,61.87931185422276,2.8590889776675046,5.0477119814831815,3.898951809724319,4.022795843110962,53.29563919535542,44.4642784697148,48.119812696575714,24.56595869160914,52598254610.0,62078254610.0,9.82043588685586,1.8149846311249136,22.24968469120136,28.80517777108433,2.333965859513667,2.333965859513667,2.142106784334024,26.83884764807609,26.259836975465312,33.99685356516977,0.0254571184904951,0.0347159808541031,0.5042598509052183,0.2072739211323095,4.0985732814526585,1.2426696215479032,8.595744680851064,1.6837606837606838,0.0070724780272323,0.2778192681105302,0.0149068322981366,0.0,0.0754386604895487,0.227580372250423,0.0185645272601794,1.596439169139466,0.0,55.63742973021489,0.0213498010902319,0.0264154665614519,-43.02886206550495,2847000000.0,20824000000.0,-15287000000.0,28448000000.0,6648500000.0,8373000000.0,4822000000.0,22.27639751552795,32.212850789756175,16.910366508204262,4.040150564617315,2.7939160239931446,5.322179147112834,0.0594160454384096,1.148760171758863,2018-07-27,2.19,bmo,22773653571.0,2025-04-24,2018-06-30,0.278538812785388,112.41875,2501407.5
2018-03-31,PSX,USD,1534701,2018-04-27,2018-04-27 16:30:24,2018,Q1,23595000000.0,21474000000.0,2121000000.0,0.0898919263,0,386000000.0,0.0,386000000.0,10000000.0,1742000000.0,23216000000.0,0.0,129000000.0,336000000.0,1182000000.0,0.0500953592,379000000.0,0.0160627252,338000000.0,717000000.0,0.030387794,132000000.0,524000000.0,0.0222080949,1.07,1.07,487065000,489668000,https://www.sec.gov/Archives/edgar/data/1534701/000153470118000071/0001534701-18-000071-index.htm,https://www.sec.gov/Archives/edgar/data/1534701/000153470118000071/psx-2018331_10q.htm,48.443226263435065,1.075831767833862,1.001919661646803,0.3284982497202632,1.7287220391528852,49.89067167626497,41.388726350692416,45.01041955385831,24.12409021383183,46719274800.0,57498274800.0,22.28973034351145,1.9800497902097904,95.73621885245905,291.9954675,2.1310621174109383,2.1310621174109383,2.4368838652256835,48.644902538071065,117.82433360655736,359.3642175,0.0112159275212037,0.0034247106934973,0.5300825616931989,0.2229149083096754,9.119289340101522,1.3127977479428323,2.937984496124031,0.8341880341880342,0.0069992524798351,0.6240458015267175,0.0163593981775799,0.0,0.0794329778255198,0.6721311475409836,0.0139012502648866,0.9761904761904762,0.0,33.0080578479006,0.007201684787894,0.0109187139255277,-41.11463562358207,2889000000.0,20159000000.0,-15707000000.0,28530000000.0,6815000000.0,7718500000.0,4069000000.0,23.359186268277178,31.05616093880972,19.87845766974015,3.8528739386022206,2.8979757085020244,4.527514231499051,0.023901838252064,0.6734214119265396,2018-04-27,0.89,bmo,20185028846.0,2025-04-24,2018-03-31,0.1685393258426966,97.34409836065574,2219723.3606557376
2017-12-31,PSX,USD,1534701,2018-02-23,2018-02-23 12:22:21,2017,Q4,29746000000.0,24260000000.0,5486000000.0,0.1844281584,60000000,437000000.0,0.0,437000000.0,2000000.0,5089000000.0,29349000000.0,31000000.0,120000000.0,346000000.0,1120000000.0,0.0376521213,397000000.0,0.0133463323,257000000.0,654000000.0,0.0219861494,-2601000000.0,3198000000.0,0.1075102535,6.29,6.25,508148000,511352000,https://www.sec.gov/Archives/edgar/data/1534701/000153470118000065/0001534701-18-000065-index.htm,https://www.sec.gov/Archives/edgar/data/1534701/000153470118000065/psx-20171231_10k.htm,58.5380637137212,6.293442068058912,3.8000739941906687,2.743295260435936,6.137975550430189,53.97640057621008,45.8173602966065,49.36553917362658,20.131930067618097,51399170200.0,58390170200.0,4.018071466541588,1.727935527465878,26.61790274469187,36.87171463414634,2.0490002072951965,2.0490002072951965,1.962958723862032,52.13408053571428,30.23830668047644,41.886779196556674,0.0622189032927228,0.0271210604096484,0.4030296990233207,0.1859447131743024,6.241964285714285,1.423765706935787,3.308333333333333,0.5932411674347158,0.0068678151539497,0.1103814884302689,0.0146910508975996,0.0020170779264438,0.0762538853432896,0.2780942516830658,0.0180528474416728,1.5520231213872833,0.0047737510925838,83.60790106995577,0.0445975509629352,0.0636734693877551,-32.46495115596244,4283000000.0,23282000000.0,-12553000000.0,29889000000.0,6930500000.0,7649000000.0,3925000000.0,22.710280373831772,29.77864798021434,12.594806265457542,3.962962962962963,3.0222997383829577,7.1458026509572905,0.1274865457444688,1.056778733754733,2018-02-02,0.86,bmo,24025345794.0,2025-04-24,2017-12-31,0.244186046511628,95.06904761904762,1793079.253968254
2017-09-30,PSX,USD,1534701,2017-10-27,2017-10-27 15:41:16,2017,Q3,25627000000.0,19800000000.0,5827000000.0,0.2273773754,0,435000000.0,0.0,435000000.0,49000000.0,5025000000.0,24825000000.0,0.0,117000000.0,337000000.0,1710000000.0,0.0667264994,802000000.0,0.0312951184,454000000.0,1256000000.0,0.0490108089,407000000.0,823000000.0,0.0321145667,1.6,1.6,512923000,515960000,https://www.sec.gov/Archives/edgar/data/1534701/000153470117000105/0001534701-17-000105-index.htm,https://www.sec.gov/Archives/edgar/data/1534701/000153470117000105/psx-2017930_10q.htm,49.96266496140746,1.6045293348124376,0.7817937585173603,0.0662867525924943,3.0160472429584946,46.7107148636345,38.61203338512798,43.9110743717868,20.11607980145168,46988876030.0,55642876030.0,14.273656145200489,1.833569127482733,117.1792419700748,1382.0257655882351,2.0862618669804203,2.0862618669804203,2.1712598443048345,32.53969358479532,138.76028935162094,1636.5551773529412,0.0175147837006051,0.0007235755113251,0.452914798206278,0.193523296403096,5.060818713450292,1.3059061080262493,6.854700854700854,0.4723203769140165,0.0075762612362277,0.4325637910085054,0.0169742849338588,0.0,0.0788055850660191,0.9152119700748128,0.0143208334959222,1.089020771513353,0.0,39.81549518007917,0.0124587190503577,0.0169488034927303,-39.40601220846014,3030000000.0,19805000000.0,-15818000000.0,28487000000.0,5974500000.0,6913000000.0,4350000000.0,22.318258087173685,33.05,20.25,4.032572777340676,2.723146747352496,4.444444444444445,0.0365404253429827,0.7155070059248659,2017-10-27,1.57,bmo,24479704819.0,2025-04-24,2017-09-30,0.0573248407643311,84.70396825396826,2002799.984126984
2017-06-30,PSX,USD,1534701,2017-08-01,2017-08-01 15:57:29,2017,Q2,24087000000.0,18673000000.0,5414000000.0,0.2247685473,0,439000000.0,0.0,439000000.0,18000000.0,4932000000.0,23605000000.0,0.0,113000000.0,320000000.0,1281000000.0,0.0531822145,482000000.0,0.0200107942,366000000.0,848000000.0,0.0352057126,267000000.0,550000000.0,0.0228338938,1.06,1.06,517785000,520160000,https://www.sec.gov/Archives/edgar/data/1534701/000153470117000083/0001534701-17-000083-index.htm,https://www.sec.gov/Archives/edgar/data/1534701/000153470117000083/psx-2017630_10q.htm,46.51930820707437,1.062216943325898,3.601881089641453,2.7173440713809787,4.173546935504119,45.976611914211496,37.94432051913439,43.199397433297605,19.463677008797088,42815641650.0,50619641650.0,19.461655295454545,1.7775414808818035,22.95744860589812,30.43044893390192,1.9141470694742488,1.9141470694742488,2.10153367584174,39.51572338017174,27.14189900804289,35.97700188343995,0.0128457726850392,0.0328618221233641,0.4455025035765379,0.1922705873273134,6.092115534738485,1.4036511156186613,4.265486725663717,3.209982788296041,0.0084081421211166,0.6545454545454545,0.0182255988707601,0.0,0.0802461989658099,0.2455764075067024,0.0190144061111803,1.43125,0.0,32.13192287492542,0.0076009438522146,0.0115378967463131,-37.74346495166913,3582000000.0,19647000000.0,-15566000000.0,29034000000.0,5642000000.0,6463500000.0,4316000000.0,20.90173122431187,31.593744979381995,20.46002249236865,4.30586342509832,2.8486651411136537,4.398822143698469,0.0245886981402002,0.8845370182604749,2017-08-01,1.01,bmo,22238532110.0,2025-04-24,2017-06-30,0.0792079207920792,78.5047619047619,2322037.1428571427
2017-03-31,PSX,USD,1534701,2017-05-05,2017-05-05 11:18:18,2017,Q1,22894000000.0,17994000000.0,4900000000.0,0.2140298768,0,384000000.0,0.0,384000000.0,452000000.0,4810000000.0,22804000000.0,0.0,110000000.0,315000000.0,1222000000.0,0.0533764305,90000000.0,0.003931161,707000000.0,797000000.0,0.0348126147,234000000.0,535000000.0,0.0233685682,1.02,1.02,521647000,524520000,https://www.sec.gov/Archives/edgar/data/1534701/000153470117000074/0001534701-17-000074-index.htm,https://www.sec.gov/Archives/edgar/data/1534701/000153470117000074/psx-2017331_10q.htm,43.88791654126258,1.025597770139577,-1.0524358426292109,-1.953428276209774,2.900428834058281,45.48094784404013,37.49662127837407,42.87190379701216,19.783493435215767,41324875340.0,50021875340.0,19.310689411214955,1.805052648728925,-75.27299697632058,-40.55434282630029,1.8478302334108387,1.8478302334108387,2.184933840307504,40.93443153846154,-91.1145270309654,-49.089180902845925,0.0129461975528853,-0.0246582716007292,0.4565372920765516,0.1986188113996693,7.117021276595745,1.3940435280641466,0.8181818181818182,-0.9751332149200712,0.0078887110322254,0.6093457943925233,0.0167729536123001,0.0,0.0810232467658788,-0.8561020036429873,0.0205293963483882,1.492063492063492,0.0,31.453297141265143,0.0014688085588492,0.0113251481795088,-37.7765040343374,3440000000.0,19560000000.0,-15510000000.0,28845000000.0,6043500000.0,6716500000.0,3768500000.0,22.368306106403423,31.870623541180397,21.94231410470157,4.023550087873463,2.82391713747646,4.101664007294279,0.0239223752459309,0.9009924335805632,2017-04-28,0.05118,bmo,2038035714.0,2025-04-24,2017-03-31,9.941774130519734,80.55758064516128,2566933.4032258065
2016-12-31,PSX,USD,1534701,2017-02-17,2017-02-17 12:47:19,2016,Q4,23397000000.0,18684000000.0,4713000000.0,0.2014360815,60000000,420000000.0,0.0,420000000.0,15000000.0,4826000000.0,23510000000.0,12000000.0,94000000.0,305000000.0,461000000.0,0.0197033808,-113000000.0,-0.004829679,175000000.0,62000000.0,0.0026499124,-132000000.0,163000000.0,0.0069667051,0.31,0.31,524200000,526279000,https://www.sec.gov/Archives/edgar/data/1534701/000153470117000051/0001534701-17-000051-index.htm,https://www.sec.gov/Archives/edgar/data/1534701/000153470117000051/psx-20161231_10k.htm,44.63372758489126,0.3109500190766883,1.2724151087371232,-0.2785196489889355,5.1716901945822205,45.259442960702025,37.32735597100344,42.71270507439908,19.519267455169786,45296122000.0,52723122000.0,69.47257975460123,1.935979911954524,67.91022788605697,-310.2474109589041,2.023051451540866,2.023051451540866,2.2534137709962816,114.3668590021692,79.04516041979011,-361.11727397260273,0.0035985420562051,-0.0032232339889935,0.4527914247431889,0.1962712717557547,16.11062906724512,1.339955616612068,-1.202127659574468,3.438144329896907,0.0072412380026705,2.0122699386503067,0.0179510193614565,0.0025644313373509,0.0804987125626778,1.2188905547226387,0.0347480446211052,2.665573770491803,0.0066675214771124,17.286819264927846,-0.0082728274487901,0.003431940204232,-35.948588325066765,3217000000.0,19567000000.0,-15248000000.0,28230000000.0,5699000000.0,6811500000.0,3527500000.0,24.607000897550968,34.01252408477842,15.173410404624278,3.657495701109896,2.646084124061748,5.931428571428572,0.0072800357302367,1.5509347577260588,2017-02-03,0.39,bmo,58935000000.0,2025-04-24,2016-12-31,-0.5897435897435898,83.13380952380953,2166608.206349206
2016-09-30,PSX,USD,1534701,2016-10-28,2016-10-28 15:04:17,2016,Q3,21624000000.0,16254000000.0,5370000000.0,0.2483351831,0,411000000.0,0.0,411000000.0,24000000.0,4896000000.0,21150000000.0,0.0,86000000.0,293000000.0,1192000000.0,0.0551239364,474000000.0,0.0219200888,339000000.0,813000000.0,0.0375971143,277000000.0,511000000.0,0.0236311506,0.97,0.96,525991000,528798000,https://www.sec.gov/Archives/edgar/data/1534701/000153470116000175/0001534701-16-000175-index.htm,https://www.sec.gov/Archives/edgar/data/1534701/000153470116000175/psx-2016930_10q.htm,41.1109695793274,0.9714995123490706,1.678735947953482,0.4220604535058584,4.443041801095456,46.21942200531948,38.312442608333605,43.54637246644904,17.004093225929722,42368575050.0,48889575050.0,20.728265680039136,1.9593310696448392,47.982531200453,190.84943716216216,1.8497522396856585,1.8497522396856585,2.2608941477062525,41.014744169463086,55.36758216308041,220.223311036036,0.0120608257274869,0.0052397325078318,0.3867277886924252,0.1762645759541529,5.470637583892618,1.1845544554455445,5.511627906976744,1.6473880597014925,0.0077651891670121,0.6438356164383562,0.0190066592674805,0.0,0.0827595813268595,0.7485843714609286,0.0305678875323714,2.255972696245734,0.0,30.85237091949078,0.0074874055398914,0.011085801063022,-34.0362287567658,1864000000.0,20152000000.0,-13979000000.0,26470000000.0,5299000000.0,6823000000.0,3949000000.0,20.814372918978915,36.334440753045406,21.622369878183832,4.323935212957409,2.47698872295032,4.16235595390525,0.0223095394018773,1.2566754944476235,2016-10-28,0.88,bmo,18127999999.0,2025-04-24,2016-09-30,0.1931818181818182,77.73046875,2914997.578125
2016-06-30,PSX,USD,1534701,2016-07-29,2016-07-29 15:59:55,2016,Q2,21849000000.0,16488000000.0,5361000000.0,0.2453659206,0,421000000.0,0.0,421000000.0,17000000.0,5009000000.0,21497000000.0,0.0,88000000.0,290000000.0,1098000000.0,0.0502540162,352000000.0,0.0161105771,368000000.0,720000000.0,0.0329534532,204000000.0,496000000.0,0.0227012678,0.94,0.93,528247000,531060000,https://www.sec.gov/Archives/edgar/data/1534701/000153470116000153/0001534701-16-000153-index.htm,https://www.sec.gov/Archives/edgar/data/1534701/000153470116000153/psx-2016630_10q.htm,41.36133286133192,0.9389546935429828,2.186477159359163,1.012783792430435,4.225296120943423,45.55823317501093,37.6623057016888,43.24113530223551,16.94283166776148,41911116980.0,48541116980.0,21.124554929435483,1.9182167138084123,36.28668136796537,78.33853641121496,1.8348269407232296,1.8348269407232296,2.2216630957938577,44.20866755919855,42.02694110822511,90.73105977570091,0.0118345688624021,0.0127651095592442,0.3879695298135014,0.1759695002084946,6.038251366120218,1.215673076923077,4.0,2.238372093023256,0.0078499458784884,0.6633064516129032,0.0192686164126504,0.0,0.0828220249796469,0.5367965367965368,0.0283765847407203,2.1379310344827585,0.0,30.224708539349503,0.0060797403578113,0.010738255033557,-33.82650540372212,2243000000.0,19895000000.0,-13652000000.0,26661000000.0,5167000000.0,6425500000.0,4050500000.0,23.05505972813401,38.66812227074236,21.79585152838428,3.903698409862426,2.3274985883681536,4.129226145755071,0.0217143857805796,1.1736933669287284,2016-07-29,0.93,bmo,21796627659.0,2025-04-24,2016-06-30,0.0107526881720429,81.66953125,2836996.296875
2016-03-31,PSX,USD,1534701,2016-04-29,2016-04-29 15:36:06,2016,Q1,17409000000.0,12210000000.0,5199000000.0,0.2986386352,0,386000000.0,0.0,386000000.0,18000000.0,4870000000.0,17080000000.0,0.0,91000000.0,280000000.0,967000000.0,0.055545982,329000000.0,0.018898271,267000000.0,596000000.0,0.0342351657,198000000.0,385000000.0,0.022114998,0.72,0.72,531739000,534709000,https://www.sec.gov/Archives/edgar/data/1534701/000153470116000130/0001534701-16-000130-index.htm,https://www.sec.gov/Archives/edgar/data/1534701/000153470116000130/psx-2016331_10q.htm,32.739746379332715,0.7240394253571771,0.4852004460835109,-0.925265966949951,3.240311506208873,44.46354320446685,36.61006621669654,42.85561149360871,16.786430936982242,46043280010.0,53155280010.0,29.898233772727277,2.6447975190993165,178.46232562015504,-93.5839024593496,2.020505529664736,2.020505529664736,3.0533218455971047,54.969265780765255,206.02821709302324,-108.03918701219511,0.0083616979484602,-0.0106855984172531,0.3877040547656661,0.1831239895535381,7.354705274043433,1.5117940423237632,3.615384615384616,0.6482412060301508,0.0064287340071279,0.7688311688311689,0.0221724395427652,0.0,0.0865563984579032,2.9069767441860463,0.0430811649146992,2.6785714285714284,0.0,26.42264042788239,0.0053770611684544,0.0087361016564556,-32.48445195857366,3797000000.0,19467000000.0,-13387000000.0,28048000000.0,4955000000.0,5711000000.0,3792500000.0,24.489057384111664,42.50859950859951,30.280098280098283,3.675110829639012,2.1172186578810472,2.972249269717624,0.0168948569422503,1.410466413033462,2016-04-29,0.87,bmo,22717388059.0,2025-04-24,2016-03-31,-0.2298850574712643,81.27639344262295,4102789.229508197
2015-12-31,PSX,USD,1534701,2016-02-19,2016-02-19 15:39:55,2015,Q4,21893000000.0,16152000000.0,5741000000.0,0.2622299365,65000000,433000000.0,0.0,433000000.0,9000000.0,4963000000.0,21115000000.0,27000000.0,79000000.0,281000000.0,1192000000.0,0.0544466268,778000000.0,0.0355364728,54000000.0,832000000.0,0.0380030147,166000000.0,650000000.0,0.0296898552,1.21,1.2,536399000,540245000,https://www.sec.gov/Archives/edgar/data/1534701/000153470116000119/0001534701-16-000119-index.htm,https://www.sec.gov/Archives/edgar/data/1534701/000153470116000119/psx-20151231_10k.htm,40.81476661962457,1.2117845111568069,2.790832943387292,-1.8288624699151192,5.7308085958400365,44.62722712011022,36.832656287576974,43.0649572426496,16.715169118510662,43877438200.0,49690438200.0,16.875937769230767,2.0041765952587585,29.310245958583835,-44.72725606523955,1.899456199134199,1.899456199134199,2.2696952541908373,41.68660922818792,33.19334549098196,-50.65284220183487,0.014813991578934,-0.0223577319060528,0.3847186147186147,0.1829353643474681,4.876677852348993,1.627406718895233,9.848101265822784,2.247747747747748,0.0067916453700343,0.4584615384615385,0.0197780112364682,0.002968985520486,0.0860642239604775,1.655310621242485,0.1131868633809893,8.818505338078293,0.0065774448453843,34.26620176801247,0.0151552341873686,0.0146399693686794,-29.73486154895889,4725000000.0,19757000000.0,-12386000000.0,28627000000.0,5185500000.0,6258500000.0,3932500000.0,21.26570136573334,31.510029717682023,19.37407132243685,4.2321670210709454,2.8562334217506637,4.645383951682485,0.0281385281385281,4.619695413302411,2016-01-29,1.25,bmo,20890267175.0,2025-04-24,2015-12-31,0.048,86.29375,3070481.234375
2015-09-30,PSX,USD,1534701,2015-10-30,2015-10-30 15:12:58,2015,Q3,25792000000.0,18850000000.0,6942000000.0,0.2691532258,0,437000000.0,0.0,437000000.0,20000000.0,5130000000.0,23980000000.0,0.0,76000000.0,270000000.0,2705000000.0,0.1048774814,1741000000.0,0.0675015509,547000000.0,2359000000.0,0.091462469,767000000.0,1578000000.0,0.0611817618,2.92,2.9,540357000,544696000,https://www.sec.gov/Archives/edgar/data/1534701/000153470115000075/0001534701-15-000075-index.htm,https://www.sec.gov/Archives/edgar/data/1534701/000153470115000075/psx-2015930_10q.htm,47.731407199314525,2.920291585007689,2.659352983305481,0.8235296294856919,8.923730052539339,44.47430124898909,36.78679095486873,42.92347466582278,16.70562239408391,41521031880.0,45650031880.0,6.57811024714829,1.6098414965880894,28.89424626304802,93.30568961797754,1.790162623092179,1.790162623092179,1.7699298960918115,16.876167053604437,31.767593514265837,102.5843413033708,0.0380048358277939,0.0107174600401573,0.3859187720962317,0.181139330162906,1.5264325323475043,1.695661971830986,22.907894736842103,0.9026381909547738,0.0072252539596566,0.1901140684410646,0.0169432382133995,0.0,0.084063543458464,0.6903270702853166,0.0384615384615384,3.674074074074074,0.0,53.107004170660886,0.0289514117243507,0.0348644528401935,-26.775816728570184,6174000000.0,19878000000.0,-10334000000.0,29585000000.0,5882500000.0,7673000000.0,4257000000.0,18.13818238213399,32.762864721485414,20.95066312997347,4.961908426317814,2.7470125327892743,4.295806745670009,0.0680348365956712,1.8358233538197897,2015-10-30,2.24,bmo,19130490066.0,2025-04-24,2015-09-30,0.3482142857142856,79.47234375,4317751.390625
2015-06-30,PSX,USD,1534701,2015-07-31,2015-07-31 15:26:45,2015,Q2,28512000000.0,22527000000.0,5985000000.0,0.2099116162,0,406000000.0,0.0,406000000.0,19000000.0,4998000000.0,27525000000.0,0.0,85000000.0,274000000.0,1824000000.0,0.063973064,987000000.0,0.0346170034,478000000.0,1465000000.0,0.0513818743,440000000.0,1012000000.0,0.0354938272,1.85,1.84,544617000,548926000,https://www.sec.gov/Archives/edgar/data/1534701/000153470115000066/0001534701-15-000066-index.htm,https://www.sec.gov/Archives/edgar/data/1534701/000153470115000066/psx-2015630_10q.htm,52.35238709037728,1.8581865788251195,2.6201899683630883,0.3929366876171695,9.34418132375596,42.64097521744639,35.01176055833733,41.10962382738696,16.617182350165347,43874345520.0,47750345520.0,10.838524090909091,1.538802803030303,30.7458623125438,205.0203061682243,1.9596384617446068,1.9596384617446068,1.674745563973064,26.1789175,33.46205011913104,223.13245570093457,0.0230658711373525,0.0048775656357642,0.4004198490330072,0.1797529775033083,2.125,1.641091811414392,11.611764705882353,1.3921951219512194,0.0068832935607514,0.2984189723320158,0.014239618406285,0.0,0.0833099410514496,0.8500350385423966,0.0425434904601571,4.427007299270073,0.0,41.45793534745182,0.0173329770821952,0.0221352173057153,-26.7596310801903,6459000000.0,19068000000.0,-10117000000.0,29379000000.0,6152000000.0,8088500000.0,4146000000.0,20.729166666666668,33.89532560926888,16.48421893727527,4.341708542713568,2.6552333804809054,5.459767329132331,0.0452007682344008,2.2272532807459187,2015-07-31,1.81,bmo,28200393442.0,2025-04-24,2015-06-30,0.011049723756906,79.47507936507937,3018811.0
2015-03-31,PSX,USD,1534701,2015-05-01,2015-05-01 11:39:42,2015,Q1,22778000000.0,16948000000.0,5830000000.0,0.2559487225,0,394000000.0,0.0,394000000.0,70000000.0,4950000000.0,21898000000.0,0.0,91000000.0,253000000.0,1732000000.0,0.0760382826,880000000.0,0.0386337694,508000000.0,1388000000.0,0.0609359909,391000000.0,987000000.0,0.0433312846,1.8,1.79,548200000,552337000,https://www.sec.gov/Archives/edgar/data/1534701/000153470115000049/0001534701-15-000049-index.htm,https://www.sec.gov/Archives/edgar/data/1534701/000153470115000049/psx-2015331_10q.htm,41.550529004013136,1.8004377964246625,2.4662531922655964,0.4943451295147756,9.832178037212696,41.216709230207954,33.63553447646844,39.69354250273623,16.490331995622036,43088520000.0,46647520000.0,10.91401215805471,1.8916726666081307,31.87020710059172,158.9982287822878,1.9801709558823528,1.9801709558823528,2.047919922732461,26.932748267898383,34.50260355029586,172.1310701107011,0.0229063332878455,0.0062893782381014,0.4112591911764706,0.1823461091753774,2.054849884526559,1.6366585563665856,9.67032967032967,1.3560682046138417,0.0063125862758804,0.2755825734549139,0.0172973922205637,0.0,0.084683252847566,0.7995562130177515,0.0474580735797699,4.2727272727272725,0.0,40.09961931749589,0.0161053747043847,0.021971906235391,-26.826431959139,6280000000.0,18439000000.0,-10338000000.0,28354000000.0,6496000000.0,7878500000.0,3781500000.0,22.667925190973747,40.85260797734246,22.12296436157659,3.970367788042531,2.203041726244638,4.068170907345175,0.0453584558823529,1.971908062750821,2015-04-30,1.43,bmo,21571218543.0,2025-04-24,2015-03-31,0.055944055944056,73.39737704918032,4321779.1147540985
2014-12-31,PSX,USD,1534701,2015-02-20,2015-02-20 11:58:29,2014,Q4,34963000000.0,28722000000.0,6241000000.0,0.1785029889,62000000,448000000.0,0.0,448000000.0,61000000.0,5308000000.0,34030000000.0,21000000.0,79000000.0,273000000.0,1713000000.0,0.0489946515,933000000.0,0.0266853531,428000000.0,1361000000.0,0.0389268655,203000000.0,1147000000.0,0.0328061093,2.07,2.05,554617000,559023000,https://www.sec.gov/Archives/edgar/data/1534701/000153470115000038/0001534701-15-000038-index.htm,https://www.sec.gov/Archives/edgar/data/1534701/000153470115000038/psx-20141231_10k.htm,63.039899606395046,2.06809383772946,1.5722561695728765,-0.457973700770081,9.38846086578666,39.73372615696958,32.20781187738566,38.92776456545688,15.800092676567791,39766038900.0,43243038900.0,8.667401678291194,1.1373749077596316,45.60325561926605,-156.55920826771654,1.841873038443724,1.841873038443724,1.2368228956325258,25.24403905429072,49.590640940366974,-170.24818464566928,0.0288437076391835,-0.0063873598433763,0.4022232515053265,0.1781662255595905,2.0297723292469354,1.5049576347575266,11.810126582278482,0.7530224525043178,0.0069154486493247,0.2397558849171752,0.0128135457483625,0.0017733032062466,0.0856363226031472,1.2912844036697249,0.0322054743586076,4.124542124542124,0.003832623058662,42.56044026233873,0.0206250709073075,0.0257365315143491,-25.886783131422224,5602000000.0,17863000000.0,-10008000000.0,27122000000.0,8010500000.0,9767000000.0,4535000000.0,18.675456911592253,25.26843534572801,10.644453728848967,4.819159200551344,3.561755952380953,8.455107447748013,0.0531264474293654,2.030229870342957,2015-01-29,1.37,bmo,29386079754.0,2025-04-24,2014-12-31,0.18978102189781,73.77609375,4978030.6875
2014-09-30,PSX,USD,1534701,2014-10-30,2014-10-30 11:55:45,2014,Q3,40417000000.0,33851000000.0,6566000000.0,0.1624563921,0,401000000.0,0.0,401000000.0,11000000.0,5379000000.0,39230000000.0,0.0,66000000.0,249000000.0,2042000000.0,0.0505232947,1187000000.0,0.0293688299,540000000.0,1727000000.0,0.0427295445,538000000.0,1180000000.0,0.0291956355,2.11,2.09,559492000,564958000,https://www.sec.gov/Archives/edgar/data/1534701/000153470114000116/0001534701-14-000116-index.htm,https://www.sec.gov/Archives/edgar/data/1534701/000153470114000116/psx-2014930_10q.htm,72.2387451473837,2.1090560722941527,0.7667669957747385,-1.9392591851179284,5.55503921414426,39.66812751567493,32.35077534620692,38.86740114246495,11.222680574521172,45492294520.0,48597294520.0,9.638197991525423,1.1255732617462948,106.04264456876456,-41.92838204608295,2.09198448082406,2.09198448082406,1.20239737041344,23.79887096963761,113.2804068065268,-44.79013319815668,0.0259384586433913,-0.0238501929051522,0.2857077163616297,0.1251359516616314,1.520568070519099,1.3213741012419202,17.984848484848484,0.3608074011774601,0.006088943257813,0.2347457627118644,0.0099215676571739,0.0,0.0824572004028197,3.5291375291375293,0.0374594848702278,6.080321285140562,0.0,42.9465294157827,0.0227537128549256,0.0259021863201334,-26.697432671065897,4425000000.0,18100000000.0,-9262000000.0,25470000000.0,9438000000.0,12159500000.0,5300500000.0,19.52000395873024,30.49540633954684,15.0828631355056,4.610654802646589,2.9512641673932,5.967036841177507,0.0542628529384714,2.706026180892667,2014-10-29,1.75,bmo,35014727722.0,2025-04-24,2014-09-30,0.1542857142857143,83.2421875,2944885.453125
2014-06-30,PSX,USD,1534701,2014-07-31,2014-07-31 12:17:53,2014,Q2,45549000000.0,39555000000.0,5994000000.0,0.1315945465,0,412000000.0,0.0,412000000.0,17000000.0,5321000000.0,44876000000.0,0.0,72000000.0,239000000.0,1670000000.0,0.0366638126,673000000.0,0.0147752969,686000000.0,1359000000.0,0.0298360008,487000000.0,863000000.0,0.0189466289,1.52,1.51,565799000,571285000,https://www.sec.gov/Archives/edgar/data/1534701/000153470114000100/0001534701-14-000100-index.htm,https://www.sec.gov/Archives/edgar/data/1534701/000153470114000100/psx-2014630_10q.htm,80.5038538420888,1.525276644179293,1.4669520448074316,0.475433855485782,8.759294378392326,38.80353270330984,31.954810807371523,38.018801729942965,11.106417650084218,45507213570.00001,46763213570.00001,13.182854452491313,0.9990826048870448,54.82796815662651,169.17179765799258,2.115532219329645,2.115532219329645,1.0266573046609149,28.00192429341318,56.34122116867471,173.84094263940523,0.0189640264102858,0.0059111507582466,0.288782483380596,0.122230530085396,0.7520958083832335,1.3627645502645502,9.34722222222222,0.9518348623853212,0.0061748452158636,0.3256083429895712,0.0090452040659509,0.0,0.0762465074180473,0.6759036144578313,0.0123164065072778,2.3472803347280333,0.0,36.121417222518,0.0120825205998847,0.0183824312522631,-24.50428509064173,5485000000.0,18080000000.0,-8262000000.0,25452000000.0,9615000000.0,12736000000.0,5418000000.0,19.97628927089508,29.23549488054607,11.2127417519909,4.505341246290802,3.0784496848003737,8.026582792207792,0.040119008879178,0.9915181893216496,2014-07-30,1.7,bmo,51280331125.0,2025-04-24,2014-06-30,-0.1117647058823529,82.37190476190477,3430584.587301587
2014-03-31,PSX,USD,1534701,2014-05-01,2014-05-01 16:27:13,2014,Q1,40283000000.0,34615000000.0,5668000000.0,0.1407045156,0,402000000.0,0.0,402000000.0,31000000.0,5130000000.0,39745000000.0,0.0,74000000.0,234000000.0,1606000000.0,0.0398679344,538000000.0,0.0133555098,760000000.0,1298000000.0,0.0322220291,426000000.0,1572000000.0,0.0390239059,2.69,2.67,584053000,589575000,https://www.sec.gov/Archives/edgar/data/1534701/000153470114000061/0001534701-14-000061-index.htm,https://www.sec.gov/Archives/edgar/data/1534701/000153470114000061/psx-2014331_10q.htm,68.97148032798393,2.691536555757782,2.393618387372379,1.414255213139903,9.119035430003784,37.37503274531592,30.735224371760783,36.61482776391868,10.771282743175703,45007124180.0,45898124180.0,7.157621529898219,1.1172733952287566,32.19393718168812,54.48804380145278,2.104611839139584,2.104611839139584,1.1393919067596754,28.57915577833126,32.831276237482115,55.56673629539952,0.0349278037342042,0.0183526500537231,0.2907177928454524,0.1222687670855704,0.5547945205479452,1.3887496702716962,7.27027027027027,1.603211009174312,0.005088083368405,0.1456743002544529,0.0099793957748926,0.0,0.076268019745511,0.4091559370529327,0.0141995382667626,2.4444444444444446,0.0,47.08904667447248,0.0101175682933056,0.0334688837318231,-23.795785656438717,5895000000.0,17951000000.0,-7959000000.0,25524000000.0,9376000000.0,11856500000.0,4631000000.0,20.375840925452422,32.82016466849632,15.360970677451972,4.416995614035088,2.7422165887665373,5.859004739336493,0.0735094692541501,0.9793631742324754,2014-04-30,1.34,bmo,36720557823.0,2025-04-24,2014-03-31,0.0970149253731342,76.13688524590165,3549537.606557377
2013-12-31,PSX,USD,1534701,2014-02-21,2014-02-21 13:27:26,2013,Q4,43049000000.0,37271000000.0,5778000000.0,0.1342191456,57000,418000000.0,16000000.0,434000000.0,20000000.0,5308000000.0,42579000000.0,1000.0,74000000.0,243000000.0,1454000000.0,0.0337754652,404000000.0,0.0093846547,807000000.0,1211000000.0,0.0281307347,396000000.0,826000000.0,0.0191874376,1.38,1.37,598553000,604165000,https://www.sec.gov/Archives/edgar/data/1534701/000153470114000042/0001534701-14-000042-index.htm,https://www.sec.gov/Archives/edgar/data/1534701/000153470114000042/psx-20131231x10k.htm,71.92178470411142,1.3799947540151,1.4986141578105865,0.4577706569008926,9.021757471769416,37.41022098293718,31.07160101110512,36.67177342691458,10.406764313268834,46166392890.0,46921392890.0,13.972879203995156,1.0724149896629422,51.46755060200669,168.490485,2.103252523462414,2.103252523462414,1.089953143859323,32.270559071526826,52.3092451393534,171.24595945255476,0.017891802852523,0.0059350532464785,0.2804100227790432,0.1235993413390096,0.5192572214580468,1.4876653004408011,5.45945945945946,1.1006134969325154,0.0050253005590621,0.2808716707021791,0.0097098655021022,1.3240725684684894e-06,0.0761877987067753,0.6945373467112598,0.0144718808799275,2.5637860082304527,0.0030662733164533,33.74395110779679,0.007370117350417,0.0179549604382227,-21.89446882732189,6306000000.0,18598000000.0,-8169000000.0,25498000000.0,9688000000.0,11917000000.0,4045500000.0,20.137053125508142,26.77953368570739,8.099058249040809,4.46937292358804,3.360775473399459,11.112403100775191,0.037630979498861,1.040843500909694,2014-01-29,1.1,bmo,35209850746.0,2025-04-24,2013-12-31,0.2181818181818181,66.70828125,3395518.6875
2013-09-30,PSX,USD,1534701,2013-10-31,2013-10-31 16:48:33,2013,Q3,44201000000.0,38982000000.0,5219000000.0,0.1180742517,0,354000000.0,0.0,354000000.0,-6000000.0,4972000000.0,43954000000.0,0.0,74000000.0,236000000.0,1111000000.0,0.0251351779,247000000.0,0.0055881089,580000000.0,826000000.0,0.01868736,286000000.0,535000000.0,0.0121037986,0.88,0.87,608934000,614519000,https://www.sec.gov/Archives/edgar/data/1534701/000153470113000022/0001534701-13-000022-index.htm,https://www.sec.gov/Archives/edgar/data/1534701/000153470113000022/psx-2013930x10q.htm,72.58750537825118,0.8785845428240171,3.2006752784374006,2.5240830697579706,9.758036174692169,36.11885688761015,29.64689112448968,35.38971382777115,10.230993835128274,35208563880.0,35422563880.0,16.452599943925232,0.7965558218139861,18.06493785531041,22.907328484059857,1.6338080686774945,1.6338080686774945,0.8013973412366237,31.88349584158416,18.174737752693687,23.04656075471698,0.0151951667731583,0.0436541520193353,0.285661252900232,0.1207461310632956,0.1926192619261926,1.436307901907357,3.3378378378378377,3.609259259259259,0.0053680121871531,0.3532710280373832,0.0080088685776339,0.0,0.0773002765627758,0.211390456644433,0.0093210560847039,1.7457627118644068,0.0,26.44974952132846,0.0044450958675005,0.0113728157816419,-21.957223607156116,6405000000.0,18053000000.0,-7904000000.0,25423000000.0,9768500000.0,12536000000.0,4885000000.0,19.840275106898037,29.42281052793597,10.936586116669233,4.536227422003284,3.058851224105461,8.229259024699177,0.0248259860788863,0.6765922086794299,2013-10-30,0.94,bmo,47697977011.0,2025-04-24,2013-09-30,-0.0744680851063829,57.97625,3757349.65625
2013-06-30,PSX,USD,1534701,2013-08-01,2013-08-01 15:37:55,2013,Q2,43240000000.0,37508000000.0,5732000000.0,0.1325624422,0,374000000.0,0.0,374000000.0,49000000.0,4909000000.0,42417000000.0,0.0,75000000.0,231000000.0,1757000000.0,0.0406336725,823000000.0,0.0190333025,650000000.0,1474000000.0,0.0340888067,514000000.0,958000000.0,0.0221554117,1.55,1.53,619143000,624907000,https://www.sec.gov/Archives/edgar/data/1534701/000153470113000016/0001534701-13-000016-index.htm,https://www.sec.gov/Archives/edgar/data/1534701/000153470113000016/psx-6302013x10q.htm,69.83847027261876,1.547300058306401,1.5634514159087642,0.964236048861087,6.815872908197298,35.03229463952592,28.662199201153857,34.975764887917656,10.56944841498652,36467522700.0,38716522700.0,9.51657690501044,0.8433747155411656,37.67306064049587,61.08462763819095,1.6840232140383282,1.6840232140383282,0.8953867414431083,22.035584917472967,39.99640774793389,64.85179681742044,0.0262699500561358,0.0163707308804938,0.2987300854306164,0.1295639808528109,1.280022766078543,1.4658336308461264,10.973333333333333,1.0083333333333333,0.0052649586751336,0.2004175365344467,0.0086493987049028,0.0,0.0789921688798093,0.3832644628099173,0.0085800185013876,1.606060606060606,0.0,34.894914652907296,0.0149148771444383,0.0208328802870501,-22.866688309485856,6524000000.0,17746000000.0,-7710000000.0,25147000000.0,9851500000.0,12733000000.0,5422000000.0,20.383209990749307,29.580889410259143,12.07662365362056,4.415398754212192,3.0425048669695003,7.452414067156766,0.0442392057261602,0.5992153670476772,2013-07-31,1.83,bmo,52691800000.0,2025-04-24,2013-06-30,-0.180327868852459,62.83453125,4383023.796875
2013-03-31,PSX,USD,1534701,2013-05-02,2013-05-02 15:04:28,2013,Q1,41263000000.0,35509000000.0,5754000000.0,0.1394469622,0,332000000.0,0.0,332000000.0,23000000.0,4634000000.0,40143000000.0,0.0,76000000.0,245000000.0,2393000000.0,0.0579938444,1120000000.0,0.027142961,984000000.0,2081000000.0,0.0504325909,671000000.0,1407000000.0,0.0340983448,2.25,2.23,625030000,631288000,https://www.sec.gov/Archives/edgar/data/1534701/000153470113000009/0001534701-13-000009-index.htm,https://www.sec.gov/Archives/edgar/data/1534701/000153470113000009/psx-3312013x10q.htm,66.01763115370463,2.251091947586516,3.5406300497576115,2.9214597699310434,7.604434987120619,34.20315824840408,27.68987088619746,34.14876085947874,11.274658816376814,43352080800.0,45570080800.0,7.702928358208956,1.0506284274046966,19.5897337550836,23.74155575027382,2.031113230884558,2.031113230884558,1.104381184111674,19.043075971583782,20.591993131495705,24.956232639649507,0.0324551895557456,0.0421202388975063,0.3266023238380809,0.1362827706203202,0.926870037609695,1.415958798742559,14.736842105263158,1.5695035460992908,0.0044749870460658,0.1378820184790334,0.0080459491554176,0.0,0.0795878868448319,0.1748757342973339,0.0093788624191164,1.579591836734694,0.0,41.58870054827007,0.0209556217336708,0.0298853016142735,-23.490072476521128,6219000000.0,17307000000.0,-8603000000.0,25547000000.0,10156500000.0,11924000000.0,4620500000.0,21.615006179870587,33.29916359232871,14.728378720887664,4.163773965691221,2.7027705891307656,6.110652211323353,0.0659201649175412,0.6191702798265684,2013-05-01,1.89,bmo,35565657534.0,2025-04-24,2013-03-31,0.1587301587301587,61.1535,4448191.5
2012-12-31,PSX,USD,1534701,2013-02-22,2013-02-22 13:23:14,2012,Q4,43985000000.0,37812000000.0,6173000000.0,0.1403432989,0,461000000.0,0.0,461000000.0,53000000.0,4969000000.0,42781000000.0,0.0,83000000.0,244000000.0,1564000000.0,0.0355575764,951000000.0,0.0216210072,268000000.0,1219000000.0,0.0277139934,509000000.0,708000000.0,0.0160963965,1.12,1.11,628527000,635634000,https://www.sec.gov/Archives/edgar/data/1534701/000153470113000006/0001534701-13-000006-index.htm,https://www.sec.gov/Archives/edgar/data/1534701/000153470113000006/psx_20121231-10k.htm,69.98108275380373,1.1264432554210082,2.076283119102282,0.6539098559011784,5.527208854989524,33.10279431114336,26.630518657114173,33.05347264318001,11.22783905862437,33374783700.0,36874783700.0,11.78488125,0.7587764851653973,25.574546896551727,81.20385328467154,1.6064877833935018,1.6064877833935018,0.8383490667272934,23.57722742966752,28.25653923371647,89.71966836982968,0.0212136206293975,0.0123146865518112,0.3356919374247894,0.1450710377966842,2.237851662404092,1.4390322063771832,11.457831325301203,1.8380281690140845,0.0047041503373099,0.2217514124293785,0.0104808457428668,0.0,0.084621305098496,0.6850574712643678,0.0203251108332386,3.663934426229509,0.0,28.94372781555515,0.0155573767001689,0.0160890807862742,-22.71302585250912,5480000000.0,16738000000.0,-9305000000.0,24955000000.0,10598000000.0,11488500000.0,4586500000.0,21.28612026827328,25.491907331006036,8.164074896858141,4.228107276747092,3.530532212885154,11.02390670553936,0.0340794223826714,1.4223732632011037,2013-01-30,1.69,bmo,35732621359.0,2025-04-24,2012-12-31,0.2189349112426036,48.74209677419355,4371358.580645162
2012-09-30,PSX,USD,1534701,2012-11-01,2012-11-01 17:31:08,2012,Q3,42948000000.0,37073000000.0,5875000000.0,0.1367933315,0,432000000.0,0.0,432000000.0,452000.0,4078000000.0,41151000000.0,0.0,74000000.0,229000000.0,2759000000.0,0.0642404769,1797000000.0,0.0418412965,648000000.0,2449000000.0,0.0570224457,848000000.0,1599000000.0,0.0372310701,2.53,2.51,630672000,637913000,https://www.sec.gov/Archives/edgar/data/1534701/000119312512446999/0001193125-12-446999-index.htm,https://www.sec.gov/Archives/edgar/data/1534701/000119312512446999/d404491d10q.htm,68.09878986224219,2.535390821219271,3.0412004972473805,2.5036786158256588,7.024253494685034,32.673085217038334,26.21965141943831,32.62076007813887,12.767333891468148,29364088320.0,32912088320.0,4.591008180112571,0.683712590108969,15.309743649635038,18.596636048131728,1.4273119292276286,1.4273119292276286,0.7663241203315637,11.928991779630302,17.1595872367049,20.843627815072832,0.0544542702151905,0.0537731661474583,0.3877898216108492,0.1527474631437871,1.2859731786879305,1.334859025997803,24.283783783783782,1.198001249219238,0.0042569004233263,0.0781738586616635,0.0100586756077116,0.0,0.0779245644265747,0.1767466110531804,0.0078932662754959,1.480349344978166,0.0,43.138074283334205,0.0322480437371358,0.0332018272425249,-25.73088705380927,5487000000.0,16536000000.0,-9751000000.0,24868000000.0,10003000000.0,11364500000.0,5619500000.0,22.6173512154233,29.77989372319478,13.941952364254307,3.979245807467803,3.0221733105078665,6.455336931917117,0.0777232294755261,0.5375218814217216,2012-10-31,2.35,bmo,33980050505.0,2025-04-24,2012-09-30,0.2638297872340426,40.297936507936505,3833572.063492064
2012-06-30,PSX,USD,1534701,2012-08-03,2012-08-03 16:35:20,2012,Q2,47012000000.0,41382000000.0,5630000000.0,0.1197566579,0,480000000.0,0.0,480000000.0,504000.0,4185000000.0,45567000000.0,0.0,83000000.0,224000000.0,2207000000.0,0.0469454607,1445000000.0,0.0307368331,708000000.0,1894000000.0,0.0402875861,712000000.0,1181000000.0,0.0251212456,1.88,1.86,628510000,635157000,https://www.sec.gov/Archives/edgar/data/1534701/000119312512334961/0001193125-12-334961-index.htm,https://www.sec.gov/Archives/edgar/data/1534701/000119312512334961/d361347d10q.htm,74.79912809660944,1.879047270528711,2.281586609600484,1.8519991726464176,4.938664460390447,30.196814688708216,23.71799971360837,30.14749168668756,12.838300106601327,20891672400.0,25773672400.0,4.422453937341237,0.4443902067557219,14.56880920502092,17.948172164948453,1.1025792906903105,1.1025792906903105,0.5482360333531864,11.678147893067512,17.973272245467225,22.14233024054983,0.0565297012794437,0.0557159799231774,0.4214692843571881,0.1644055584148224,2.2120525600362484,1.2891239301370816,17.40963855421687,1.2131979695431472,0.0,0.0,0.0102101591083127,0.0,0.0838291302110139,0.1882845188284518,0.0057432144984259,1.2053571428571428,0.0,35.701437565748506,0.0259179704180143,0.0265375367952722,-26.784378927940686,4155000000.0,14907000000.0,-11070000000.0,23396000000.0,10266500000.0,11638000000.0,5268000000.0,17.63741172466604,22.75337103088299,11.953023053501523,5.102789536524476,3.9554578474479065,7.529475982532751,0.0623284779396242,0.429587436954066,2012-08-01,1.78,bmo,37313748878.0,2025-04-24,2012-06-30,0.2528089887640449,32.76107142857143,5066187.214285715
2012-03-31,PSX,USD,1534701,2012-05-16,2012-05-16 12:00:29,2012,Q1,45786000000.0,41420000000.0,4366000000.0,0.0953566592,0,349000000.0,0.0,349000000.0,743000000.0,3990000000.0,45410000000.0,0.0,13000000.0,216000000.0,1303000000.0,0.0284584808,376000000.0,0.0082121172,691000000.0,1069000000.0,0.0233477482,431000000.0,636000000.0,0.013890709,0.99,0.99,640000000,640000000,https://www.sec.gov/Archives/edgar/data/1534701/000119312512236055/0001193125-12-236055-index.htm,https://www.sec.gov/Archives/edgar/data/1534701/000119312512236055/d313009d10q.htm,71.540625,0.99375,-0.5640625,-0.9046875,0.0,38.9734375,32.63125,38.925,9.6734375,21760000000.0,27938000000.0,8.553459119496855,0.4752544445900493,-60.27700831024931,-37.58203799654577,0.8734746307000643,0.8734746307000643,0.6101865198969117,21.441289332310053,-77.39058171745152,-48.252158894645945,0.0292279411764705,-0.0266084558823529,0.2479929351316634,0.1165704366202498,4.74136607828089,1.5720500271886897,28.923076923076923,-0.5658307210031348,0.0,0.0,0.0076224173328091,0.0,0.0765877957658779,-0.6038781163434903,0.0047612807408378,1.0092592592592593,0.0,29.50150287485368,0.0058297382899815,0.0129957702445902,-26.6328125,8416000000.0,20884000000.0,-4927000000.0,27329000000.0,10672500000.0,11803000000.0,4253000000.0,22.25134320534661,27.8430709802028,10.951231289232256,4.044699646643109,3.232402060246605,8.218253968253968,0.0255298651252408,0.340625,2012-05-16,,bmo,,2025-04-24,2012-03-31,,,
2011-12-31,PSX,USD,1534701,2011-12-31,2011-12-30 19:00:00,2011,Q4,49935000000.0,43969000000.0,5966000000.0,0.1194753179,0,367000000.0,0.0,367000000.0,0.0,4116000000.0,48085000000.0,0.0,6000000.0,241000000.0,2598000000.0,0.0520276359,1850000000.0,0.0370481626,501000000.0,2351000000.0,0.0470812056,339000000.0,2011000000.0,0.0402723541,3.14,3.14,640000000,640000000,,,78.0234375,3.1421875,4.2671875,3.690625,0.0,36.3953125,30.0453125,36.35,0.6203125,21760000000.0,22151000000.0,2.705121829935356,0.435766496445379,7.9677773709264,9.212531752751906,0.9353507565337,0.9353507565337,0.4435966756783819,8.526173979984604,8.110948370560234,9.378069432684166,0.0924172794117647,0.108547794117647,0.0168070839064649,0.0090486218786882,0.1505003849114703,1.1262919896640826,308.3333333333333,1.3573558648111332,0.0,0.0,0.0073495544207469,0.0,0.0940501261252921,0.1351153423654339,0.0073896064884349,1.5311203319502074,0.0,50.69434486767237,0.0513089792905507,0.0513704753876414,-16.666015625,1564000000.0,19229000000.0,-5970000000.0,20399000000.0,10457000000.0,11620000000.0,4807000000.0,18.06848903574647,22.090108940389825,7.09454388319043,4.981047381546135,4.074221645663455,12.685804962492789,0.0864425722145804,0.5765625,2012-05-16,1.02,bmo,44888235294.0,2025-04-24,2011-12-31,0.0196078431372549,,
2011-09-30,PSX,USD,1534701,2011-09-30,2011-09-29 20:00:00,2011,Q3,50407000000.0,44932000000.0,5475000000.0,0.1086158668,0,0.0,0.0,372000000.0,0.0,4273000000.0,49205000000.0,0.0,4000000.0,222000000.0,1776000000.0,0.0352332017,1202000000.0,0.0238458944,348000000.0,1550000000.0,0.0307496975,499000000.0,1049000000.0,0.0208106017,1.64,1.64,640000000,640000000,,,78.7609375,1.6390625,1.1515625,0.7453125,0.0,41.20625,34.403125,41.1625,0.6265625,21760000000.0,22157000000.0,5.185891325071497,0.431686075346678,29.52510176390773,45.61844863731656,0.8259945338597023,0.8259945338597023,0.4395619656000158,12.475788288288287,30.06377204884668,46.45073375262054,0.0482077205882352,0.0219209558823529,0.0150698451260249,0.0082841224464244,0.223536036036036,1.2449591850973278,300.5,0.7012369172216937,0.0,0.0,0.0,0.0,0.0908540784174613,0.3527815468113975,0.005158013767929,1.1711711711711712,0.0,38.96187852909078,0.0242410787099844,0.0240767518189538,-16.109765625,3511000000.0,22018000000.0,-3707000000.0,22517000000.0,,,,19.44194258733906,24.933677557197544,12.314608742099171,4.629167049315823,3.6095758354755785,7.308392973324659,0.0398193136957181,0.40625,2011-09-29,,bmo,,2025-04-24,2011-09-30,,,
2011-06-30,PSX,USD,1534701,2011-06-30,2011-06-29 20:00:00,2011,Q2,52646000000.0,47618000000.0,5028000000.0,0.0955058314,0,0.0,0.0,347000000.0,0.0,4210000000.0,51828000000.0,0.0,3000000.0,226000000.0,1857000000.0,0.0352733351,818000000.0,0.0155377427,810000000.0,1628000000.0,0.030923527,588000000.0,1039000000.0,0.0197355924,1.62,1.62,640000000,640000000,,,82.259375,1.6234375,4.746875,4.390625,,,,,,21760000000.0,,5.235803657362848,0.413326748470919,7.162606978275181,7.743772241992883,0.0,0.0,,,,,0.0477481617647058,0.1291360294117647,0.0,0.0,,0.0,272.6666666666667,2.921153846153846,0.0,0.0,0.0,0.0,0.0,0.075049374588545,0.0043308133571401,1.008849557522124,0.0,,0.0,0.0,,,,,,,,,,,,0.0,0.0,0.0,0.0,0.35625,2011-06-29,,bmo,,2025-04-24,2011-06-30,,,
2011-03-31,PSX,USD,1534701,2011-03-31,2011-03-30 20:00:00,2011,Q1,44783000000.0,40390000000.0,4393000000.0,0.0980952594,0,0.0,0.0,323000000.0,0.0,4027000000.0,44417000000.0,0.0,4000000.0,219000000.0,1318000000.0,0.0294308108,366000000.0,0.0081727441,729000000.0,1095000000.0,0.0244512427,418000000.0,676000000.0,0.0150950137,1.06,1.06,640000000,640000000,,,69.9734375,1.05625,-2.34375,-2.6015625,,,,,,21760000000.0,,8.04733727810651,0.4858986669048523,-14.506666666666666,-13.06906906906907,0.0,0.0,,,,,0.0310661764705882,-0.076516544117647,0.0,0.0,,0.0,91.5,-2.2156573116691285,0.0,0.0,0.0,0.0,0.0,-0.11,0.0036844338253355,0.7534246575342466,0.0,,0.0,0.0,,,,,,,,,,,,0.0,0.0,0.0,0.0,0.2578125,2011-03-30,,bmo,,2025-04-24,2011-03-31,,,
2010-12-31,PSX,USD,1534701,2010-12-31,2010-12-30 19:00:00,2010,Q4,41113000000.0,37021000000.0,4092000000.0,0.0995305621,0,0.0,0.0,402000000.0,0.0,4198000000.0,41219000000.0,42000000.0,1000000.0,220000000.0,666000000.0,0.0161992557,-106000000.0,-0.0025782599,551000000.0,445000000.0,0.010823827,157000000.0,287000000.0,0.0069807603,0.45,0.45,640000000,640000000,,,64.2390625,0.4484375,4.0671875,3.4140625,0.0,40.665625,33.775,40.6265625,0.653125,21760000000.0,22177000000.0,18.954703832752617,0.5292729793495975,8.359585094122167,9.958810068649884,0.8368908888119688,0.8368908888119688,0.5394157565733466,33.2987987987988,8.5197848636189,10.149656750572085,0.0131893382352941,0.1004136029411764,0.0160378446982808,0.0092759426092759,0.6261261261261262,1.1760377509397744,-106.0,9.038194444444445,0.0,0.0,0.0,0.0,0.0980980980980981,0.1605839416058394,0.0101671004305207,1.9,0.0,20.24637418711334,-0.0021120731255506,0.0070785546923171,-14.394921875,2201000000.0,21616000000.0,-4225000000.0,22020000000.0,,,,22.357161968233893,23.85835066583831,9.998919532157425,4.025555664349358,3.772264112492358,9.00097252613664,0.0110380369985769,0.653125,2010-12-30,,bmo,,2025-04-24,2010-12-31,,,
