date,symbol,reportedCurrency,cik,fillingDate,acceptedDate,calendarYear,period,revenue,costOfRevenue,grossProfit,grossProfitRatio,researchAndDevelopmentExpenses,generalAndAdministrativeExpenses,sellingAndMarketingExpenses,sellingGeneralAndAdministrativeExpenses,otherExpenses,operatingExpenses,costAndExpenses,interestIncome,interestExpense,depreciationAndAmortization,ebitda,ebitdaratio,operatingIncome,operatingIncomeRatio,totalOtherIncomeExpensesNet,incomeBeforeTax,incomeBeforeTaxRatio,incomeTaxExpense,netIncome,netIncomeRatio,eps,epsdiluted,weightedAverageShsOut,weightedAverageShsOutDil,link,finalLink,revenuePerShare,netIncomePerShare,operatingCashFlowPerShare,freeCashFlowPerShare,cashPerShare,bookValuePerShare,tangibleBookValuePerShare,shareholdersEquityPerShare,interestDebtPerShare,marketCap,enterpriseValue,peRatio,priceToSalesRatio,pocfratio,pfcfRatio,pbRatio,ptbRatio,evToSales,enterpriseValueOverEBITDA,evToOperatingCashFlow,evToFreeCashFlow,earningsYield,freeCashFlowYield,debtToEquity,debtToAssets,netDebtToEBITDA,currentRatio,interestCoverage,incomeQuality,dividendYield,payoutRatio,salesGeneralAndAdministrativeToRevenue,researchAndDdevelopementToRevenue,intangiblesToTotalAssets,capexToOperatingCashFlow,capexToRevenue,capexToDepreciation,stockBasedCompensationToRevenue,grahamNumber,roic,returnOnTangibleAssets,grahamNetNet,workingCapital,tangibleAssetValue,netCurrentAssetValue,investedCapital,averageReceivables,averagePayables,averageInventory,daysSalesOutstanding,daysPayablesOutstanding,daysOfInventoryOnHand,receivablesTurnover,payablesTurnover,inventoryTurnover,roe,capexPerShare,report_date,epsEstimated,time,revenueEstimated,updatedFromDate,fiscalDateEnding,surprise(%),QuarterAvgPrice,QuarterAvgVolume
2025-03-31,PYPL,USD,1633917,2025-04-29,2025-04-29 16:54:06,2025,Q1,7791000000.0,4075000000.0,3716000000.0,0.4769605956,731000000,503000000.0,488000000.0,991000000.0,464000000.0,2186000000.0,6261000000.0,0.0,0.0,0.0,1951000000.0,0.250417148,1530000000.0,0.196380439,73000000.0,1603000000.0,0.2057502246,316000000.0,1287000000.0,0.1651906045,1.31,1.29,986000000,999000000,https://www.sec.gov/Archives/edgar/data/1633917/000163391725000064/0001633917-25-000064-index.htm,https://www.sec.gov/Archives/edgar/data/1633917/000163391725000064/pypl-20250331.htm,7.901622718052739,1.3052738336713996,1.1764705882352942,0.977687626774848,11.370182555780932,20.54158215010142,9.176470588235292,20.54158215010142,11.579107505070994,64336500000.0,68304500000.0,12.497377622377622,8.257797458606085,55.4625,66.73910788381743,3.176483657549126,3.176483657549126,8.767103067642152,35.00999487442337,58.883189655172416,70.85529045643153,0.0200041966846191,0.0149837184180053,0.5636911227411869,0.140475428796417,2.033828805740646,1.3000514778430785,0.0,0.9013209013209014,0.0,0.0,0.0645616737260942,0.0938262097291746,0.1378792725840982,0.1689655172413793,0.0251572327044025,0.8,0.0319599537928378,24.56173381220521,0.0354493396565613,0.0183678712108237,-14.376267748478702,13989000000.0,9048000000.0,-409000000.0,26732000000.0,46565000000.0,40639000000.0,0.0,548.8486715440893,913.914110429448,0.0,0.1639796261996969,0.098477525374577,0.0,0.0635430038510911,0.1987829614604462,2025-04-29,1.16,bmo,7849068671.0,2025-05-11,2025-03-31,0.1465517241379312,77.90041666666666,11672344.45
2024-12-31,PYPL,USD,1633917,2025-02-04,2025-02-04 17:25:36,2024,Q4,8366000000.0,4431000000.0,3935000000.0,0.4703562037,773000000,594000000.0,626000000.0,1220000000.0,501000000.0,2494000000.0,6925000000.0,148000000.0,97000000.0,249000000.0,1756000000.0,0.209897203,1441000000.0,0.1722448004,-31000000.0,1410000000.0,0.1685393258,289000000.0,1121000000.0,0.1339947406,1.12,1.11,997000000,1014000000,https://www.sec.gov/Archives/edgar/data/1633917/000163391725000019/0001633917-25-000019-index.htm,https://www.sec.gov/Archives/edgar/data/1633917/000163391725000019/pypl-20241231.htm,8.391173520561685,1.1243731193580742,2.4012036108324977,2.197592778335005,10.8555667001003,20.478435305917756,9.28184553660983,20.478435305917756,10.006018054162489,85093950000.0,88411950000.0,18.977241302408565,10.171402103753287,35.544674185463656,38.837950707439525,4.167798893079296,4.167798893079296,10.56800741094908,50.348490888382685,36.93063909774436,40.35232770424464,0.0131736745091748,0.0257480114626245,0.4838614879757065,0.1210498584749604,1.889521640091116,1.2628576153464528,14.855670103092784,2.135593220338983,0.0,0.0,0.0710016734401147,0.0923978006215634,0.1367830316991582,0.0847953216374269,0.0242648816638776,0.8152610441767069,0.0338273966053071,22.761185143813652,0.0344710726430203,0.0159124460595048,-16.206118355065197,12716000000.0,9254000000.0,-102000000.0,25387000000.0,46156000000.0,40622500000.0,0.0,490.75065742290224,810.3859174001353,0.0,0.1833925204962953,0.1110581984059351,0.0,0.0549052260371259,0.2036108324974924,2025-02-04,1.11,bmo,8257676170.0,2025-05-04,2024-12-31,0.0720720720720719,84.075625,9237359.53125
2024-09-30,PYPL,USD,1633917,2024-10-29,2024-10-29 16:55:06,2024,Q3,7847000000.0,4193000000.0,3654000000.0,0.4656556646,746000000,519000000.0,508000000.0,1027000000.0,490000000.0,2263000000.0,6456000000.0,183000000.0,106000000.0,255000000.0,1672000000.0,0.2130750605,1391000000.0,0.1772651969,-80000000.0,1311000000.0,0.1670702179,301000000.0,1010000000.0,0.1287116095,1.0,0.99,1015000000,1024000000,https://www.sec.gov/Archives/edgar/data/1633917/000163391724000110/0001633917-24-000110-index.htm,https://www.sec.gov/Archives/edgar/data/1633917/000163391724000110/pypl-20240930.htm,7.731034482758621,0.9950738916256158,1.5901477832512316,1.4236453201970445,11.741871921182266,19.87586206896552,8.655172413793103,19.87586206896552,9.933004926108374,79200450000.0,81904450000.0,19.604071782178217,10.093086529884031,49.070910780669145,54.81,3.9258674531575295,3.9258674531575295,10.43767681916656,48.985915071770336,50.74625154894672,56.68128027681661,0.012752452795407,0.0182448458310527,0.49449786854367,0.1194573170001556,1.6172248803827751,1.2467772738123657,13.12264150943396,1.598019801980198,0.0,0.0,0.0661399260864024,0.0950681789218809,0.1363772437163966,0.1047087980173482,0.021536893080158,0.6627450980392157,0.0361921753536383,21.09511571225762,0.0322363307079347,0.0140040486952663,-16.15615763546798,12405000000.0,8785000000.0,-664000000.0,25290000000.0,46048000000.0,41603500000.0,0.0,535.5498916783483,887.4862866682566,0.0,0.1680515697948344,0.1014100176554526,0.0,0.0500644393774164,0.1665024630541872,2024-10-29,1.07,bmo,7887792033.0,2025-04-25,2024-09-30,0.1214953271028036,66.88671875,12186818.796875
2024-06-30,PYPL,USD,1633917,2024-07-30,2024-07-30 16:52:08,2024,Q2,7862000000.0,4713000000.0,3149000000.0,0.4005342152,718000000,570000000.0,446000000.0,1016000000.0,8000000.0,1734000000.0,6447000000.0,165000000.0,93000000.0,263000000.0,1671000000.0,0.2125413381,1415000000.0,0.1799796489,74000000.0,1399000000.0,0.1779445434,271000000.0,1128000000.0,0.1434749428,1.08,1.08,1042000000,1047000000,https://www.sec.gov/Archives/edgar/data/1633917/000163391724000098/0001633917-24-000098-index.htm,https://www.sec.gov/Archives/edgar/data/1633917/000163391724000098/pypl-20240630.htm,7.54510556621881,1.0825335892514396,1.463531669865643,1.3128598848368522,13.06717850287908,19.790786948176585,9.023992322456811,19.790786948176585,12.491362763915546,60238020000.0,65457020000.0,13.350625,7.661920630882727,39.50034098360656,44.03364035087719,2.921056153622345,2.921056153622345,8.325746629356399,39.17236385397965,42.92263606557377,47.84869883040936,0.0187257150882449,0.0227099097878715,0.6266608476384444,0.1538159398209864,3.12327947336924,1.24173288900282,15.21505376344086,1.3519503546099292,0.0,0.0,0.0725006359704909,0.0913253625031798,0.1335340887450009,0.1029508196721311,0.0199694734164334,0.596958174904943,0.0396845586364792,21.955507547201076,0.0342581942562728,0.0154951440306606,-15.0926103646833,12259000000.0,9403000000.0,-422000000.0,25540000000.0,23255000000.0,20984000000.0,-2209000000.0,519.7379801577207,799.3634627625717,0.0,0.1731641777895247,0.1125895843287147,0.0,0.0546988652894966,0.1506717850287907,2024-07-30,0.99,bmo,7822907579.0,2025-04-25,2024-06-30,0.202020202020202,63.605873015873016,11828759.492063493
2024-03-31,PYPL,USD,1633917,2024-04-30,2024-04-30 16:49:48,2024,Q1,7699000000.0,4692000000.0,3007000000.0,0.3905702039,742000000,464000000.0,421000000.0,885000000.0,10000000.0,1627000000.0,6319000000.0,166000000.0,86000000.0,265000000.0,1560000000.0,0.2026237174,1380000000.0,0.1792440577,-171000000.0,1209000000.0,0.157033381,321000000.0,888000000.0,0.1153396545,0.83,0.83,1064000000,1072000000,https://www.sec.gov/Archives/edgar/data/1633917/000163391724000048/0001633917-24-000048-index.htm,https://www.sec.gov/Archives/edgar/data/1633917/000163391724000048/pypl-20240331.htm,7.235902255639098,0.8345864661654135,1.8016917293233083,1.656954887218045,13.456766917293232,19.456766917293237,8.760338345864662,19.456766917293237,9.181390977443607,69191920000.0,69181920000.0,19.47970720720721,8.9871307962073,36.093854981742304,39.24669313669881,3.3422819051299397,3.3422819051299397,8.985831926224185,44.34738461538461,36.08863849765258,39.241020986954055,0.012833868463254,0.0254798537170236,0.4677325862235533,0.1161769469806951,-0.0064102564102564,1.2780564137543635,16.046511627906977,2.158783783783784,0.0,0.0,0.0602675672165216,0.09637615274711,0.1365496058646382,0.0803338549817423,0.0200025977399662,0.5811320754716981,0.0444213534225224,19.114470245116067,0.0302557540040099,0.0123391601589639,-46.715225563909776,13860000000.0,9321000000.0,1061000000.0,26667000000.0,23554000000.0,21091000000.0,-2207500000.0,12.95233147161969,2.071611253196931,-84.74424552429667,6.9485559566787005,43.44444444444444,-1.0620190131281122,0.0428944063375519,0.1447368421052631,2024-04-30,1.22,bmo,7515933910.0,2025-04-25,2024-03-31,0.1475409836065573,61.37409836065574,18348907.147540983
2023-12-31,PYPL,USD,1633917,2024-02-08,2024-02-07 19:35:06,2023,Q4,8026000000.0,4354000000.0,3672000000.0,0.4575130825,770000000,554000000.0,466000000.0,1020000000.0,465000000.0,2255000000.0,6609000000.0,132000000.0,87000000.0,263000000.0,1645000000.0,0.2049588836,1728000000.0,0.2153002741,65000000.0,1793000000.0,0.2233989534,391000000.0,1402000000.0,0.1746822826,1.3,1.29,1077000000,1084000000,https://www.sec.gov/Archives/edgar/data/1633917/000163391724000024/0001633917-24-000024-index.htm,https://www.sec.gov/Archives/edgar/data/1633917/000163391724000024/pypl-20231231.htm,7.452181987000928,1.3017641597028784,2.42711234911792,2.292479108635097,13.051996285979572,19.54596100278551,8.809656453110492,19.54596100278551,9.064995357474466,66138570000.0,66733570000.0,11.793610912981451,8.240539496635932,25.301671767406276,26.787594167679224,3.141825566481402,3.141825566481402,8.314673560926988,40.567519756838905,25.529292272379497,27.02858242203321,0.0211979182495176,0.0373307133795,0.4596456225357465,0.1177616045566292,0.3617021276595745,1.2909874963892214,19.86206896551724,1.8644793152639088,0.0,0.0,0.0690256665836032,0.0959382008472464,0.1407273081323175,0.0554705432287681,0.0180662845751308,0.5513307984790875,0.0502118116122601,23.926872105615207,0.0400942008238434,0.0198575131368355,-11.658774373259051,14103000000.0,9488000000.0,1454000000.0,27154000000.0,44430000000.0,40423000000.0,1087000000.0,515.8235733864939,869.6968305006891,0.0620119430408819,0.1744782608695652,0.1034843371203118,1451.3333333333333,0.0666001615125172,0.1346332404828226,2024-02-07,1.36,amc,7871790000.0,2025-04-25,2023-12-31,0.0882352941176469,57.28071428571428,15662740.07936508
2023-09-30,PYPL,USD,1633917,2023-11-02,2023-11-01 19:36:59,2023,Q3,7418000000.0,4049000000.0,3369000000.0,0.4541655433,739000000,507000000.0,442000000.0,949000000.0,474000000.0,2162000000.0,6211000000.0,124000000.0,86000000.0,270000000.0,1456000000.0,0.1962793206,1168000000.0,0.1574548396,73000000.0,1241000000.0,0.1672957671,221000000.0,1020000000.0,0.1375033702,0.93,0.93,1094000000,1098000000,https://www.sec.gov/Archives/edgar/data/1633917/000163391723000156/0001633917-23-000156-index.htm,https://www.sec.gov/Archives/edgar/data/1633917/000163391723000156/pypl-20230930.htm,6.780621572212066,0.9323583180987204,1.1508226691042047,1.006398537477148,10.549360146252283,18.043875685557587,7.53290676416819,18.043875685557587,9.80438756855576,63955240000.0,67779240000.0,15.675303921568627,8.62162847128606,50.798443208895954,58.08831970935513,3.239880445795339,3.239880445795339,9.1371313022378,46.551675824175824,53.83577442414615,61.56152588555858,0.0159486540899541,0.0172151648559211,0.5390070921985816,0.1391941391941392,2.6263736263736264,1.303692279360987,13.581395348837209,1.234313725490196,0.0,0.0,0.0683472634133189,0.0996225397681315,0.1504317111459968,0.1254964257347101,0.0212995416554327,0.5851851851851851,0.0531140469129145,19.455732977423377,0.0290926722831686,0.015706564420012,-10.903564899451554,13193000000.0,8241000000.0,-65000000.0,26221000000.0,42440500000.0,38151000000.0,1091000000.0,520.0053922890266,861.812793282292,48.25635959496172,0.1730751283247783,0.1044310327040132,1.8650391524643024,0.0516717325227963,0.1444241316270566,2023-11-01,1.22,amc,6962580000.0,2025-04-25,2023-09-30,0.0655737704918033,65.11746031746031,15165194.76190476
2023-06-30,PYPL,USD,1633917,2023-08-03,2023-08-02 19:24:53,2023,Q2,7287000000.0,3939000000.0,3348000000.0,0.4594483326,743000000,491000000.0,465000000.0,956000000.0,492000000.0,2191000000.0,6130000000.0,116000000.0,87000000.0,269000000.0,1392000000.0,0.1910251132,1133000000.0,0.1554823659,170000000.0,1303000000.0,0.1788115823,274000000.0,1029000000.0,0.1412103746,0.93,0.92,1111000000,1114000000,https://www.sec.gov/Archives/edgar/data/1633917/000163391723000117/0001633917-23-000117-index.htm,https://www.sec.gov/Archives/edgar/data/1633917/000163391723000117/pypl-20230630.htm,6.558955895589559,0.9261926192619262,-0.18001800180018,-0.315031503150315,8.902790279027903,17.696669666966695,7.159315931593159,17.696669666966695,9.573357335733574,74137030000.0,79182030000.0,18.0119120505345,10.173875394538218,-370.68515,-211.8200857142857,3.770765983418952,3.770765983418952,10.866204199258954,56.88364224137931,-395.91015,-226.23437142857145,0.0138797035705368,-0.0047209876090261,0.5365444280555415,0.1414473243138148,3.6242816091954015,1.296282990851176,13.022988505747126,-0.1943634596695821,0.0,0.0,0.0673802662275284,0.1019623987923699,0.1569744834336743,-0.75,0.0205846027171675,0.5576208178438662,0.0515987374777,19.20382276263952,0.0272581347514289,0.0163665860796539,-12.156390639063906,12371000000.0,7954000000.0,-793000000.0,25667000000.0,42879500000.0,38349000000.0,12000000.0,518.9913544668588,857.5019040365576,0.2513328255902513,0.1734132933533233,0.1049560351718625,358.09090909090907,0.052337114083719,0.135013501350135,2023-08-02,1.16,amc,7272610000.0,2025-04-25,2023-06-30,0.0,68.1741129032258,17115512.51612903
2023-03-31,PYPL,USD,1633917,2023-05-09,2023-05-08 19:11:44,2023,Q1,7040000000.0,3725000000.0,3315000000.0,0.4708806818,721000000,507000000.0,436000000.0,943000000.0,488000000.0,2152000000.0,5877000000.0,108000000.0,87000000.0,270000000.0,1433000000.0,0.2035511364,999000000.0,0.1419034091,75000000.0,1074000000.0,0.1525568182,279000000.0,795000000.0,0.1129261364,0.7,0.7,1129000000,1134000000,https://www.sec.gov/Archives/edgar/data/1633917/000163391723000072/0001633917-23-000072-index.htm,https://www.sec.gov/Archives/edgar/data/1633917/000163391723000072/pypl-20230331.htm,6.235606731620903,0.704162976085031,1.0363153232949514,0.8857395925597874,9.430469441984055,17.58901682905226,7.026572187776794,17.58901682905226,9.360496014171831,85736260000.0,89116260000.0,26.961088050314466,12.178446022727274,73.2788547008547,85.73626,4.317467015812267,4.317467015812267,12.658559659090908,62.18859734822052,76.1677435897436,89.11626,0.0092726228085993,0.0116636764888041,0.5277973612649813,0.1357888736299329,2.358688066992324,1.288118608941219,11.482758620689657,1.471698113207547,0.0,0.0,0.0720170454545454,0.1024147727272727,0.1544969294949861,0.1452991452991453,0.0241477272727272,0.6296296296296297,0.0507102272727272,16.693547400926818,0.0222220524753873,0.0121818544000245,-12.286093888396811,12651000000.0,7933000000.0,-768000000.0,26209000000.0,44198000000.0,39654000000.0,15000000.0,559.1505681818181,946.3409395973156,0.3140939597315436,0.1609584343134116,0.0951031454248366,286.53846153846155,0.0400342431261959,0.1505757307351638,2023-05-08,1.1,amc,6976500000.0,2025-04-25,2023-03-31,0.0636363636363634,77.02016129032258,13202175.725806452
2022-12-31,PYPL,USD,1633917,2023-02-10,2023-02-09 19:38:19,2022,Q4,7383000000.0,3712000000.0,3671000000.0,0.4972233509,822000000,515000000.0,524000000.0,1039000000.0,541000000.0,2402000000.0,6114000000.0,84000000.0,89000000.0,326000000.0,1594000000.0,0.2159013951,1244000000.0,0.1684951917,-134000000.0,1110000000.0,0.1503453881,189000000.0,921000000.0,0.1247460382,0.81,0.81,1139000000,1144000000,https://www.sec.gov/Archives/edgar/data/1633917/000163391723000033/0001633917-23-000033-index.htm,https://www.sec.gov/Archives/edgar/data/1633917/000163391723000033/pypl-20221231.htm,6.482001755926251,0.8086040386303776,1.015803336259877,0.8770851624231782,9.526777875329236,17.79982440737489,7.266900790166813,17.79982440737489,9.223880597014926,81119580000.0,83760580000.0,22.01942996742671,10.987346607070297,70.11199654278306,81.20078078078078,4.001163065995857,4.001163065995857,11.345060273601517,52.54741530740276,72.39462402765774,83.84442442442442,0.0113536090793369,0.0123151525192807,0.5138107921475782,0.1323348196704651,1.6568381430363863,1.275293230748764,13.97752808988764,1.256243213897937,0.0,0.0,0.0697548422050657,0.1113368549370174,0.1524067228171805,0.1365600691443388,0.021400514695923,0.4846625766871165,0.0417174590274956,17.995630658887322,0.0307051339773852,0.0138039568345323,-12.370500438981562,12416000000.0,8277000000.0,-926000000.0,26143000000.0,43186500000.0,39039000000.0,19000000.0,544.3884599756198,973.2219827586206,0.412176724137931,0.165323122396883,0.0924763328350772,218.35294117647052,0.0454276413139982,0.1387181738366988,2023-02-09,1.2,amc,7390586776.0,2025-04-25,2022-12-31,0.0333333333333333,80.03571428571429,14991097.587301588
2022-09-30,PYPL,USD,1633917,2022-11-04,2022-11-03 19:29:22,2022,Q3,6846000000.0,3355000000.0,3491000000.0,0.5099328075,801000000,463000000.0,544000000.0,1007000000.0,509000000.0,2317000000.0,5672000000.0,48000000.0,87000000.0,330000000.0,1500000000.0,0.2191060473,1118000000.0,0.1633070406,460000000.0,1578000000.0,0.2304995618,248000000.0,1330000000.0,0.1942740286,1.15,1.15,1154000000,1157000000,https://www.sec.gov/Archives/edgar/data/1633917/000163391722000167/0001633917-22-000167-index.htm,https://www.sec.gov/Archives/edgar/data/1633917/000163391722000167/pypl-20220930.htm,5.932409012131716,1.1525129982668978,1.5207972270363952,1.3630849220103989,9.383015597920275,17.559792027729635,7.240901213171577,17.559792027729635,9.311958405545926,99324779999.99998,103324779999.99998,18.670071428571426,14.50843996494303,56.59531623931623,63.143534647171,4.901538689301224,4.901538689301224,15.09272275781478,68.88318666666666,58.87451851851851,65.68644628099173,0.0133904147585325,0.0158369341467456,0.5260067114093959,0.1394518218093805,2.6666666666666665,1.2747524752475248,12.850574712643676,1.3195488721804511,0.0,0.0,0.067630733274905,0.1170026292725679,0.1557925034342905,0.1037037037037037,0.0265848670756646,0.5515151515151515,0.034910896874087,21.338989961417848,0.0280236146644616,0.0206115269577076,-12.17179376083189,11877000000.0,8356000000.0,-1066000000.0,25558000000.0,42776000000.0,39157500000.0,21500000.0,548.4005258545136,1017.71087928465,0.5633383010432191,0.1641136281912981,0.0884337603458274,159.76190476190476,0.0656336360047374,0.1577123050259965,2022-11-03,0.96,amc,6820581587.0,2025-04-25,2022-09-30,0.1250000000000001,88.67296875,13560827.6875
2022-06-30,PYPL,USD,1633917,2022-08-03,2022-08-02 19:32:26,2022,Q2,6806000000.0,3492000000.0,3314000000.0,0.486923303,815000000,514000000.0,595000000.0,1109000000.0,536000000.0,2460000000.0,5952000000.0,27000000.0,69000000.0,333000000.0,1187000000.0,0.1744049368,764000000.0,0.1122538936,-715000000.0,49000000.0,0.0071995298,390000000.0,-341000000.0,-0.0501028504,-0.29,-0.29,1158000000,1158000000,https://www.sec.gov/Archives/edgar/data/1633917/000163391722000137/0001633917-22-000137-index.htm,https://www.sec.gov/Archives/edgar/data/1633917/000163391722000137/pypl-20220630.htm,5.877374784110535,-0.2944732297063903,1.079447322970639,0.9283246977547496,8.01727115716753,17.069948186528496,6.580310880829016,17.069948186528496,9.227115716753024,80874720000.0,86907720000.0,-59.292316715542526,11.882856303261828,64.69977600000001,75.2322976744186,4.091400819547732,4.091400819547732,12.769280047017338,73.21627632687448,69.526176,80.84439069767441,-0.0042163979053034,0.0132921634844609,0.5370567106794152,0.1364349055391338,5.082561078348778,1.2252356137044018,11.07246376811594,-3.665689149560117,0.0,0.0,0.0755215985894798,0.1197472818101675,0.1561110397121192,0.14,0.0257126065236555,0.5255255255255256,0.0458419042021745,,-0.1604689079325932,-0.0051931833757214,-13.704879101899827,10157000000.0,7620000000.0,-2791000000.0,24136000000.0,43478000000.0,40131500000.0,11000000.0,579.6841022627094,1040.6443298969073,0.5670103092783505,0.1552569747017359,0.0864848800059439,158.72727272727272,-0.0172509738452977,0.1511226252158894,2022-08-02,0.85,amc,6778392158.0,2025-04-25,2022-06-30,0.0941176470588236,86.75258064516129,17245896.741935484
2022-03-31,PYPL,USD,1633917,2022-04-28,2022-04-28 16:49:04,2022,Q1,6483000000.0,3186000000.0,3297000000.0,0.5085608515,815000000,607000000.0,594000000.0,1201000000.0,534000000.0,2550000000.0,5736000000.0,15000000.0,59000000.0,328000000.0,1075000000.0,0.165818294,711000000.0,0.1096714484,-82000000.0,629000000.0,0.0970229832,120000000.0,509000000.0,0.0785130341,0.44,0.43,1163000000,1172000000,https://www.sec.gov/Archives/edgar/data/1633917/000163391722000088/0001633917-22-000088-index.htm,https://www.sec.gov/Archives/edgar/data/1633917/000163391722000088/pypl-20220331.htm,5.574376612209802,0.4376612209802236,1.0464316423043851,0.882201203783319,6.848667239896819,17.715391229578675,6.920034393809114,17.715391229578675,7.979363714531384,134500950000.0,138860950000.0,66.06137033398821,20.74671448403517,110.51844700082172,131.0925438596491,6.5282216182109405,6.5282216182109405,21.419242634582755,129.17297674418606,114.10102711585868,135.34205653021442,0.0037843598874208,0.0076281989086322,0.4475561811386691,0.1216410527010091,4.055813953488372,1.191393545158869,12.05084745762712,2.3909626719056973,0.0,0.0,0.0936294925188955,0.1257134042881382,0.1656223204274124,0.1569433032046014,0.0294616689804103,0.5823170731707317,0.0681783125096406,13.207957620419378,0.0175215799502606,0.0080474308300395,-12.8097592433362,8415000000.0,8048000000.0,-2820000000.0,22831000000.0,42453000000.0,39462000000.0,0.0,598.5978713558538,1126.723163841808,0.0,0.1503513532317539,0.0798776513062227,0.0,0.0247051400281512,0.1642304385210662,2022-04-27,0.88,amc,6400463920.0,2025-04-25,2022-03-31,0.0,133.08467741935485,22436356.080645163
2021-12-31,PYPL,USD,1633917,2022-02-03,2022-02-03 16:55:53,2021,Q4,6918000000.0,3302000000.0,3616000000.0,0.5226944204,796000000,570000000.0,666000000.0,1236000000.0,532000000.0,2564000000.0,5866000000.0,14000000.0,59000000.0,326000000.0,1376000000.0,0.1989014166,1057000000.0,0.1527898236,-344000000.0,706000000.0,0.1020526164,-95000000.0,801000000.0,0.1157849089,0.68,0.67,1174000000,1187000000,https://www.sec.gov/Archives/edgar/data/1633917/000163391722000027/0001633917-22-000027-index.htm,https://www.sec.gov/Archives/edgar/data/1633917/000163391722000027/pypl-20211231.htm,5.89267461669506,0.682282793867121,1.039182282793867,0.8577512776831345,8.09199318568995,18.50681431005111,7.615843270868824,18.50681431005111,7.757240204429301,221392920000.0,225243920000.0,69.0989138576779,32.00244579358196,181.46960655737703,219.85394240317777,10.189760206195055,10.189760206195055,32.559109569239666,163.69470930232558,184.62616393442624,223.67817279046676,0.0036180018764827,0.0045484742691862,0.4164403737285405,0.1193620305264963,2.7986918604651163,1.2218271398359246,17.915254237288135,1.5230961298377028,0.0,0.0,0.0823937554206418,0.1150621566926857,0.1686740630318061,0.1745901639344262,0.0307892454466608,0.6533742331288344,0.0478461983232148,16.855409276948393,0.035508568329345,0.0127108558008156,-11.274063032367971,9545000000.0,8941000000.0,-1502000000.0,24240000000.0,40670000000.0,38514000000.0,0.0,543.6296617519514,1064.0278619018777,0.0,0.1655538803934237,0.0845842512423792,0.0,0.0368665715469231,0.1814310051107325,2022-02-01,1.12,amc,6897824241.0,2025-04-25,2021-12-31,-0.0089285714285714,216.3778125,15009325.40625
2021-09-30,PYPL,USD,1633917,2021-11-09,2021-11-08 19:24:41,2021,Q3,6182000000.0,2832000000.0,3350000000.0,0.5418958266,755000000,498000000.0,549000000.0,1047000000.0,504000000.0,2306000000.0,5138000000.0,15000000.0,58000000.0,323000000.0,1367000000.0,0.2211258492,1043000000.0,0.168715626,122000000.0,1165000000.0,0.1884503397,78000000.0,1087000000.0,0.1758330637,0.93,0.92,1174000000,1187000000,https://www.sec.gov/Archives/edgar/data/1633917/000163391721000169/0001633917-21-000169-index.htm,https://www.sec.gov/Archives/edgar/data/1633917/000163391721000169/pypl-20210930.htm,5.2657580919931855,0.9258943781942078,1.288756388415673,1.0954003407155026,11.32197614991482,18.8160136286201,9.993185689948891,18.8160136286201,6.820272572402044,305486540000.0,305653540000.0,70.25909383624655,49.41548689744419,201.90782551222733,237.5478538102644,13.829177908555907,13.829177908555907,49.44250080879974,223.5943964886613,202.018202247191,237.6777138413686,0.0035582582460097,0.0042096781088947,0.3598460842009959,0.1066493144068478,0.1221653255303584,1.2982371987048806,17.982758620689655,1.391904323827047,0.0,0.0,0.0805564542219346,0.1221287609187965,0.1389701344352912,0.1500330469266358,0.0367195082497573,0.7027863777089783,0.0503073439016499,19.798659749392417,0.0287604764117193,0.0169377960608327,-8.081132879045997,12435000000.0,11732000000.0,1686000000.0,24693000000.0,39599500000.0,38310000000.0,0.0,575.8282109349724,1207.3093220338983,0.0,0.1562966146689252,0.0745459331403,0.0,0.0492077863286555,0.1933560477001703,2021-11-08,1.07,amc,6252310000.0,2025-04-25,2021-09-30,0.0373831775700934,283.72109375,6050548.6875
2021-06-30,PYPL,USD,1633917,2021-07-29,2021-07-29 16:40:05,2021,Q2,6238000000.0,2693000000.0,3545000000.0,0.5682911189,746000000,522000000.0,628000000.0,1150000000.0,521000000.0,2417000000.0,5110000000.0,13000000.0,57000000.0,316000000.0,1444000000.0,0.2314844501,1127000000.0,0.1806668804,229000000.0,1356000000.0,0.2173773645,172000000.0,1184000000.0,0.1898044245,1.01,1.0,1174000000,1186000000,https://www.sec.gov/Archives/edgar/data/1633917/000163391721000149/0001633917-21-000149-index.htm,https://www.sec.gov/Archives/edgar/data/1633917/000163391721000149/pypl-20210630.htm,5.313458262350937,1.008517887563884,1.112436115843271,0.9020442930153322,10.557921635434411,17.80664395229983,8.87649063032368,17.80664395229983,7.667802385008517,342197520000.0,345397520000.0,72.25454391891893,54.85692850272523,262.0195405819296,323.13269121813033,16.369171011719686,16.369171011719686,55.36991343379288,239.19495844875345,264.4697702909648,326.15440982058544,0.0034599900081099,0.0030947039008348,0.4278880650562066,0.1211796900400997,2.21606648199446,1.289885625666376,19.771929824561404,1.1030405405405406,0.0,0.0,0.0836806668804103,0.1195896120551458,0.1420288284382789,0.1891271056661562,0.0395960243667842,0.7816455696202531,0.0642834241744148,20.101297874166036,0.030233722429646,0.0186951304237983,-9.183560477001704,11963000000.0,10421000000.0,320000000.0,24295000000.0,39337000000.0,38572000000.0,0.0,572.0006412311639,1291.0137393241737,0.0,0.1573424809564647,0.0697126585555267,0.0,0.0566371681415929,0.2103918228279386,2021-07-28,1.12,amc,6242750000.0,2025-04-25,2021-06-30,0.0267857142857141,264.1296825396825,6678870.841269841
2021-03-31,PYPL,USD,1633917,2021-05-06,2021-05-05 18:59:31,2021,Q1,6033000000.0,3066000000.0,2967000000.0,0.4917951268,741000000,1042000000.0,602000000.0,1644000000.0,-7000000.0,2385000000.0,4933000000.0,15000000.0,58000000.0,300000000.0,1400000000.0,0.2320570197,1042000000.0,0.1727167247,-170000000.0,872000000.0,0.1445383723,-225000000.0,1097000000.0,0.1818332505,0.94,0.92,1173000000,1190000000,https://www.sec.gov/Archives/edgar/data/1633917/000163391721000100/0001633917-21-000100-index.htm,https://www.sec.gov/Archives/edgar/data/1633917/000163391721000100/pypl-20210331.htm,5.143222506393862,0.9352088661551576,1.4987212276214834,1.3103154305200342,11.156010230179028,16.573742540494457,8.001705029838023,16.573742540494457,7.672634271099744,284851320000.0,288076320000.0,64.91597994530538,47.21553455992044,162.0314675767918,185.3294209499024,14.652091970577647,14.652091970577647,47.75009448035803,205.7688,163.8659385665529,187.42766428106705,0.0038511318817128,0.0053957973584254,0.4599557635924078,0.1233090171959678,2.3035714285714284,1.2925012094823416,17.96551724137931,1.6025524156791249,0.0,0.0,0.1727167246809215,0.1228244654400795,0.1386571424631465,0.1257110352673492,0.0366318581137079,0.7366666666666667,0.0626553953257086,18.67479576348761,0.0420458889212907,0.0175626781082898,-9.138107416879796,12092000000.0,9386000000.0,356000000.0,23953000000.0,37896000000.0,37092000000.0,0.0,582.2178020885132,1130.5479452054794,0.0,0.1545813262273239,0.079607415485278,0.0,0.0564271385216809,0.1884057971014492,2021-05-05,1.01,amc,5895530000.0,2025-04-25,2021-03-31,0.2079207920792078,252.51450819672127,9713168.836065574
2020-12-31,PYPL,USD,1633917,2021-02-05,2021-02-04 19:30:14,2020,Q4,6116000000.0,2696000000.0,3420000000.0,0.5591890124,732000000,2347000000.0,605000000.0,2952000000.0,-1271000000.0,2413000000.0,5109000000.0,16000000.0,59000000.0,301000000.0,1308000000.0,0.2138652714,963000000.0,0.1574558535,896000000.0,1859000000.0,0.3039568345,292000000.0,1567000000.0,0.2562132112,1.34,1.34,1172000000,1172000000,https://www.sec.gov/Archives/edgar/data/1633917/000163391721000018/0001633917-21-000018-index.htm,https://www.sec.gov/Archives/edgar/data/1633917/000163391721000018/pypl-20201231.htm,5.2184300341296925,1.3370307167235496,1.1493174061433449,0.9564846416382252,11.16296928327645,17.118600682593858,8.430034129692833,17.081058020477816,7.677474402730375,274482400000.0,278627400000.0,43.79106573069559,44.87939829954218,203.7731254639941,244.8549509366637,13.71109446026275,13.71109446026275,45.55712884238064,213.01788990825688,206.85033407572385,248.55254237288136,0.0057089270568896,0.0040840505620761,0.4465258004895349,0.1270123190156154,3.168960244648318,1.326371368377247,16.322033898305083,0.8596043395022336,0.0,0.0,0.3837475474166121,0.1196860693263571,0.14468804615013,0.1677802524127691,0.0369522563767168,0.7508305647840532,0.0632766514061478,22.668320031910387,0.0254208327445687,0.0260316300086384,-8.242320819112628,12548000000.0,9880000000.0,679000000.0,24538000000.0,35186500000.0,34179500000.0,0.0,541.0006540222367,1190.7640949554896,0.0,0.1663583940811663,0.0755817213344547,0.0,0.0782756381437634,0.1928327645051194,2021-02-03,1.0,bmo,6090080000.0,2025-04-25,2020-12-31,0.08,207.19890625,9001108.90625
2020-09-30,PYPL,USD,1633917,2020-11-03,2020-11-02 19:24:56,2020,Q3,5459000000.0,2366000000.0,3093000000.0,0.566587287,674000000,503000000.0,471000000.0,974000000.0,449000000.0,2097000000.0,4463000000.0,17000000.0,58000000.0,298000000.0,1294000000.0,0.2370397509,977000000.0,0.1789705074,167000000.0,1144000000.0,0.2095621909,123000000.0,1021000000.0,0.1870305917,0.87,0.86,1172000000,1190000000,https://www.sec.gov/Archives/edgar/data/1633917/000163391720000169/0001633917-20-000169-index.htm,https://www.sec.gov/Archives/edgar/data/1633917/000163391720000169/pypl-20200930.htm,4.657849829351536,0.871160409556314,1.121160409556314,0.915529010238908,12.080204778156997,15.8080204778157,7.049488054607509,15.77047781569966,7.674914675767918,230919160000.0,233744160000.0,56.54239960822723,42.30063381571716,175.73756468797566,215.20890959925444,12.493597359735974,12.493597359735974,42.81812786224583,180.63690880989185,177.88748858447488,217.84171481826652,0.0044214607397671,0.0046466477705877,0.4835254017204999,0.1362721478454454,2.183153013910355,1.3818305623333145,16.844827586206897,1.286973555337904,0.0,0.0,0.0921414178420956,0.1234658362337424,0.1565216065383794,0.1834094368340943,0.0441472797215607,0.8087248322147651,0.0683275325151126,17.581776304985024,0.0287432561834262,0.0184572554549234,-6.561646757679181,13458000000.0,8262000000.0,1649000000.0,25480000000.0,33110500000.0,31986000000.0,0.0,554.0959882762411,1243.4530853761623,0.0,0.1624267309351661,0.0723790877665269,0.0,0.0552399502245306,0.2056313993174061,2020-11-02,0.94,amc,4795757009.0,2025-04-25,2020-09-30,0.1382978723404256,188.3378125,7934658.34375
2020-06-30,PYPL,USD,1633917,2020-07-30,2020-07-30 19:14:05,2020,Q2,5261000000.0,2283000000.0,2978000000.0,0.5660520814,631000000,512000000.0,414000000.0,926000000.0,423000000.0,1980000000.0,4263000000.0,22000000.0,55000000.0,297000000.0,1295000000.0,0.2461509219,951000000.0,0.1807641133,848000000.0,1799000000.0,0.3419501996,269000000.0,1530000000.0,0.2908192359,1.3,1.29,1173000000,1184000000,https://www.sec.gov/Archives/edgar/data/1633917/000163391720000134/0001633917-20-000134-index.htm,https://www.sec.gov/Archives/edgar/data/1633917/000163391720000134/pypl-20200630.htm,4.485080988917306,1.3043478260869563,1.5106564364876385,1.3461210571184996,11.123614663256609,15.075873827791986,6.233589087809037,15.0383631713555,7.663256606990623,204371790000.0,206952790000.0,33.39408333333333,38.84656719254895,115.33396726862304,129.4311526282457,11.58570238095238,11.58570238095238,39.33715833491732,159.80910424710424,116.79051354401804,131.06573147561747,0.0074863561159786,0.0077261152334184,0.5064625850340136,0.1414368489377196,1.9930501930501927,1.378635595481633,17.29090909090909,1.158169934640523,0.0,0.0,0.0973199011594753,0.1199391750617753,0.1642022607098755,0.1089164785553047,0.0366850408667553,0.6498316498316499,0.0684280555027561,21.00817143364537,0.0274756032531425,0.028980565973406,-6.798806479113384,12771000000.0,7312000000.0,1018000000.0,24860000000.0,29776500000.0,28158500000.0,0.0,557.8939365139707,1233.23258869908,0.0,0.1613209861400711,0.0729789342454368,0.0,0.086734693877551,0.1645353793691389,2020-07-29,0.88,amc,4326803738.0,2025-04-25,2020-06-30,0.2159090909090909,138.19785714285717,8986047.206349207
2020-03-31,PYPL,USD,1633917,2020-05-07,2020-05-06 19:34:38,2020,Q1,4618000000.0,2330000000.0,2288000000.0,0.4954525769,605000000,885000000.0,371000000.0,1256000000.0,-7000000.0,1861000000.0,4191000000.0,33000000.0,37000000.0,293000000.0,720000000.0,0.1559116501,398000000.0,0.0861844955,-135000000.0,263000000.0,0.0569510611,179000000.0,84000000.0,0.0181896925,0.07,0.07,1173000000,1185000000,https://www.sec.gov/Archives/edgar/data/1633917/000163391720000093/0001633917-20-000093-index.htm,https://www.sec.gov/Archives/edgar/data/1633917/000163391720000093/pyplq1202010-q.htm,3.93691389599318,0.0716112531969309,1.2114236999147483,1.0358056265984654,8.683716965046889,13.649616368286445,4.7041773231031545,13.612105711849958,6.823529411764706,112303020000.0,112416020000.0,334.23517857142855,24.318540493720224,79.03097818437719,92.43046913580248,7.033445230788501,7.033445230788501,24.343009961022087,156.1333611111111,79.11049964813512,92.5234732510288,0.0007479763233437,0.010818943248365,0.4989666186509676,0.1468138429219032,0.1569444444444444,1.3910889285584174,10.756756756756756,16.916666666666668,0.0,0.0,0.1916414032048506,0.1310090948462537,0.1933623263185051,0.1449683321604503,0.0446080554352533,0.7030716723549488,0.0630142919012559,4.683219922786057,0.0047401972898696,0.0019189911589335,-6.703537936913896,10735000000.0,5518000000.0,-71000000.0,22874000000.0,26937500000.0,24896500000.0,0.0,525.0519705500217,966.9785407725324,0.0,0.1714116031327716,0.0930734201485979,0.0,0.0052608505041648,0.175618073316283,2020-05-06,0.75,amc,5247727272.0,2025-04-25,2020-03-31,-0.1199999999999999,110.40225806451612,9529162.870967742
2019-12-31,PYPL,USD,1633917,2020-02-06,2020-02-06 16:28:40,2019,Q4,4961000000.0,2294000000.0,2667000000.0,0.5375932272,558000000,910000000.0,400000000.0,1310000000.0,55000000.0,1868000000.0,4162000000.0,53000000.0,37000000.0,227000000.0,1026000000.0,0.2068131425,799000000.0,0.1610562387,55000000.0,854000000.0,0.1721427132,347000000.0,507000000.0,0.1021971377,0.43,0.43,1174000000,1187000000,https://www.sec.gov/Archives/edgar/data/1633917/000163391720000028/0001633917-20-000028-index.htm,https://www.sec.gov/Archives/edgar/data/1633917/000163391720000028/pypl201910-k.htm,4.2257240204429305,0.4318568994889267,0.6592844974446337,0.5110732538330494,9.16609880749574,14.419931856899488,8.465928449744464,14.382453151618398,4.260647359454855,126991580000.0,124607580000.0,62.619122287968445,25.59798024591816,164.07180878552973,211.65263333333337,7.520970091797454,7.520970091797454,25.11743196936101,121.44988304093567,160.9917054263566,207.6793,0.0039923906766102,0.0047247226942132,0.2940479715724015,0.0967214072818654,-2.323586744639376,1.430030833240462,21.594594594594597,1.5266272189349113,0.0,0.0,0.183430759927434,0.1124773231203386,0.1361697153877622,0.2248062015503876,0.0350735738762346,0.7665198237885462,0.0590606732513606,11.821638489008617,0.0194293346102909,0.011433597185576,-2.9322827938671208,11576000000.0,9939000000.0,4091000000.0,20259000000.0,26669500000.0,24481500000.0,0.0,488.6232614392259,971.364428945074,0.0,0.1841909853716492,0.0926531766226422,0.0,0.0300266508735564,0.1482112436115843,2020-01-29,0.83,amc,4845627906.0,2025-04-25,2019-12-31,0.036144578313253,104.2121875,6789606.28125
2019-09-30,PYPL,USD,1633917,2019-10-24,2019-10-24 18:55:45,2019,Q3,4378000000.0,2041000000.0,2337000000.0,0.5338053906,533000000,791000000.0,316000000.0,1107000000.0,-213000000.0,1640000000.0,3681000000.0,47000000.0,29000000.0,227000000.0,924000000.0,0.2110552764,697000000.0,0.1592051165,-213000000.0,484000000.0,0.1105527638,22000000.0,462000000.0,0.1055276382,0.39,0.39,1175000000,1188000000,https://www.sec.gov/Archives/edgar/data/1633917/000163391719000210/0001633917-19-000210-index.htm,https://www.sec.gov/Archives/edgar/data/1633917/000163391719000210/pypl10-qq32019.htm,3.725957446808511,0.3931914893617021,0.9327659574468083,0.7855319148936171,8.903829787234043,14.028085106382978,8.234893617021276,14.028085106382978,4.24936170212766,121718250000.0,119805250000.0,65.8648538961039,27.8022498857926,111.05679744525548,131.87242686890573,7.384471880118911,7.384471880118911,27.36529237094564,129.65936147186147,109.3113594890511,129.7998374864572,0.0037956510219297,0.0075830863490068,0.3011587696414488,0.0988391772693785,-2.0703463203463204,1.4331055429005315,24.03448275862069,2.3722943722943723,0.0,0.0,0.1806761078117862,0.1217450890817724,0.1355355116181829,0.1578467153284671,0.0395157606212882,0.762114537444934,0.0623572407492005,11.140187732130338,0.0278573957131927,0.0106412382531785,-2.956808510638298,11408000000.0,9676000000.0,4008000000.0,19916000000.0,26761500000.0,24738000000.0,0.0,542.8163544997716,1067.3003429691328,0.0,0.1658019314523764,0.0843249049743844,0.0,0.0280288782381847,0.1472340425531915,2019-10-23,0.52,amc,3732065573.0,2025-04-25,2019-09-30,0.173076923076923,110.1571875,6698830.546875
2019-06-30,PYPL,USD,1633917,2019-07-25,2019-07-25 16:36:25,2019,Q2,4305000000.0,1945000000.0,2360000000.0,0.5481997677,483000000,818000000.0,356000000.0,1174000000.0,238000000.0,1657000000.0,3602000000.0,48000000.0,27000000.0,228000000.0,933000000.0,0.2167247387,705000000.0,0.1637630662,238000000.0,943000000.0,0.219047619,120000000.0,823000000.0,0.1911730546,0.7,0.69,1175000000,1187000000,https://www.sec.gov/Archives/edgar/data/1633917/000163391719000180/0001633917-19-000180-index.htm,https://www.sec.gov/Archives/edgar/data/1633917/000163391719000180/pypl10-qq22019.htm,3.663829787234042,0.7004255319148937,0.9991489361702128,0.8808510638297873,7.161702127659575,13.73531914893617,7.8331914893617025,13.73531914893617,2.149787234042553,135160250000.0,132750250000.0,41.05718408262455,31.396109175377468,115.12798126064736,130.58961352657005,8.374759898382798,8.374759898382798,30.8362950058072,142.28322615219722,113.07517035775128,128.26111111111112,0.0060890683466477,0.0076575768393444,0.1548423074539934,0.0516418342253724,-2.583065380493033,1.220725701075485,26.11111111111111,1.4264884568651277,0.0,0.0,0.1900116144018583,0.1121951219512195,0.1433117728503234,0.1183986371379897,0.0322880371660859,0.6096491228070176,0.0534262485481997,14.71267429703298,0.0292394772729414,0.0198523736009262,-2.9774468085106385,6588000000.0,9204000000.0,4183000000.0,15243000000.0,26560500000.0,24868000000.0,0.0,566.9268292682926,1169.3984575835475,0.0,0.1587506453278265,0.0769626464070908,0.0,0.0509944854080178,0.1182978723404255,2019-07-24,0.75,amc,3754360465.0,2025-04-25,2019-06-30,0.1466666666666666,110.83253968253968,6011178.476190476
2019-03-31,PYPL,USD,1633917,2019-04-25,2019-04-25 17:01:17,2019,Q1,4128000000.0,1890000000.0,2238000000.0,0.5421511628,511000000,807000000.0,329000000.0,1136000000.0,199000000.0,1647000000.0,3537000000.0,49000000.0,22000000.0,230000000.0,826000000.0,0.2000968992,518000000.0,0.1254844961,199000000.0,717000000.0,0.1736918605,50000000.0,667000000.0,0.1615794574,0.57,0.56,1171000000,1188000000,https://www.sec.gov/Archives/edgar/data/1633917/000163391719000118/0001633917-19-000118-index.htm,https://www.sec.gov/Archives/edgar/data/1633917/000163391719000118/pypl10-qq12019.htm,3.5251921434671223,0.569598633646456,0.8770281810418445,0.6908625106746371,6.702818104184458,12.943637916310845,6.979504696840308,12.943637916310845,1.725875320239112,123599050000.0,121083050000.0,46.32648050974512,29.941630329457364,120.3496105160662,152.7800370828183,8.154585340106882,8.154585340106882,29.33213420542636,146.58964891041165,117.89975657254138,149.67002472187886,0.0053964816072615,0.0065453577515361,0.1318862571749026,0.0431936041486603,-3.046004842615012,1.218473895582329,23.545454545454547,1.5397301349325336,0.0,0.0,0.1954941860465116,0.1237887596899224,0.1509075194468453,0.2122687439143135,0.0528100775193798,0.9478260869565216,0.0615310077519379,12.879645399224511,0.0245305063320976,0.0169737377850162,-3.220964987190436,6256000000.0,8173000000.0,3768000000.0,14971000000.0,24455000000.0,23153500000.0,0.0,566.9258720930233,1164.952380952381,0.0,0.1587509133561512,0.0772563767168083,0.0,0.0440060698027314,0.1861656703672075,2019-04-24,0.67,amc,3598769230.0,2025-04-25,2019-03-31,0.1641791044776119,94.66852459016393,7634545.852459016
2018-12-31,PYPL,USD,1633917,2019-02-07,2019-02-07 16:47:58,2018,Q4,4226000000.0,1918000000.0,2308000000.0,0.5461429248,289000000,390000000.0,389000000.0,779000000.0,630000000.0,1698000000.0,3616000000.0,52000000.0,20000000.0,223000000.0,821000000.0,0.1942735447,598000000.0,0.1415049692,88000000.0,686000000.0,0.162328443,102000000.0,584000000.0,0.1381921439,0.5,0.49,1177000000,1196000000,https://www.sec.gov/Archives/edgar/data/1633917/000163391719000043/0001633917-19-000043-index.htm,https://www.sec.gov/Archives/edgar/data/1633917/000163391719000043/pypl201810-k.htm,3.590484282073067,0.4961767204757858,0.963466440101954,0.7731520815632965,7.739167374681394,13.072217502124044,7.032285471537808,13.072217502124044,1.7145284621920136,98973930000.0,93396930000.0,42.36897688356165,23.42023899668717,87.27859788359788,108.76256043956045,6.432726504614585,6.432726504614585,22.100551348793186,113.7599634591961,82.36060846560846,102.633989010989,0.0059005437088332,0.0091943403682161,0.1298583127518523,0.0461091110495707,-6.792935444579781,1.2725061766522543,29.9,1.9417808219178083,0.0,0.0,0.0922858495030762,0.0683861807856128,0.164058894119819,0.1975308641975308,0.0530052058684335,1.0044843049327354,0.0556081400851869,12.08047702762092,0.0262063496399133,0.0161223532010048,-1.4076040781648258,7059000000.0,8277000000.0,5017000000.0,15892000000.0,23191000000.0,22270500000.0,0.0,487.8442972077615,1024.958289885297,0.0,0.1844850918933077,0.0878084512200705,0.0,0.0379565839074483,0.1903143585386576,2019-01-30,0.67,amc,4103507246.0,2025-04-25,2018-12-31,0.0298507462686565,83.28888888888889,10257103.333333334
2018-09-30,PYPL,USD,1633917,2018-10-23,2018-10-23 16:22:49,2018,Q3,3683000000.0,1661000000.0,2022000000.0,0.5490089601,269000000,354000000.0,326000000.0,680000000.0,555000000.0,1504000000.0,3165000000.0,61000000.0,22000000.0,188000000.0,706000000.0,0.1916915558,490000000.0,0.1330437144,43000000.0,533000000.0,0.1447189791,97000000.0,436000000.0,0.118381754,0.37,0.36,1181000000,1199000000,https://www.sec.gov/Archives/edgar/data/1633917/000163391718000203/0001633917-18-000203-index.htm,https://www.sec.gov/Archives/edgar/data/1633917/000163391718000203/pypl10-qq32018.htm,3.1185436071126165,0.3691786621507197,3.9542760372565615,3.765453005927181,8.117696867061811,12.798475867908552,7.093141405588485,12.798475867908552,1.712108382726503,103396550000.0,97249550000.0,59.2870126146789,28.07400217214228,22.14058886509636,23.25085450865752,6.8406582864703935,6.8406582864703935,26.404982351344017,137.74723796033993,20.8243147751606,21.868574319766136,0.0042167751245085,0.0430091719694709,0.1323188885213364,0.0457414692159912,-8.706798866855523,1.2759009009009008,22.272727272727277,10.711009174311927,0.0,0.0,0.0961172956828672,0.0730382840076025,0.1541030097886744,0.0477516059957173,0.060548465924518,1.1861702127659577,0.0589193592180287,10.310712607083076,0.0210032234304897,0.0117882442005083,-1.1987722269263337,7350000000.0,8377000000.0,5381000000.0,15734000000.0,25809500000.0,21793500000.0,0.0,573.649199022536,1229.8735701384708,0.0,0.1568903088391906,0.0731782535906247,0.0,0.0288455176976513,0.1888230313293818,2018-10-18,0.54,amc,3429000000.0,2025-04-25,2018-09-30,0.0740740740740739,88.05920634920635,7321482.492063492
2018-06-30,PYPL,USD,1633917,2018-07-26,2018-07-26 16:29:43,2018,Q2,3857000000.0,1696000000.0,2161000000.0,0.5602800104,255000000,368000000.0,313000000.0,681000000.0,537000000.0,1473000000.0,3169000000.0,0.0,0.0,180000000.0,789000000.0,0.204563132,572000000.0,0.148301789,37000000.0,609000000.0,0.1578947368,83000000.0,526000000.0,0.1363754213,0.44,0.44,1187000000,1202000000,https://www.sec.gov/Archives/edgar/data/1633917/000163391718000171/0001633917-18-000171-index.htm,https://www.sec.gov/Archives/edgar/data/1633917/000163391718000171/pypl10-qq22018.htm,3.249368155012637,0.4431339511373209,0.0235888795282224,-0.143218197135636,4.182813816343724,12.65290648694187,8.898904802021905,12.65290648694187,1.6849199663016006,98841490000.0,98001490000.0,46.977894486692016,25.626520611874515,3530.053214285714,-581.4205294117647,6.581096610959452,6.581096610959452,25.408734767954368,124.2097465145754,3500.053214285714,-576.4793529411764,0.0053216518690683,-0.0017199255090144,0.1331646580997403,0.04798809895146,-1.064638783269962,1.377887057116369,0.0,0.053231939163498,0.0,0.0,0.0954109411459683,0.0661135597614726,0.1069174844638529,7.071428571428571,0.0513352346383199,1.1,0.0544464609800363,11.23191791329138,0.026184157989148,0.0141318073130759,-0.4928390901432182,9375000000.0,10563000000.0,7526000000.0,15398000000.0,27840000000.0,20869000000.0,0.0,656.7176562094893,1108.496462264151,0.0,0.1370451961341671,0.081191057494375,0.0,0.0350223050802317,0.1668070766638584,2018-07-25,0.56,amc,3790500000.0,2025-04-25,2018-06-30,0.0357142857142855,79.693125,8050934.40625
2018-03-31,PYPL,USD,1633917,2018-04-26,2018-04-26 16:23:34,2018,Q1,3685000000.0,1580000000.0,2105000000.0,0.5712347354,258000000,339000000.0,285000000.0,624000000.0,536000000.0,1418000000.0,2998000000.0,0.0,0.0,185000000.0,733000000.0,0.1989145183,534000000.0,0.1449118046,14000000.0,548000000.0,0.1487109905,37000000.0,511000000.0,0.1386702849,0.43,0.42,1192000000,1217000000,https://www.sec.gov/Archives/edgar/data/1633917/000163391718000096/0001633917-18-000096-index.htm,https://www.sec.gov/Archives/edgar/data/1633917/000163391718000096/pypl10-qq12018.htm,3.091442953020134,0.4286912751677852,-0.2927852348993288,-0.4421140939597315,5.290268456375839,12.282718120805368,8.52768456375839,12.282718120805368,2.5167785234899327,90437040000.0,90558040000.0,44.245127201565566,24.541937584803257,-259.13191977077366,-171.60728652751422,6.176971518338912,6.176971518338912,24.57477340569877,123.5443929058663,-259.4786246418338,-171.8368880455408,0.0056503397280583,-0.0058272583888194,0.2049040366095212,0.0708851188507159,0.165075034106412,1.351092789919888,0.0,-0.6829745596868885,0.0,0.0,0.0919945725915875,0.0700135685210312,0.1057605973252681,-0.5100286532951289,0.048303934871099,0.9621621621621622,0.0567164179104477,10.884558654765318,0.0253950048691581,0.0135020874068593,-0.6065436241610739,9028000000.0,10165000000.0,7061000000.0,15027000000.0,13909500000.0,20424000000.0,0.0,672.5210312075983,1187.6012658227849,0.0,0.1338248111563044,0.0757830111755959,0.0,0.0349019875691551,0.1493288590604027,2018-04-25,0.54,amc,3491052631.0,2025-04-25,2018-03-31,0.0555555555555553,79.31491803278689,9985344.86885246
2017-12-31,PYPL,USD,1633917,2018-02-07,2018-02-07 16:32:44,2017,Q4,3744000000.0,1306000000.0,2438000000.0,0.6511752137,267000000,315000000.0,328000000.0,643000000.0,593000000.0,1503000000.0,2809000000.0,0.0,0.0,227000000.0,1091000000.0,0.2913995726,843000000.0,0.2251602564,21000000.0,864000000.0,0.2307692308,244000000.0,620000000.0,0.1655982906,0.52,0.5,1203000000,1228000000,https://www.sec.gov/Archives/edgar/data/1633917/000163391718000029/0001633917-18-000029-index.htm,https://www.sec.gov/Archives/edgar/data/1633917/000163391718000029/pypl201710-k.htm,3.112219451371571,0.515378221113882,-0.1221945137157107,-0.2718204488778055,4.733998337489609,13.295095594347464,9.54862842892768,13.295095594347464,0.8312551953449709,88564860000.0,86681860000.0,35.7116370967742,23.65514423076923,-602.4820408163266,-270.8405504587156,5.537380267600351,5.537380267600351,23.1522061965812,79.45175068744271,-589.6725170068028,-265.0821406727829,0.0070005191675343,-0.003692209302877,0.0625234462923596,0.0245254328738902,-1.7259395050412465,1.4278528627039322,0.0,-0.2370967741935483,0.0,0.0,0.0841346153846153,0.0713141025641025,0.1105361259626232,-1.2244897959183674,0.048076923076923,0.7929515418502202,0.0592948717948717,12.416523713643068,0.0319882901779681,0.0170954311081699,-15.6880714879468,9782000000.0,11487000000.0,7865000000.0,15817000000.0,12040000000.0,19474000000.0,0.0,6.802884615384615,1378.1852986217457,0.0,13.229681978798586,0.0653032651632581,0.0,0.0387645367012629,0.1496259351620947,2018-01-31,0.52,amc,3539781818.0,2025-04-25,2017-12-31,0.0576923076923077,72.31015873015873,9114684.777777778
2017-09-30,PYPL,USD,1633917,2017-10-24,2017-10-24 16:46:18,2017,Q3,3239000000.0,1465000000.0,1774000000.0,0.5476999074,240000000,293000000.0,278000000.0,571000000.0,540000000.0,1351000000.0,2816000000.0,0.0,0.0,194000000.0,617000000.0,0.1904908923,423000000.0,0.1305958629,28000000.0,451000000.0,0.1392405063,71000000.0,380000000.0,0.1173201605,0.32,0.31,1202000000,1223000000,https://www.sec.gov/Archives/edgar/data/1633917/000163391717000171/0001633917-17-000171-index.htm,https://www.sec.gov/Archives/edgar/data/1633917/000163391717000171/pypl10-qq32017.htm,2.694675540765391,0.3161397670549085,0.8369384359400999,0.699667221297837,4.094009983361065,12.838602329450914,9.051580698835275,12.838602329450914,0.8103161397670549,76964060000.0,75608060000.0,50.63425,23.761673355974064,76.50502982107356,91.51493460166468,4.987303006739244,4.987303006739244,23.34302562519296,122.5414262560778,75.15711729622267,89.90256837098693,0.0049373694682946,0.010927178217989,0.0631156039398652,0.0257938084266836,-2.1977309562398704,1.4218712263923103,0.0,2.647368421052632,0.0,0.0,0.0904600185242358,0.0740969435010805,0.1205476549879505,0.1640159045725646,0.0509416486569929,0.8505154639175257,0.0602037665946279,9.55629828276736,0.0208938903893563,0.0114426812008792,0.3658485856905158,8734000000.0,10880000000.0,7108000000.0,14771000000.0,22951500000.0,18049000000.0,0.0,661.2318616857054,1164.1023890784984,0.0,0.1361095936462579,0.0773127869544567,0.0,0.0246241575946086,0.1372712146422628,2017-10-19,0.44,amc,3027760869.0,2025-04-25,2017-09-30,0.0454545454545455,59.90492063492063,7617350.031746032
2017-06-30,PYPL,USD,1633917,2017-07-27,2017-07-27 16:47:23,2017,Q2,3136000000.0,1372000000.0,1764000000.0,0.5625,232000000,282000000.0,284000000.0,566000000.0,536000000.0,1334000000.0,2706000000.0,0.0,0.0,201000000.0,631000000.0,0.2012117347,430000000.0,0.1371173469,17000000.0,447000000.0,0.1425382653,36000000.0,411000000.0,0.1310586735,0.34,0.34,1202000000,1215000000,https://www.sec.gov/Archives/edgar/data/1633917/000163391717000136/0001633917-17-000136-index.htm,https://www.sec.gov/Archives/edgar/data/1633917/000163391717000136/pypl10-qq22017.htm,2.6089850249584026,0.3419301164725457,0.7662229617304492,0.6214642262895175,3.403494176372712,12.477537437603994,8.979201331114808,12.477537437603994,0.0,64511340000.0,63240340000.0,39.24047445255475,20.5712181122449,70.04488599348535,86.36056224899599,4.3013295106014136,4.3013295106014136,20.16592474489796,100.2224088748019,68.66486427795874,84.65908969210174,0.0063709729173196,0.0115793595358583,0.0,0.0,-2.014263074484945,1.450297730808433,0.0,2.240875912408759,0.0,0.0,0.0899234693877551,0.0739795918367346,0.1191555681496174,0.1889250814332247,0.055484693877551,0.8656716417910447,0.0573979591836734,9.797705402793854,0.0237473198100053,0.0132218111629403,0.314891846921797,8394000000.0,10793000000.0,6743000000.0,14078000000.0,21289500000.0,16527000000.0,0.0,634.4196428571428,1124.9344023323615,0.0,0.1418619379354021,0.0800046649950434,0.0,0.0274036538205094,0.1447587354409318,2017-07-26,0.42,amc,2931478260.0,2025-04-25,2017-06-30,0.0952380952380953,49.145873015873015,8011529.19047619
2017-03-31,PYPL,USD,1633917,2017-04-27,2017-04-27 16:41:14,2017,Q1,2975000000.0,1287000000.0,1688000000.0,0.567394958,214000000,265000000.0,238000000.0,503000000.0,500000000.0,1217000000.0,2504000000.0,0.0,0.0,183000000.0,654000000.0,0.2198319328,431000000.0,0.1448739496,7000000.0,438000000.0,0.1472268908,54000000.0,384000000.0,0.1290756303,0.32,0.32,1203000000,1216000000,https://www.sec.gov/Archives/edgar/data/1633917/000163391717000075/0001633917-17-000075-index.htm,https://www.sec.gov/Archives/edgar/data/1633917/000163391717000075/pypl10-qq12017.htm,2.4729842061512883,0.3192019950124688,0.6242726517040732,0.5012468827930174,3.370739817123857,12.157938487115544,8.630091438071489,12.157938487115544,0.0,51753060000.0,50513060000.0,33.6933984375,17.39598655462185,68.91219707057257,85.82597014925373,3.538428825379462,3.538428825379462,16.979179831932772,77.23709480122324,67.26106524633822,83.76958540630183,0.0074198511160499,0.0116514849556721,0.0,0.0,-1.8960244648318043,1.4708434571329398,0.0,1.9557291666666667,0.0,0.0,0.0890756302521008,0.0719327731092437,0.1267130445167646,0.1970705725699068,0.0497478991596638,0.8087431693989071,0.0487394957983193,9.344456108160523,0.0233148030911723,0.0131286539710759,0.4511637572734829,8139000000.0,10382000000.0,6558000000.0,13831000000.0,20199000000.0,15630000000.0,0.0,619.3512605042017,1112.237762237762,0.0,0.1453133395203438,0.0809179503300848,0.0,0.0262546150690551,0.1230257689110557,2017-04-26,0.41,amc,2772159090.0,2025-04-25,2017-03-31,0.0731707317073171,41.83693548387097,6479367.758064516
2016-12-31,PYPL,USD,1633917,2017-02-08,2017-02-08 16:35:30,2016,Q4,2981000000.0,1261000000.0,1720000000.0,0.5769875881,215000000,275000000.0,253000000.0,528000000.0,517000000.0,1260000000.0,2521000000.0,0.0,0.0,189000000.0,649000000.0,0.2177121771,460000000.0,0.154310634,9000000.0,469000000.0,0.1573297551,79000000.0,390000000.0,0.130828581,0.32,0.32,1207000000,1216000000,https://www.sec.gov/Archives/edgar/data/1633917/000163391717000027/0001633917-17-000027-index.htm,https://www.sec.gov/Archives/edgar/data/1633917/000163391717000027/pypl201610-k.htm,2.469759734879867,0.3231151615575808,0.7647058823529411,0.6387738193869097,4.12178956089478,12.188898094449048,8.651201325600663,12.188898094449048,0.0,47640290000.0,46050290000.0,30.538647435897435,15.981311640389132,51.61461538461538,61.79025940337225,3.238192631865144,3.238192631865144,15.447933579335793,70.95576271186441,49.89197183098592,59.728002594033725,0.0081863481519528,0.0161837805773222,0.0,0.0,-2.4499229583975346,1.5246474700793933,0.0,2.3666666666666667,0.0,0.0,0.092250922509225,0.0721234485072123,0.1289913300909283,0.1646803900325027,0.0509896008050989,0.8042328042328042,0.0426031533042603,9.413522187918176,0.0235757159612459,0.0135261679325772,1.265741507870754,8855000000.0,10442000000.0,7342000000.0,14607000000.0,19123500000.0,14824500000.0,0.0,601.5598792351559,1095.9159397303729,0.0,0.1496110414052697,0.082123086942364,0.0,0.0265089722675367,0.1259320629660315,2017-01-26,0.42,amc,2981000000.0,2025-04-25,2016-12-31,0.0,40.194761904761904,7995915.53968254
2016-09-30,PYPL,USD,1633917,2016-10-25,2016-10-25 16:22:20,2016,Q3,2667000000.0,1101000000.0,1566000000.0,0.5871766029,215000000,261000000.0,233000000.0,494000000.0,509000000.0,1218000000.0,2319000000.0,0.0,0.0,185000000.0,533000000.0,0.1998500187,348000000.0,0.1304836895,12000000.0,360000000.0,0.1349831271,37000000.0,323000000.0,0.1211098613,0.27,0.27,1207000000,1214000000,https://www.sec.gov/Archives/edgar/data/1633917/000163391716000243/0001633917-16-000243-index.htm,https://www.sec.gov/Archives/edgar/data/1633917/000163391716000243/pypl10-qq32016.htm,2.2096106048053024,0.2676056338028169,0.6636288318144159,0.512013256006628,4.215410107705054,11.75807787903894,8.184755592377796,11.75807787903894,0.0,49450790000.0,48081790000.0,38.274605263157895,18.54172853393326,61.73631710362047,80.01745954692556,3.4844130496054118,3.4844130496054118,18.028417697787777,90.2097373358349,60.02720349563046,77.80224919093851,0.0065317460044622,0.0124972725410453,0.0,0.0,-2.568480300187617,1.5471951844262295,0.0,2.4798761609907123,0.0,0.0,0.0978627671541057,0.0806149231346081,0.1375494323255517,0.2284644194756554,0.0686164229471316,0.9891891891891892,0.040869891263592,8.414088029624462,0.019836933502753,0.0119439411307917,1.37986743993372,8545000000.0,9879000000.0,6997000000.0,14309000000.0,18015000000.0,7231500000.0,0.0,618.2902137232846,1168.4468664850135,0.0,0.1455627114943783,0.0770253253113194,0.0,0.0227593010146561,0.1516155758077879,2016-10-20,0.35,amc,2667000000.0,2025-04-25,2016-09-30,0.0,38.433125,8471890.390625
2016-06-30,PYPL,USD,1633917,2016-07-26,2016-07-26 16:40:26,2016,Q2,2650000000.0,1065000000.0,1585000000.0,0.5981132075,209000000,261000000.0,250000000.0,511000000.0,494000000.0,1214000000.0,2279000000.0,0.0,0.0,176000000.0,547000000.0,0.2064150943,371000000.0,0.14,9000000.0,380000000.0,0.1433962264,57000000.0,323000000.0,0.1218867925,0.27,0.27,1210000000,1215000000,https://www.sec.gov/Archives/edgar/data/1633917/000163391716000203/0001633917-16-000203-index.htm,https://www.sec.gov/Archives/edgar/data/1633917/000163391716000203/pypl10-qq22016.htm,2.190082644628099,0.2669421487603305,0.5752066115702479,0.4090909090909091,4.096694214876033,11.41900826446281,7.82396694214876,11.41900826446281,0.0,44177100000.0,42159100000.0,34.19280185758514,16.670603773584904,63.47284482758621,89.24666666666667,3.1973004270102043,3.1973004270102043,15.90909433962264,77.07330895795246,60.573419540229885,85.169898989899,0.00731148038237,0.0112049002763875,0.0,0.0,-3.6892138939670938,1.5408920712080405,0.0,2.154798761609907,0.0,0.0,0.0984905660377358,0.0788679245283018,0.1420129933727269,0.2887931034482758,0.0758490566037735,1.1420454545454546,0.0426415094339622,8.281595773981165,0.0204666407061266,0.0122902477074692,1.1768595041322314,8234000000.0,9467000000.0,6643000000.0,13996000000.0,17161500000.0,163500000.0,0.0,601.4037735849057,14.28169014084507,0.0,0.1496498757623673,6.3017751479289945,0.0,0.0233769993486285,0.1661157024793388,2016-07-21,0.36,amc,2650000000.0,2025-04-25,2016-06-30,0.0,38.229609375,8095410.046875
2016-03-31,PYPL,USD,1633917,2016-04-28,2016-04-28 16:45:32,2016,Q1,2544000000.0,1007000000.0,1537000000.0,0.6041666667,195000000,231000000.0,233000000.0,464000000.0,471000000.0,1130000000.0,2137000000.0,0.0,0.0,174000000.0,582000000.0,0.2287735849,407000000.0,0.1599842767,15000000.0,422000000.0,0.1658805031,57000000.0,365000000.0,0.1434748428,0.3,0.3,1216000000,1225000000,https://www.sec.gov/Archives/edgar/data/1633917/000163391716000161/0001633917-16-000161-index.htm,https://www.sec.gov/Archives/edgar/data/1633917/000163391716000161/pypl10-qq12016.htm,2.0921052631578947,0.3001644736842105,0.6069078947368421,0.4975328947368421,3.9202302631578942,11.182565789473683,7.571546052631579,11.182565789473683,0.0,46937600000.0,44354600000.0,32.14904109589041,18.450314465408805,63.6010840108401,77.58280991735538,3.4518017355493456,3.4518017355493456,17.43498427672956,76.2106529209622,60.10108401084011,73.31338842975207,0.0077762817016634,0.0128894532315244,0.0,0.0,-4.438144329896907,1.5295919788330317,0.0,2.021917808219178,0.0,0.0,0.0908018867924528,0.0766509433962264,0.1489989820156091,0.1802168021680217,0.0522798742138364,0.764367816091954,0.0373427672955974,8.690437384235594,0.0233006398167004,0.0145540093305155,1.1153371710526316,7606000000.0,9207000000.0,6096000000.0,13342000000.0,8376000000.0,151500000.0,0.0,587.7948113207547,14.121151936444887,0.0,0.1531146554318387,6.373417721518988,0.0,0.0268421826739226,0.109375,2016-04-27,0.35,amc,2406486486.0,2025-04-25,2016-03-31,0.0571428571428572,36.13409836065573,10546401.06557377
2015-12-31,PYPL,USD,1633917,2016-02-11,2016-02-11 16:44:06,2015,Q4,2556000000.0,995000000.0,1561000000.0,0.6107198748,252000000,146000000.0,269000000.0,415000000.0,484000000.0,1151000000.0,2146000000.0,0.0,0.0,164000000.0,574000000.0,0.2245696401,411000000.0,0.1607981221,7000000.0,418000000.0,0.1635367762,51000000.0,367000000.0,0.1435837246,0.3,0.3,1223000000,1230000000,https://www.sec.gov/Archives/edgar/data/1633917/000163391716000113/0001633917-16-000113-index.htm,https://www.sec.gov/Archives/edgar/data/1633917/000163391716000113/pypl201510-k.htm,2.08994276369583,0.3000817661488144,0.5952575633687653,0.4611610793131643,2.789043336058872,11.250204415372036,7.630417007358953,11.250204415372036,0.0,44272600000.0,42879600000.0,30.15844686648502,17.321048513302035,60.814010989011,78.49751773049645,3.217719310996439,3.217719310996439,16.77605633802817,74.70313588850175,58.90054945054945,76.02765957446809,0.0082895515510722,0.0127392563346178,0.0,0.0,-2.426829268292683,1.5163398692810457,0.0,1.983651226158038,0.0,0.0,0.0571205007824726,0.0985915492957746,0.1532841660607319,0.2252747252747252,0.0641627543035993,1.0,0.0352112676056338,8.71547917421932,0.0236408586861665,0.0150077696900302,-9.491618969746526,7031000000.0,9332000000.0,5526000000.0,12802000000.0,7857000000.0,129500000.0,0.0,4.823943661971831,13.115577889447236,0.0,18.656934306569344,6.862068965517241,0.0,0.0266734501053855,0.1340964840556009,2016-01-27,0.35,amc,2485000000.0,2025-04-25,2015-12-31,0.0285714285714286,35.279453125,8627504.203125
2015-09-30,PYPL,USD,1633917,2015-10-29,2015-10-29 16:18:35,2015,Q3,2258000000.0,852000000.0,1406000000.0,0.6226749336,230000000,141000000.0,235000000.0,376000000.0,470000000.0,1076000000.0,1928000000.0,0.0,0.0,153000000.0,483000000.0,0.2139061116,330000000.0,0.1461470328,20000000.0,350000000.0,0.1550044287,49000000.0,301000000.0,0.1333038087,0.25,0.25,1221000000,1227000000,https://www.sec.gov/Archives/edgar/data/1633917/000163391715000052/0001633917-15-000052-index.htm,https://www.sec.gov/Archives/edgar/data/1633917/000163391715000052/pypl10-qq32015.htm,1.8493038493038496,0.2465192465192465,0.533988533988534,0.4250614250614251,3.520884520884521,10.822276822276825,7.882882882882883,10.822276822276825,3.2997542997543,37899840000.0,40048840000.0,31.47827242524917,16.784694419840566,58.128588957055214,73.02473988439306,2.868158014227334,2.868158014227334,17.73642161204606,82.9168530020704,61.424601226993865,77.16539499036608,0.0079419860347695,0.0136939892094531,0.3049038898138338,0.1444293088614855,4.449275362318841,1.5723684210526316,0.0,2.166112956810631,0.0,0.0,0.062444641275465,0.1018600531443755,0.1286564381990249,0.2039877300613496,0.0589016829052258,0.869281045751634,0.04162976085031,7.747757054569647,0.0191446303291959,0.012383264080306,1.0644963144963144,7482000000.0,9625000000.0,5872000000.0,12369000000.0,7829000000.0,151000000.0,0.0,620.8724534986715,12.042253521126762,0.0,0.1449573088527957,7.473684210526316,0.0,0.0227788708945058,0.1089271089271089,2015-10-28,0.29,amc,2112322580.0,2025-04-25,2015-09-30,0.0689655172413793,35.9369354032258,12619424.20967742
2015-06-30,PYPL,USD,1633917,2015-07-29,2015-07-29 16:44:33,2015,Q2,2297000000.0,819000000.0,1478000000.0,0.6434479756,241000000,135000000.0,245000000.0,380000000.0,458000000.0,1079000000.0,1898000000.0,0.0,0.0,150000000.0,549000000.0,0.239007401,398000000.0,0.1732694819,1000000.0,399000000.0,0.1737048324,94000000.0,305000000.0,0.1327818894,0.25,0.25,1220000000,1220000000,https://www.sec.gov/Archives/edgar/data/1633917/000163391715000008/0001633917-15-000008-index.htm,https://www.sec.gov/Archives/edgar/data/1633917/000163391715000008/pypl10-qq22015.htm,1.882786885245901,0.25,0.5098360655737705,0.3204918032786885,3.6131147540983606,10.442622950819672,7.495901639344262,10.442622950819672,1.3844262295081968,44786198780.00001,43913198780.00001,36.709999,19.49769211144972,72.00353501607718,114.54270787723787,3.5154002182103614,3.5154002182103614,19.117631162385724,79.98761162112935,70.59999803858523,112.30997130434784,0.0068101336641278,0.0087303680743409,0.132574568288854,0.0627624391512764,-1.5901639344262295,1.5665130324221233,0.0,2.039344262295082,0.0,0.0,0.0587723117109273,0.1049194601654331,0.1335884954107985,0.3713826366559485,0.1005659555942533,1.54,0.0365694383979103,7.66418646030749,0.0210850085918934,0.013081145994167,-7.952663934426229,7129000000.0,9145000000.0,5542000000.0,12015000000.0,67000000.0,156500000.0,0.0,3.1737048323900736,20.65934065934066,0.0,28.358024691358025,4.3563829787234045,0.0,0.0239403453689167,0.1893442622950819,2015-07-01,,bmo,,2025-04-25,2015-06-30,,,
2015-03-31,PYPL,USD,1633917,2015-03-31,2015-03-30 20:00:00,2015,Q1,2137000000.0,753000000.0,1384000000.0,0.6476368741,224000000,138000000.0,236000000.0,374000000.0,416000000.0,1014000000.0,1767000000.0,0.0,0.0,141000000.0,511000000.0,0.239120262,322000000.0,0.1506785213,-1000000.0,321000000.0,0.1502105756,66000000.0,255000000.0,0.1193261582,0.21,0.21,1218003525,1220000000,,,1.7545105216341637,0.2093590000078201,0.4466325333500163,0.287355490206812,1.949912254974796,7.09357552967673,4.366161419770932,7.09357552967673,1.0328377333719128,44712908184.74648,43605908184.74648,43.83618449484949,20.923213937644583,82.1928459278428,127.7511662421328,5.175105113975287,5.175105113975287,20.405198027490165,85.33445828717511,80.15791945725456,124.58830909927566,0.0057030510953656,0.0078277171897174,0.1456018518518518,0.0557154878426856,-2.1663405088062624,1.343789209535759,0.0,2.1333333333333333,0.0,0.0,0.0645765091249415,0.1048198408984557,0.1471278621728154,0.3566176470588235,0.0907814693495554,1.375886524822695,0.0369677117454375,5.780556831819399,0.025843038242409,0.0132419379965726,-9.461590022902438,4658000000.0,5318000000.0,4268000000.0,8969000000.0,7505000000.0,120000000.0,0.0,2.232101076275152,14.9402390438247,0.0,40.320754716981135,6.024,0.0,0.0295138888888888,0.1592770431432043,2015-07-29,0.31,bmo,2157787878.0,2025-04-25,2015-03-31,0.0645161290322581,,
2014-12-31,PYPL,USD,1633917,2014-12-31,2014-12-30 19:00:00,2014,Q4,2193000000.0,787000000.0,1406000000.0,0.641130871,239000000,144000000.0,263000000.0,407000000.0,412000000.0,1058000000.0,1845000000.0,0.0,0.0,132000000.0,351000000.0,0.1600547196,348000000.0,0.1586867305,-1000000.0,347000000.0,0.1582307342,61000000.0,286000000.0,0.1304149567,0.24,0.24,1171000000,1216000000,,,1.8727583262169083,0.2442356959863364,0.5388556789069172,0.4338172502134927,1.9043552519214344,7.043552519214347,4.187019641332195,7.043552519214347,1.2630230572160546,42987408829.00001,42265408829.00001,37.57640631905595,19.60210160921113,68.12584600475437,84.62088352165355,5.21185849042192,5.21185849042192,19.27287224304606,120.4142701680912,66.98163047385104,83.19962367913388,0.0066531109408729,0.0118174138390331,0.1793161978661493,0.0674818633937126,-2.056980056980057,1.3223669351803056,0.0,2.2062937062937062,0.0,0.0,0.0656634746922024,0.1089831281349749,0.152621252908701,0.1949286846275753,0.0560875512995896,0.9318181818181818,0.0369357045143638,6.221451310932133,0.0294874275205916,0.0153995261684255,-0.1889410760034159,4282000000.0,4903000000.0,3896000000.0,8549000000.0,,,,613.8303693570451,13.15120711562897,0.0,0.1466203115598047,6.843478260869565,0.0,0.0346750727449078,0.1050384286934244,2014-12-30,,amc,,2025-04-25,2014-12-31,,,
2014-09-30,PYPL,USD,1633917,2014-09-30,2014-09-29 20:00:00,2014,Q3,1975000000.0,717000000.0,1258000000.0,0.6369620253,232000000,101000000.0,267000000.0,368000000.0,386000000.0,986000000.0,1703000000.0,0.0,0.0,129000000.0,401000000.0,0.2030379747,272000000.0,0.137721519,4000000.0,276000000.0,0.1397468354,42000000.0,234000000.0,0.1184810127,0.2,0.2,1171000000,1188000000,,,1.686592655849701,0.1998292058070025,0.515798462852263,0.368061485909479,,,,,,42987408829.00001,,45.92671883440171,21.765776622278484,71.1712066705298,99.7387675846868,0.0,0.0,,,,,0.0054434544061688,0.0100261916626442,0.0,0.0,,0.0,0.0,2.581196581196582,0.0,0.0,0.0511392405063291,0.1174683544303797,0.0,0.2864238410596026,0.0875949367088607,1.3410852713178294,0.0364556962025316,,0.0,0.0,,,,,,,,,,,,0.0,0.0,0.0,0.0,0.1477369769427839,2014-09-29,,amc,,2025-04-25,2014-09-30,,,
2014-06-30,PYPL,USD,1633917,2014-06-30,2014-06-29 20:00:00,2014,Q2,1983000000.0,669000000.0,1314000000.0,0.6626323752,221000000,122000000.0,253000000.0,375000000.0,388000000.0,984000000.0,1653000000.0,0.0,0.0,125000000.0,455000000.0,0.2294503278,330000000.0,0.1664145234,-4000000.0,326000000.0,0.1643973777,45000000.0,281000000.0,0.1417044881,0.24,0.24,1171000000,1188000000,,,1.6934244235695983,0.2399658411614005,0.4782237403928266,0.3962425277540564,,,,,,42987408829.00001,,38.24502564857652,21.67796713514877,76.76323005178571,92.64527764870692,0.0,0.0,,,,,0.006536797812536,0.010793858309668,0.0,0.0,,0.0,0.0,1.99288256227758,0.0,0.0,0.0615229450327786,0.1114473020675743,0.0,0.1714285714285714,0.048411497730711,0.768,0.0358043368633383,,0.0,0.0,,,,,,,,,,,,0.0,0.0,0.0,0.0,0.0819812126387702,2014-06-29,,amc,,2025-04-25,2014-06-30,,,
2014-03-31,PYPL,USD,1633917,2014-03-31,2014-03-30 20:00:00,2014,Q1,1874000000.0,643000000.0,1231000000.0,0.6568836713,198000000,115000000.0,215000000.0,330000000.0,385000000.0,913000000.0,1556000000.0,0.0,0.0,130000000.0,448000000.0,0.2390608324,318000000.0,0.1696905016,-6000000.0,312000000.0,0.166488794,694000000.0,-382000000.0,-0.2038420491,-0.33,-0.32,1171000000,1188000000,,,1.6003415883859948,-0.3262169086251067,0.3629376601195559,0.2775405636208369,1.6438941076003415,0.0,0.0,6.310845431255338,0.0,42987408829.00001,44912408829.00001,-28.133120961387437,22.93885209658485,101.14684430352942,132.26895024307694,5.816970071583221,5.816970071583221,23.96606661099253,100.25091256473216,105.67625606823532,138.19202716615388,-0.0088863230049422,0.0075603533419011,0.0,0.0,4.296875,0.0,0.0,-1.112565445026178,0.0,0.0,0.0613660618996798,0.1056563500533618,0.0,0.2352941176470588,0.0533617929562433,0.7692307692307693,0.0362860192102454,,0.0,0.0,1.6438941076003415,1925000000.0,0.0,1925000000.0,1925000000.0,,,,0.0,0.0,0.0,0.0,0.0,0.0,-0.0516914749661705,0.085397096498719,2014-03-30,,amc,,2025-04-25,2014-03-31,,,
