date,symbol,reportedCurrency,cik,fillingDate,acceptedDate,calendarYear,period,revenue,costOfRevenue,grossProfit,grossProfitRatio,researchAndDevelopmentExpenses,generalAndAdministrativeExpenses,sellingAndMarketingExpenses,sellingGeneralAndAdministrativeExpenses,otherExpenses,operatingExpenses,costAndExpenses,interestIncome,interestExpense,depreciationAndAmortization,ebitda,ebitdaratio,operatingIncome,operatingIncomeRatio,totalOtherIncomeExpensesNet,incomeBeforeTax,incomeBeforeTaxRatio,incomeTaxExpense,netIncome,netIncomeRatio,eps,epsdiluted,weightedAverageShsOut,weightedAverageShsOutDil,link,finalLink,revenuePerShare,netIncomePerShare,operatingCashFlowPerShare,freeCashFlowPerShare,cashPerShare,bookValuePerShare,tangibleBookValuePerShare,shareholdersEquityPerShare,interestDebtPerShare,marketCap,enterpriseValue,peRatio,priceToSalesRatio,pocfratio,pfcfRatio,pbRatio,ptbRatio,evToSales,enterpriseValueOverEBITDA,evToOperatingCashFlow,evToFreeCashFlow,earningsYield,freeCashFlowYield,debtToEquity,debtToAssets,netDebtToEBITDA,currentRatio,interestCoverage,incomeQuality,dividendYield,payoutRatio,salesGeneralAndAdministrativeToRevenue,researchAndDdevelopementToRevenue,intangiblesToTotalAssets,capexToOperatingCashFlow,capexToRevenue,capexToDepreciation,stockBasedCompensationToRevenue,grahamNumber,roic,returnOnTangibleAssets,grahamNetNet,workingCapital,tangibleAssetValue,netCurrentAssetValue,investedCapital,averageReceivables,averagePayables,averageInventory,daysSalesOutstanding,daysPayablesOutstanding,daysOfInventoryOnHand,receivablesTurnover,payablesTurnover,inventoryTurnover,roe,capexPerShare,report_date,epsEstimated,time,revenueEstimated,updatedFromDate,fiscalDateEnding,surprise(%),QuarterAvgPrice,QuarterAvgVolume
2025-03-31,RCL,USD,884887,2025-04-29,2025-04-29 16:40:53,2025,Q1,3999000000.0,2079000000.0,1920000000.0,0.48012003,0,0.0,0.0,562000000.0,0.0,562000000.0,2641000000.0,2000000.0,249000000.0,412000000.0,1388000000.0,0.3470867717,945000000.0,0.2363090773,-209000000.0,736000000.0,0.1840460115,-6000000.0,730000000.0,0.1825456364,2.71,2.7,269000000,276000000,https://www.sec.gov/Archives/edgar/data/884887/000088488725000095/0000884887-25-000095-index.htm,https://www.sec.gov/Archives/edgar/data/884887/000088488725000095/rcl-20250331.htm,14.866171003717472,2.7137546468401488,6.048327137546468,4.4572490706319705,1.4349442379182156,30.267657992565056,27.26394052044609,29.5910780669145,75.71747211895911,55263360000.0,74996360000.0,18.92580821917808,13.819294823705926,33.96641671788568,46.0912093411176,6.942633165829146,6.942633165829146,18.753778444611157,54.03195965417867,46.09487400122926,62.54909090909091,0.0132094755005848,0.0216961111304126,2.52751256281407,0.5371942753391007,14.21685878962536,0.1774757281553398,3.7951807228915664,2.2105978260869565,0.0026780854439541,0.2027397260273972,0.0,0.0,0.0215742817473032,0.2630608481868469,0.1070267566891722,1.0388349514563109,0.013253313328332,42.5066562576348,0.033284554531245,0.019921405960048,-105.8578066914498,-8472000000.0,7334000000.0,-27482000000.0,24901000000.0,399000000.0,937500000.0,260500000.0,9.609902475618904,41.38528138528139,11.082251082251082,9.365339578454332,2.174686192468619,8.12109375,0.0917085427135678,1.5910780669144982,2025-04-29,2.55,bmo,4013354416.0,2025-05-11,2025-03-31,0.0627450980392157,236.0355,2723488.15
2024-12-31,RCL,USD,884887,2025-02-14,2025-02-14 06:55:04,2024,Q4,3761000000.0,2052000000.0,1709000000.0,0.4544004254,0,0.0,0.0,673000000.0,412000000.0,1085000000.0,3137000000.0,3000000.0,266000000.0,410000000.0,1236000000.0,0.3286360011,624000000.0,0.1659133209,-64000000.0,560000000.0,0.1488965701,0.0,552000000.0,0.1467694762,2.02,2.0,269000000,277000000,https://www.sec.gov/Archives/edgar/data/884887/000088488725000050/0000884887-25-000050-index.htm,https://www.sec.gov/Archives/edgar/data/884887/000088488725000050/rcl-20241231.htm,13.981412639405203,2.0520446096654275,5.453531598513012,3.401486988847584,1.4423791821561338,28.7546468401487,25.75092936802974,28.11524163568773,78.38661710037175,62055610000.0,82487610000.0,28.104895833333337,16.499763360808295,42.3010293115201,67.8203387978142,8.205158006082243,8.205158006082243,21.9323610741824,66.73754854368931,56.22877300613497,90.15039344262296,0.0088952473434714,0.0147448393465151,2.7528758429194764,0.5616401402751551,16.53074433656958,0.1736783131302842,2.345864661654135,2.62432915921288,0.0023841518921496,0.2680253623188405,0.0,0.0,0.0217966010250876,0.3762781186094069,0.1467694762031374,1.3463414634146342,0.0420101036958255,36.02927873381544,0.0215693052194953,0.0152225470189178,-106.08271375464685,-8112000000.0,6927000000.0,-27630000000.0,25204000000.0,406000000.0,885000000.0,265000000.0,8.877957989896304,40.30701754385965,11.62280701754386,10.137466307277627,2.232861806311208,7.743396226415094,0.0729869099563665,2.0520446096654275,2025-01-28,1.5,bmo,3762173535.0,2025-04-28,2024-12-31,0.0866666666666666,221.44484375,1841741.515625
2024-09-30,RCL,USD,884887,2024-10-29,2024-10-29 16:35:53,2024,Q3,4886000000.0,2391000000.0,2495000000.0,0.5106426525,0,0.0,0.0,451000000.0,410000000.0,861000000.0,3252000000.0,4000000.0,603000000.0,410000000.0,2128000000.0,0.435530086,1634000000.0,0.3344248874,-519000000.0,1115000000.0,0.2282030291,0.0,1111000000.0,0.2273843635,4.22,4.21,263000000,264000000,https://www.sec.gov/Archives/edgar/data/884887/000088488724000147/0000884887-24-000147-index.htm,https://www.sec.gov/Archives/edgar/data/884887/000088488724000147/rcl-20240930.htm,18.57794676806084,4.224334600760456,3.4106463878327,2.140684410646388,1.5893536121673004,27.46768060836502,24.39163498098859,26.787072243346007,84.25475285171103,46645680000.0,67783680000.0,10.496327632763276,9.546803110929185,52.001872909699,82.85200710479573,6.621104329311569,6.621104329311569,13.873041342611543,31.853233082706765,75.56709030100335,120.3973001776199,0.0238178540863805,0.0120697136369327,3.0597586941092976,0.581541532899884,9.933270676691729,0.190115252829405,2.7097844112769485,0.8044843049327354,0.002255299954894,0.0946894689468946,0.0,0.0,0.0218253432972725,0.3723522853957636,0.0683585755218993,0.8146341463414634,0.0053213262382316,50.45834928868881,0.0556312134005175,0.0306415135969992,-110.12072243346007,-7800000000.0,6415000000.0,-28012000000.0,25364000000.0,426500000.0,836000000.0,253500000.0,8.12320916905444,32.03262233375157,9.974905897114178,11.07936507936508,2.809635722679201,9.022641509433962,0.1577004968062455,1.2699619771863118,2024-10-29,5.03,bmo,4891816392.0,2025-04-25,2024-09-30,0.0337972166998011,162.0425,2299845.859375
2024-06-30,RCL,USD,884887,2024-07-25,2024-07-25 16:45:32,2024,Q2,4110000000.0,2152000000.0,1958000000.0,0.4763990268,0,0.0,0.0,466000000.0,393000000.0,859000000.0,3011000000.0,4000000.0,298000000.0,393000000.0,1549000000.0,0.3768856448,1099000000.0,0.2673965937,-241000000.0,858000000.0,0.2087591241,0.0,854000000.0,0.2077858881,3.32,3.11,257000000,281000000,https://www.sec.gov/Archives/edgar/data/884887/000088488724000130/0000884887-24-000130-index.htm,https://www.sec.gov/Archives/edgar/data/884887/000088488724000130/rcl-20240630.htm,15.992217898832685,3.32295719844358,6.120622568093385,-2.2062256809338523,1.5214007782101169,24.05447470817121,20.90661478599222,23.377431906614785,85.87548638132296,40212790000.0,61593790000.0,11.771894028103045,9.784133819951338,25.56439287984743,-70.92202821869489,6.693207390146472,6.693207390146472,14.986323600973236,39.76358295674629,39.15689129052765,-108.6310229276896,0.0212370243397685,-0.0140999915698463,3.6238348868175767,0.5888462162600746,13.803098773402194,0.1906205781281584,3.687919463087249,1.8333333333333333,0.0,0.0,0.0,0.0,0.0218802401687672,1.3604577240940878,0.5206812652068127,5.44529262086514,0.0092457420924574,41.807291550544505,0.0385939036381514,0.0236139914281764,-116.61867704280156,-8008000000.0,5373000000.0,-28906000000.0,25149000000.0,433500000.0,848500000.0,239000000.0,9.02189781021898,34.33550185873606,10.12081784386617,9.975728155339803,2.6211936662606576,8.892561983471074,0.1421438082556591,8.326848249027238,2024-07-25,2.75,bmo,4047944058.0,2025-04-25,2024-06-30,0.1672727272727272,143.79873015873017,2436279.9682539683
2024-03-31,RCL,USD,884887,2024-04-25,2024-04-25 17:15:56,2024,Q1,3728000000.0,2056000000.0,1672000000.0,0.4484978541,0,0.0,0.0,535000000.0,387000000.0,922000000.0,2978000000.0,5000000.0,424000000.0,387000000.0,1175000000.0,0.3151824034,750000000.0,0.2011802575,-386000000.0,364000000.0,0.097639485,0.0,360000000.0,0.0965665236,1.4,1.35,257000000,281000000,https://www.sec.gov/Archives/edgar/data/884887/000088488724000108/0000884887-24-000108-index.htm,https://www.sec.gov/Archives/edgar/data/884887/000088488724000108/rcl-20240331.htm,14.505836575875486,1.4007782101167314,5.167315175097277,4.22568093385214,1.7003891050583655,20.71984435797665,17.571984435797667,20.042801556420237,84.08171206225681,36123920000.0,56871920000.0,25.08605555555556,9.68989270386266,27.201746987951807,33.26327808471455,7.012991652106387,7.012991652106387,15.255343347639483,48.40163404255319,42.82524096385542,52.36825046040516,0.0099656958602499,0.0300631825117539,4.112793632304407,0.6020176186416596,17.65787234042553,0.1887935386168601,1.768867924528302,3.648351648351648,0.0,0.0,0.0,0.0,0.0229894856493321,0.1822289156626506,0.0649141630901287,0.6253229974160207,0.0120708154506437,25.13362673836312,0.0277870401244859,0.0104708996247927,-112.71887159533074,-8035000000.0,4516000000.0,-27995000000.0,23398000000.0,430000000.0,834000000.0,242000000.0,10.984442060085836,38.34630350194553,10.330739299610896,8.193406593406593,2.34703196347032,8.711864406779661,0.069889341875364,0.9416342412451362,2024-04-25,1.33,bmo,3689832272.0,2025-04-25,2024-03-31,0.3308270676691728,124.87852459016392,2692142.655737705
2023-12-31,RCL,USD,884887,2024-02-21,2024-02-21 17:14:53,2023,Q4,3331419000.0,1890359000.0,1441060000.0,0.4325664229,0,0.0,0.0,503281000.0,368077000.0,871358000.0,2761717000.0,4137000.0,346481000.0,368077000.0,993480000.0,0.298215265,569702000.0,0.1710088104,-290780000.0,278922000.0,0.0837246831,0.0,277073000.0,0.0831696643,1.09,1.06,256000000,280000000,https://www.sec.gov/Archives/edgar/data/884887/000088488724000075/0000884887-24-000075-index.htm,https://www.sec.gov/Archives/edgar/data/884887/000088488724000075/rcl-20231231.htm,13.01335546875,1.08231640625,4.35935546875,-5.6732890625,1.94140625,19.13671875,15.9765625,18.453125,87.79875390625,33149440000.000004,54782440000.0,29.910384627877857,9.950546598911757,29.70393236528838,-22.824502431212057,7.017239627434378,7.017239627434378,16.44417589021375,55.14196561581512,49.08842781553681,-37.71954925838049,0.0083583010753726,-0.0438125651594717,4.68458933107536,0.6299279838319433,21.774972822804685,0.1906180193596426,1.6442517771537255,4.001100666136052,0.0,0.0,0.0,0.0,0.0230280948450086,2.3014054722467394,0.7709498565025894,6.977770955533761,0.0140135479806052,21.198412641441944,0.0207051426494639,0.0080727521706194,-114.4814453125,-7609000000.0,4090000000.0,-28440000000.0,23925000000.0,382575500.0,753693000.0,244761000.0,10.941283579159512,37.70712335593398,11.807281050848012,8.225725925925927,2.386816919191919,7.622415322580645,0.058652201524132,10.03264453125,2024-02-01,1.13,bmo,3355860000.0,2025-04-25,2023-12-31,0.1061946902654868,101.92603174603175,3067256.8412698414
2023-09-30,RCL,USD,884887,2023-10-26,2023-10-26 17:17:05,2023,Q3,4160000000.0,2137000000.0,2023000000.0,0.4862980769,0,0.0,0.0,393000000.0,365000000.0,758000000.0,2895000000.0,7000000.0,340000000.0,366000000.0,1717000000.0,0.4127403846,1265000000.0,0.3040865385,-254000000.0,1011000000.0,0.2430288462,0.0,1009000000.0,0.2425480769,3.94,3.65,256000000,282000000,https://www.sec.gov/Archives/edgar/data/884887/000088488723000056/0000884887-23-000056-index.htm,https://www.sec.gov/Archives/edgar/data/884887/000088488723000056/rcl-20230930.htm,16.25,3.94140625,2.57421875,1.4765625,2.34420703125,17.95386328125,14.79290234375,17.27725,81.668796875,23587840000.0,43554935000.0,5.844360753221011,5.670153846153847,35.793383915022766,62.40169312169312,5.3330246422318375,5.3330246422318375,10.469936298076924,25.36688118811881,66.09246585735964,115.22469576719575,0.0427762779466029,0.0160252062079444,4.650084468014296,0.6276486273230725,11.629059405940597,0.1926822868340567,3.7205882352941178,0.6524752475247525,0.0,0.0,0.0,0.0,0.0246945008940246,0.4264036418816389,0.0675480769230769,0.76775956284153,0.003125,39.143005447822745,0.0493140186110716,0.0315712408962027,-106.1777021484375,-7460976000.0,3786983000.0,-26391774000.0,21732575000.0,367754000.0,703698500.0,228718500.0,7.791728365384615,30.12856340664483,10.171726719700516,11.550710674133905,2.987198519400715,8.848055249625293,0.228126944392192,1.09765625,2023-10-26,3.46,bmo,4049240000.0,2025-04-25,2023-09-30,0.1127167630057803,100.16809523809523,2911632.0
2023-06-30,RCL,USD,884887,2023-07-27,2023-07-27 17:22:36,2023,Q2,3523000000.0,1955000000.0,1568000000.0,0.44507522,0,0.0,0.0,435000000.0,362000000.0,797000000.0,2752000000.0,10000000.0,355000000.0,361000000.0,1180000000.0,0.334941811,771000000.0,0.2188475731,-308000000.0,463000000.0,0.1314220835,0.0,459000000.0,0.1302866875,1.79,1.7,256000000,282000000,https://www.sec.gov/Archives/edgar/data/884887/000088488723000044/0000884887-23-000044-index.htm,https://www.sec.gov/Archives/edgar/data/884887/000088488723000044/rcl-20230630.htm,13.76171875,1.79296875,5.4375,2.328125,2.83759375,13.8323515625,10.67121875,13.13925,83.4897265625,26557440000.0,46849386000.0,14.464836601307187,7.53830258302583,19.07862068965517,44.559463087248325,7.895427821222672,7.895427821222672,13.298151007663924,39.70286949152543,33.65616810344827,78.60635234899328,0.0172832923655292,0.0224419221129747,6.248682977529159,0.6384031781943926,17.19656440677966,0.2036684074930186,2.171830985915493,3.0064794816414686,0.0,0.0,0.0,0.0,0.0245798209829692,0.5718390804597702,0.2259437978995174,2.204986149584488,0.011353959693443,23.02305267747619,0.0307765031497615,0.0142927881704788,-110.4154951171875,-7698030000.0,2731832000.0,-27413431000.0,21598676000.0,377267000.0,703424000.0,218607000.0,9.589023559466362,31.85728388746803,9.939820971867007,9.385731450325956,2.825099601017903,9.054489035036935,0.1364589873851247,3.109375,2023-07-27,1.55,bmo,3983730000.0,2025-04-25,2023-06-30,0.1741935483870967,78.4033870967742,3748191.7741935486
2023-03-31,RCL,USD,884887,2023-05-04,2023-05-04 16:45:17,2023,Q1,2886000000.0,1793000000.0,1093000000.0,0.3787248787,0,0.0,0.0,461000000.0,360000000.0,821000000.0,2614000000.0,15000000.0,360000000.0,360000000.0,672000000.0,0.2328482328,272000000.0,0.0942480942,-320000000.0,-48000000.0,-0.0166320166,0.0,-48000000.0,-0.0166320166,-0.19,-0.19,255000000,255000000,https://www.sec.gov/Archives/edgar/data/884887/000088488723000018/0000884887-23-000018-index.htm,https://www.sec.gov/Archives/edgar/data/884887/000088488723000018/rcl-20230331.htm,11.31764705882353,-0.188235294117647,5.137254901960785,4.149019607843138,4.811258823529411,11.864396078431373,8.690835294117647,11.182815686274507,87.87461176470588,16651500000.0,37472655000.0,-86.7265625,5.76975051975052,12.711068702290074,15.738657844990549,5.839316486289539,5.839316486289539,12.984287941787942,55.76287946428572,28.60508015267176,35.41838846880908,-0.0028826231871002,0.0635378194156682,7.731760004320354,0.6707544673737265,30.983861607142856,0.2556358366809496,0.7555555555555555,-27.291666666666668,0.0,0.0,0.0,0.0,0.0246195926455242,0.1923664122137404,0.0873180873180873,0.7,0.009009009009009,,0.0106405306025767,-0.0014971353718224,-110.67906960784312,-7027947000.0,2216163000.0,-27431469000.0,21768853000.0,455088500.0,680918500.0,222649500.0,11.82464656964657,35.881388733965416,11.108148354712773,7.611221144742429,2.508264121750833,8.102160425487689,-0.016832549100195,0.9882352941176472,2023-05-04,-0.71,bmo,2822980000.0,2025-04-25,2023-03-31,-0.676056338028169,65.97209677419355,3895704.9516129033
2022-12-31,RCL,USD,884887,2023-02-23,2023-02-23 17:28:20,2022,Q4,2603992000.0,1782442000.0,821550000.0,0.315496361,0,0.0,0.0,444358000.0,361741000.0,806099000.0,2588541000.0,14092000.0,431610000.0,360595000.0,291999000.0,0.1121351371,15451000.0,0.005933582,-515657000.0,-500206000.0,-0.192091988,0.0,-500206000.0,-0.192091988,-1.96,-1.96,255184000,255184000,https://www.sec.gov/Archives/edgar/data/884887/000088488723000006/0000884887-23-000006-index.htm,https://www.sec.gov/Archives/edgar/data/884887/000088488723000006/rcl-20221231.htm,10.204370179948588,-1.9601777540911656,2.259538215562104,1.605903975170857,7.582763809643238,11.242867891403847,8.072606433005204,11.242867891403847,95.7176390369302,12613745120.0,34672745120.0,-6.3042751986181695,4.844003023050762,21.87615135675115,30.78017164428589,4.396565047054724,4.396565047054724,13.315227204999092,118.74268446124816,60.13330798927503,84.60873721635623,-0.0396556292553341,0.0324884478084332,8.363192750087139,0.7103860729512079,75.54477926294268,0.3738481278432287,0.0357985218136743,-1.152721078915487,0.0,0.0,0.0,0.0,0.0239519185220274,0.2892777983968033,0.0640543442529777,0.4625604903007529,0.0045434087355107,,0.0005645025757188,-0.0151729305062638,-111.53422628377956,-5368000000.0,2060000000.0,-27702000000.0,23525000000.0,532707000.0,635282500.0,230593000.0,18.352590944979863,32.66866467464299,11.31032594608969,4.903939736346516,2.754933539412674,7.957330357142857,-0.1743485535029627,0.6536342403912471,2023-02-07,-1.37,bmo,2610036650.0,2025-04-25,2022-12-31,-0.1824817518248175,52.42492063492063,5407846.317460317
2022-09-30,RCL,USD,884887,2022-11-03,2022-11-03 17:08:33,2022,Q3,2993075000.0,1966449000.0,1026626000.0,0.343000426,0,0.0,0.0,373116000.0,355085000.0,728201000.0,2694650000.0,11953000.0,352187000.0,355085000.0,740240000.0,0.247317558,298425000.0,0.0997051527,-265457000.0,32968000.0,0.0110147591,0.0,32968000.0,0.0110147591,0.13,0.13,255071000,255378000,https://www.sec.gov/Archives/edgar/data/884887/000088488722000038/0000884887-22-000038-index.htm,https://www.sec.gov/Archives/edgar/data/884887/000088488722000038/rcl-20220930.htm,11.73428182741276,0.1292502871749434,-0.1745945246617608,-1.0587365870679144,6.140302111960984,12.566791207154086,9.394337262958157,12.566791207154086,95.26489879288512,9667190900.0,32048103900.0,73.30738064183451,3.229852542953317,-217.07439035343785,-35.7973838468745,3.0158852307838213,3.0158852307838213,10.707417588934456,43.29420714903274,-719.6322787084026,-118.67338596497724,0.0034102978146423,-0.0279350022973064,7.470813845531824,0.7156045312915089,30.2346711877229,0.2896720173608438,0.8473481417542386,-1.3508250424654211,0.0,0.0,0.0,0.0,0.0241811022469093,-5.063973593209682,0.0753469258204355,0.6351127194896996,0.0047279136005612,6.0453189228381445,0.0107771540585008,0.0010095853959711,-110.45218586197568,-6956948000.0,2396223000.0,-27421720000.0,22099917000.0,549714000.0,692214500.0,233147000.0,16.06951379434194,28.539184082577275,10.85547603828017,5.6006672729382085,3.1535589713983305,8.290746502744682,0.010285066811754,0.8841420624061536,2022-11-03,0.23,bmo,2975503653.0,2025-04-25,2022-09-30,0.1304347826086956,40.51453125,7619476.40625
2022-06-30,RCL,USD,884887,2022-07-29,2022-07-29 17:29:37,2022,Q2,2184242000.0,1679919000.0,504323000.0,0.2308915404,0,0.0,0.0,371425000.0,351542000.0,722967000.0,2402886000.0,6490000.0,302706000.0,351542000.0,132666000.0,0.0607377754,-218644000.0,-0.1001006299,-302938000.0,-521582000.0,-0.2387931374,0.0,-521582000.0,-0.2387931374,-2.05,-2.05,254964000,254964000,https://www.sec.gov/Archives/edgar/data/884887/000088488722000028/0000884887-22-000028-index.htm,https://www.sec.gov/Archives/edgar/data/884887/000088488722000028/rcl-20220630.htm,8.566864341632543,-2.045708413736841,1.8772846362623743,-1.8670125978569525,8.245105191321128,13.327756075367503,10.153590310788974,13.327756075367503,94.71424985488149,8900793240.0,30644606240.0,-4.266248279273441,4.075003245977323,18.596007939160955,-18.69832053627886,2.619345657482509,2.619345657482509,14.029858523002488,230.9906550284172,64.02433194049807,-64.37658473050558,-0.0585994962399553,-0.0534807389818662,7.017460355763724,0.7025261727333376,163.89891155231936,0.3038460560463,-0.7222982035374258,-0.9176697048594468,0.0,0.0,0.0,0.0,0.0238426821006653,1.9945282466989804,0.4370674128599303,2.71563852967782,-0.0058166631719379,,-0.007875657373388,-0.0157416199162749,-109.4453628747588,-8158494000.0,2588800000.0,-26984259000.0,20776688000.0,535587000.0,714511000.0,204287000.0,23.28096428875555,40.76253676516546,12.274234650599224,3.8658192540361833,2.2079096921394625,7.332432739144857,-0.1534923360067897,3.744297234119327,2022-07-28,-2.23,bmo,2105414202.0,2025-04-25,2022-06-30,-0.0672645739910313,62.20919354838709,4682090.70967742
2022-03-31,RCL,USD,884887,2022-05-05,2022-05-05 17:15:58,2022,Q1,1059231000.0,1184942000.0,-125711000.0,-0.118681383,0,0.0,0.0,394030000.0,339467000.0,733497000.0,1918439000.0,3322000.0,277659000.0,339467000.0,-550016000.0,-0.5192597271,-859208000.0,-0.81116206,-307934000.0,-1167142000.0,-1.1018767389,0.0,-1167142000.0,-1.1018767389,-4.58,-4.58,254821000,254821000,https://www.sec.gov/Archives/edgar/data/884887/000088488722000018/0000884887-22-000018-index.htm,https://www.sec.gov/Archives/edgar/data/884887/000088488722000018/rcl-20220331.htm,4.156764944804392,-4.580242601669407,-2.075366629908838,-7.424556845785865,7.725046208907429,15.6538432860714,12.47735861644056,15.6538432860714,91.74201890738988,21348903380.0,42480533380.0,-4.572901879120107,20.155096839121967,-40.3687708921484,-11.284175168993828,5.352040292529722,5.352040292529722,40.1050699800138,-77.2350865792995,-80.32669823219192,-22.45350833248323,-0.0546698806596969,-0.0886196806610869,5.791063162834726,0.701279156118953,-38.420027781010006,0.3967620745622295,-3.094471996225586,0.4531128174635134,0.0,0.0,0.0,0.0,0.0245730130281125,-2.577467585142773,1.286863771925104,4.015371155370036,0.0215618689407692,,-0.0311696516929059,-0.0363249781835444,-104.04642082088996,-4830225000.0,3179493000.0,-25774131000.0,23455609000.0,457113500.0,607068000.0,164845000.0,43.00704945380186,50.74866111590272,13.63099628505024,2.09268018018018,1.7734458017415042,6.602598820946586,-0.2925954040784893,5.349190215877028,2022-05-05,-4.68,bmo,1146305362.0,2025-04-25,2022-03-31,-0.0235042735042733,78.73693548387097,4410031.145161291
2021-12-31,RCL,USD,884887,2022-03-01,2022-03-01 09:15:18,2021,Q4,982247000.0,1135504000.0,-153257000.0,-0.1560269464,0,0.0,0.0,503055000.0,375433000.0,878488000.0,2013992000.0,3456000.0,283767000.0,333366000.0,-739835000.0,-0.7532066782,-1031745000.0,-1.0503926202,-325223000.0,-1356968000.0,-1.3814936569,0.0,-1356968000.0,-1.3814936569,-5.33,-5.33,254792000,254792000,https://www.sec.gov/Archives/edgar/data/884887/000088488722000008/0000884887-22-000008-index.htm,https://www.sec.gov/Archives/edgar/data/884887/000088488722000008/rcl-20211231.htm,3.8550935665170014,-5.325787308863701,-0.8047583911582781,-3.063200571446514,10.603825865804264,19.95963766523282,15.07746318565732,19.95963766523282,86.25763367766649,19593504800.0,38585722800.0,-3.609794925156673,19.94763516712192,-95.5566302195605,-25.104461234703304,3.852775350423827,3.852775350423827,39.28311595759519,-52.15449769205296,-188.18081211045327,-49.438515065748085,-0.0692560118187737,-0.0398335574960534,4.265804564928594,0.6725075720693136,-25.6708833726439,0.4941569651053992,-3.635887893941156,0.1511059951303199,0.0,0.0,0.0,0.0,0.0385617617513354,-2.806360523979985,0.5858332985491429,1.726129839275751,0.008351259917312,,-0.0378140149845747,-0.0437528148200501,-94.54718652861942,-3685412000.0,3841617000.0,-23572528000.0,24008604000.0,402649500.0,503694500.0,146316000.0,37.38981132037053,43.274193662021446,11.906748016739703,2.4070728581335907,2.079761455589786,7.558738949834913,-0.2668278552040327,2.258442180288235,2022-02-04,-3.7,bmo,1043640510.0,2025-04-25,2021-12-31,0.2918918918918919,81.2303125,3993357.3125
2021-09-30,RCL,USD,884887,2021-10-29,2021-10-29 17:23:21,2021,Q3,456958000.0,813691000.0,-356733000.0,-0.7806691206,0,0.0,0.0,323422000.0,325669000.0,649091000.0,1462782000.0,3786000.0,430661000.0,325907000.0,-667986000.0,-1.4618104946,-1005824000.0,-2.201130082,-418730000.0,-1424554000.0,-3.1174725029,0.0,-1424554000.0,-3.1174725029,-5.59,-5.59,254713000,254713000,https://www.sec.gov/Archives/edgar/data/884887/000088488721000028/0000884887-21-000028-index.htm,https://www.sec.gov/Archives/edgar/data/884887/000088488721000028/rcl-20210930.htm,1.794011298991414,-5.592780894575464,-1.58301696419107,-3.0281571808270487,12.913852060947027,25.391314930922253,22.21372682195255,25.391314930922253,85.94223302304947,22656721350.0,40827338350.0,-3.9761078467365927,49.58162752375492,-56.19017484468584,-29.374300833256623,3.5031663480993736,3.5031663480993736,89.3459319018378,-61.120050944181465,-101.25451272894114,-52.932394779796994,-0.062875558117768,-0.0340433634719173,3.318121319867436,0.656959166113944,-27.202092558826084,0.7948587809846421,-2.3355353746914624,0.2830464833203936,0.0,0.0,0.0,0.0,0.0247775593418463,-0.9129025457882272,0.8055357385142617,1.1294510397137834,0.0434897736772307,,-0.0353531877740922,-0.0447182750305411,-88.49023803260926,-1075539000.0,5658125000.0,-22030687000.0,25993770000.0,371143500.0,423047000.0,137648000.0,78.23668696028957,51.0353315939343,15.751335580705696,1.1503554597816892,1.7634841822149885,5.713801190944329,-0.2202635393161312,1.4451402166359786,2021-10-29,-4.48,bmo,616550000.0,2025-04-25,2021-09-30,0.0959821428571427,80.89125,4239123.5625
2021-06-30,RCL,USD,884887,2021-08-05,2021-08-05 09:01:45,2021,Q2,50914000.0,424830000.0,-373916000.0,-7.3440703932,0,0.0,0.0,285558000.0,364060000.0,649618000.0,1074448000.0,4670000.0,304811000.0,323439000.0,-719005000.0,-14.1219507405,-1023534000.0,-20.1031936206,-323721000.0,-1347255000.0,-26.4613858664,0.0,-1347255000.0,-26.4613858664,-5.29,-5.29,254577000,254577000,https://www.sec.gov/Archives/edgar/data/884887/000088488721000018/0000884887-21-000018-index.htm,https://www.sec.gov/Archives/edgar/data/884887/000088488721000018/rcl-20210630.htm,0.1999945006815227,-5.292131653684347,-1.8083762476578795,-2.6901683969879446,16.695809126511822,30.96907811781897,27.789548938042323,30.96907811781897,86.3103108293365,21710326560.0,39127766560.0,-4.028622376610219,426.4117248693876,-47.158327870348046,-31.700617736601178,2.753714517285926,2.753714517285926,768.5070228227993,-54.41932470566964,-84.99181434104233,-57.13292092486731,-0.0620559527871053,-0.0315451266063314,2.7483216356133267,0.6431150848383362,-24.224365616372623,1.0704134760343311,-3.3579299959647124,0.3417103666343788,0.0,0.0,0.0,0.0,0.0240245729827191,-0.4876154232130173,4.409081981380367,0.694053592794932,0.3285540322897435,,-0.0340409627389057,-0.0409717598650493,-83.40243914414893,329515000.0,7074580000.0,-20798717000.0,27571365000.0,285897500.0,362777500.0,126146500.0,609.9491299053306,81.4948803050632,28.1522491349481,0.1475532886061642,1.1043638528346718,3.196902654867257,-0.1708843780738621,0.8817921493300651,2021-08-04,-4.26,bmo,50914000.0,2025-04-25,2021-06-30,0.1877934272300469,87.15126984126984,3726855.095238095
2021-03-31,RCL,USD,884887,2021-04-29,2021-04-29 17:24:11,2021,Q1,42014000.0,283487000.0,-241473000.0,-5.7474413291,0,0.0,0.0,258041000.0,309717000.0,567758000.0,851245000.0,4861000.0,272514000.0,310166000.0,-549042000.0,-13.0680725472,-809231000.0,-19.2609844338,-322491000.0,-1131722000.0,-26.9367829771,0.0,-1131722000.0,-26.9367829771,-4.66,-4.66,243004000,243004000,https://www.sec.gov/Archives/edgar/data/884887/000088488721000011/0000884887-21-000011-index.htm,https://www.sec.gov/Archives/edgar/data/884887/000088488721000011/rcl-20210331.htm,0.1728942733452947,-4.6572155190861055,-3.329916379977284,-7.698943227271979,20.95217774193017,37.74580665338842,34.41475448963803,37.74580665338842,89.92834274332932,20803572440.0,37292542440.0,-4.595557133288917,495.1581006331223,-25.709354299336493,-11.119707922607295,2.26806651096738,2.26806651096738,887.6218032084544,-67.92293201612992,-46.08666079242891,-19.93321968235167,-0.0544003681706121,-0.0899304196620953,2.352762128746928,0.6283048631247268,-30.03225618440848,1.7044521136830546,-2.969502484276038,0.7150015639883293,0.0,0.0,0.0,0.0,0.0235670445630112,-1.3120530213808248,25.269933831579948,3.4229767285904966,0.4482791450468891,,-0.0258119899500407,-0.0337448573413719,-81.70017983243075,2335139000.0,8362923000.0,-19524722000.0,29518937000.0,255444500.0,347147000.0,119054000.0,485.7095253962965,108.21829572431892,37.90808749607566,0.185295933668519,0.8316523504423948,2.374163560989908,-0.1233836532320612,4.369026847294695,2021-04-29,-4.54,bmo,37280000.0,2025-04-25,2021-03-31,-0.0220264317180615,79.29377049180329,5401028.836065574
2020-12-31,RCL,USD,884887,2021-02-26,2021-02-26 16:26:58,2020,Q4,34138000.0,265260000.0,-231122000.0,-6.7702267268,0,0.0,0.0,255533000.0,529894000.0,785427000.0,1050687000.0,5279000.0,273089000.0,318028000.0,-775818000.0,-22.7259359072,-1016549000.0,-29.777637823,-350386000.0,-1366935000.0,-40.0414494112,0.0,-1366935000.0,-40.0414494112,-6.09,-6.09,224584000,224584000,https://www.sec.gov/Archives/edgar/data/884887/000088488721000006/0000884887-21-000006-index.htm,https://www.sec.gov/Archives/edgar/data/884887/000088488721000006/rcl-20201231.htm,0.1520054856980016,-6.086519965803441,-3.675230648665978,-5.420190218359277,16.40577245039718,39.00842891746518,33.4232848288391,39.00842891746518,90.24990649378408,16774178960.0,33085300960.0,-3.067845025549861,491.36384556798873,-20.322534050240005,-13.779959187965378,1.914714385396823,1.914714385396823,969.163423750659,-42.64569906859599,-40.08405758191806,-27.1795178790886,-0.0814904266408279,-0.0725691554205285,2.28242797439328,0.6159088503017094,-21.02441809805908,0.9503266498733448,-3.722409177960299,0.6038311989962947,0.0,0.0,0.0,0.0,0.0386362783001989,-0.4747891320308505,11.479582869529557,1.2322499905668682,0.290233757103521,,-0.0345743445220926,-0.0437967844070138,-87.92959761158409,-225374000.0,7506335000.0,-19392771000.0,26875540000.0,224687000.0,387222500.0,130567500.0,749.1185775382272,119.91246324361003,40.27471160370957,0.1201411935287472,0.7505475041168914,2.2346528731371573,-0.1560308921613178,1.7449595696932996,2021-02-22,-5.04,bmo,45540000.0,2025-04-25,2020-12-31,-0.003968253968254,69.71234375,6710806.875
2020-09-30,RCL,USD,884887,2020-11-04,2020-11-04 07:57:40,2020,Q3,-33688000.0,308609000.0,-342297000.0,10.1607990976,0,0.0,0.0,246779000.0,407038000.0,653817000.0,962426000.0,5017000.0,259349000.0,317139000.0,-762824000.0,22.6437900736,-996114000.0,29.5688078841,-343198000.0,-1339312000.0,39.7563524104,0.0,-1346756000.0,39.9773213014,-6.29,-6.29,214163000,214163000,https://www.sec.gov/Archives/edgar/data/884887/000088488720000049/0000884887-20-000049-index.htm,https://www.sec.gov/Archives/edgar/data/884887/000088488720000049/rcl-20200930.htm,-0.1573007475614368,-6.288462526206675,-4.003642085701078,-4.850427011201748,14.0864108179284,38.889042458314464,33.02072253377101,38.889042458314464,92.44613215167888,13862770990.0,30385174990.0,-2.5733635101681376,-411.504719484683,-16.167778890920797,-13.345216792358745,1.664479141377284,1.664479141377284,-901.9584121942532,-39.83248428208866,-35.437416599800336,-29.25077156708529,-0.0971491198239869,-0.0749332150656843,2.3460372783209267,0.6138838366875796,-21.65952303545772,0.7635545831608281,-3.8408245260247775,0.6402033282760103,0.0,0.0,0.0,0.0,0.0394855164236426,-0.2115036527677996,-5.383222512467348,0.5718312790290693,-0.6265435763476609,,-0.0348751252787502,-0.044051895403881,-94.73295223731456,-1093670000.0,7071817000.0,-19968421000.0,26110133000.0,185573000.0,541225000.0,147514000.0,-441.4108881500831,122.78342498112498,41.53760907815391,-0.2038916628839461,0.7329979597314161,2.1667111323298136,-0.1617026835501886,0.8467849255006701,2020-10-29,-4.92,bmo,1981191288.0,2025-04-25,2020-09-30,0.1422764227642276,58.87359375,9646714.0625
2020-06-30,RCL,USD,884887,2020-08-10,2020-08-10 17:31:25,2020,Q2,175605000.0,680420000.0,-504815000.0,-2.8747188292,0,0.0,0.0,301418000.0,476254000.0,777672000.0,1458092000.0,5206000.0,218889000.0,319757000.0,-1093205000.0,-6.2253637425,-1282487000.0,-7.3032487685,-349364000.0,-1631851000.0,-9.2927365394,0.0,-1639292000.0,-9.3351100481,-7.83,-7.83,209385000,209385000,https://www.sec.gov/Archives/edgar/data/884887/000088488720000037/0000884887-20-000037-index.htm,https://www.sec.gov/Archives/edgar/data/884887/000088488720000037/rcl-20200630.htm,0.8386703918618812,-7.829080402130048,-10.733973302767629,-11.399431668935216,19.80414547364902,45.603906679083984,39.58577739570647,42.81063590992669,94.17940158082004,10532065500.0,25886239500.0,-1.606191194125269,59.97588622191851,-4.686056000067629,-4.41250068080792,1.1749416688374097,1.1749416688374097,147.4117451097634,-23.679217987477188,-11.517623767926878,-10.84526576646403,-0.155647721712327,-0.2266288602173999,2.17548769202708,0.585496519407613,-14.04510041575002,0.9889235763075828,-5.85907469082503,1.3772931057304356,0.0154630637266735,-0.0993465471679237,0.0,0.0,0.0378335872323945,-0.0619955302102349,0.7934682953218872,0.4357590295130364,0.0922069417157825,,-0.0431121629502316,-0.051153643071147,-92.558393628961,-52468000.0,8288668000.0,-19073329000.0,27464775000.0,213398500.0,1037910500.0,165150500.0,105.5373708037926,87.48777225831104,20.18406278475059,0.8527784927229375,1.0287151870123237,4.458963537707411,-0.1828769938994222,0.665458366167586,2020-08-10,-4.71,bmo,138077667.0,2025-04-25,2020-06-30,0.3014861995753715,45.254603174603176,23723344.33333333
2020-03-31,RCL,USD,884887,2020-05-21,2020-05-21 09:05:32,2020,Q1,2032750000.0,1510819000.0,521931000.0,0.256761038,0,0.0,0.0,395890000.0,1432448000.0,1828338000.0,3339157000.0,5534000.0,92911000.0,324330000.0,-1019794000.0,-0.5016819579,-1306407000.0,-0.6426796212,-130628000.0,-1437035000.0,-0.7069413356,0.0,-1444479000.0,-0.7106033698,-6.91,-6.91,209097000,209097000,https://www.sec.gov/Archives/edgar/data/884887/000088488720000029/0000884887-20-000029-index.htm,https://www.sec.gov/Archives/edgar/data/884887/000088488720000029/rcl-20200331.htm,9.72156463268244,-6.908176587899396,0.9503244905474492,-5.039976661549424,18.60768447180017,51.69466802488797,45.50506702630837,48.93315064300301,80.36770015829974,6726650490.0,19547573490.0,-1.164200118174096,3.3091381084737423,33.851595239293445,-6.382966065186118,0.6574275225950532,0.6574275225950532,9.616319512975034,-19.168158951709856,98.37236923154346,-18.5488302727918,-0.214739713643127,-0.1566669773562146,1.6333171908100013,0.4996773065361863,-12.572071418345274,0.511468688107927,-14.060843172498412,-0.1382777733318952,0.0243156679900578,-0.1132332141900297,0.0,0.0,0.0386971131425625,6.303427104826128,0.616186938875907,3.86197391545648,-0.003654163079572,,-0.046134888877808,-0.0449282080653231,-88.43040550557875,-4388169000.0,9514973000.0,-18041652000.0,23382712000.0,263348500.0,989050000.0,169906000.0,9.77928422088304,84.25593006177445,10.58594709227247,9.203127546677774,1.0681740731366225,8.501837314650684,-0.1411757979431721,5.990301152096873,2020-05-20,-0.81,bmo,1756876783.0,2025-04-25,2020-03-31,0.8271604938271604,91.355,10089382.5
2019-12-31,RCL,USD,884887,2020-02-25,2020-02-25 17:13:38,2019,Q4,2517413000.0,1481519000.0,1035894000.0,0.4114914795,0,0.0,0.0,414707000.0,321762000.0,736469000.0,2217988000.0,5194000.0,94756000.0,321762000.0,696992000.0,0.2768683565,299425000.0,0.1189415483,-18951000.0,280474000.0,0.1114135821,0.0,273136000.0,0.108498685,1.31,1.3,209193000,209767000,https://www.sec.gov/Archives/edgar/data/884887/000088488720000009/0000884887-20-000009-index.htm,https://www.sec.gov/Archives/edgar/data/884887/000088488720000009/rcl-20191231.htm,12.033925609365514,1.305665103516848,2.912611798673952,-0.3512067803415984,1.165134588633463,60.87119071861869,51.91190909829679,58.146524979325314,56.542279139359344,27929357430.0,39419112430.0,25.56359966280534,11.09446778498403,45.83858379643458,-380.1464193548387,2.296095941201492,2.296095941201492,15.658579831755857,56.55604717127313,64.69594915788333,-536.5334480740438,0.0097795303985982,-0.0026305653534686,0.9646203182776236,0.3869849306160852,16.48477313943345,0.146189262376875,3.15995820845118,2.172386745295464,0.0058408432921831,0.597251918458204,0.0,0.0,0.0618140318210739,1.12058139038697,0.2712181116090209,2.121965925124781,0.0098013317639974,41.330345903660245,0.0119363543262482,0.0096018904547957,-81.41907114482798,-6790268000.0,10859608000.0,-16423829000.0,21238314000.0,327406000.0,551327500.0,164660000.0,10.933402663766335,34.24427226380492,9.84775085570958,8.231655118517041,2.628176744615101,9.139142665029889,0.0224547400550779,3.2638185790155503,2020-02-04,1.42,bmo,2517413000.0,2025-04-25,2019-12-31,0.0,116.5446875,1570933.75
2019-09-30,RCL,USD,884887,2019-10-30,2019-10-30 17:28:26,2019,Q3,3186850000.0,1623038000.0,1563812000.0,0.4907077522,0,0.0,0.0,352725000.0,320295000.0,673020000.0,2296058000.0,5625000.0,102038000.0,320295000.0,1312698000.0,0.411910821,890792000.0,0.2795211573,-427000.0,890365000.0,0.2793871691,0.0,883240000.0,0.2771514191,4.21,4.2,209575000,210121000,https://www.sec.gov/Archives/edgar/data/884887/000088488719000046/0000884887-19-000046-index.htm,https://www.sec.gov/Archives/edgar/data/884887/000088488719000046/a2019q310q.htm,15.206250745556485,4.214433973517834,4.349473935345341,2.079384468567339,1.3204342120959085,59.83681736848384,50.93929142311821,57.1485482524156,54.87362042228319,22703259750.0,33824630750.0,6.426129859947466,7.124044040353327,24.906460323781378,52.09714780385831,1.8955862101960048,1.8955862101960048,10.613813248191788,25.7672600628629,37.10708651613038,77.61734689194492,0.0389036644836872,0.0191949087839687,0.951673165701295,0.3821600946922497,8.472147439852883,0.1692487868898918,8.730002548070328,1.02378350451781,0.0064460346933219,0.1656922240840541,0.0,0.0,0.0625203747898481,0.5219227659534788,0.1492865996203147,1.4853619319689662,0.0029125939407251,73.61452047031605,0.0361079496329302,0.0315885525580454,-79.50891208397948,-5909577000.0,10675602000.0,-16081203000.0,21657987000.0,344956000.0,535368500.0,167611000.0,9.85587335456642,29.88556645007695,9.27222283150487,9.131610843832648,3.011487172255631,9.706410386752228,0.0737452499213695,2.270089466778003,2019-10-30,4.31,bmo,3216703395.0,2025-04-25,2019-09-30,-0.0092807424593967,110.10484375,1793600.515625
2019-06-30,RCL,USD,884887,2019-07-26,2019-07-25 18:01:10,2019,Q2,2806631000.0,1544504000.0,1262127000.0,0.4496946695,0,0.0,0.0,376874000.0,311600000.0,688474000.0,2232978000.0,6342000.0,111304000.0,311600000.0,902859000.0,0.3216878172,573653000.0,0.2043920273,-93698000.0,479955000.0,0.1710075176,0.0,472830000.0,0.1684688867,2.26,2.25,209531000,210052000,https://www.sec.gov/Archives/edgar/data/884887/000088488719000042/0000884887-19-000042-index.htm,https://www.sec.gov/Archives/edgar/data/884887/000088488719000042/a2019q210q.htm,13.39482463215467,2.2566111935704023,5.331301812142356,-1.331316129832817,1.1215571920145468,57.72498102906014,51.17165956350134,55.0677608563888,56.138423431377696,24739325170.0,36155760170.0,13.08045448152613,8.814598417105776,22.146560851439432,-88.68667430238894,2.144085725728248,2.144085725728248,12.882263528764556,40.04585452434987,32.36651514269882,-129.61283722647624,0.0191124857590446,-0.0112756511377387,1.0097962430329397,0.3908702356022997,12.644759591475523,0.1691198686024776,5.153929777905556,2.3274536154431145,0.005916895428397,0.3095827252923884,0.0,0.0,0.0460641333301038,1.249716894061534,0.4974024016694749,4.4801829268292686,0.0052204938946373,52.87718624275655,0.023599195644557,0.0166279608147999,-81.79740825939837,-6303173000.0,10722049000.0,-16430822000.0,20645979000.0,357951500.0,514484000.0,162974000.0,10.932285006472172,30.98788996337983,9.790075001424404,8.232496678116044,2.9043603842132577,9.192983709206054,0.040978807899152,6.662617941975173,2019-07-25,2.45,bmo,2707183444.0,2025-04-25,2019-06-30,0.0367346938775509,121.82380952380952,1429378.984126984
2019-03-31,RCL,USD,884887,2019-05-02,2019-05-01 18:07:22,2019,Q1,2439767000.0,1413704000.0,1026063000.0,0.4205577828,0,0.0,0.0,414947000.0,292285000.0,707232000.0,2120936000.0,9784000.0,100415000.0,292285000.0,649506000.0,0.2662164051,318831000.0,0.1306809216,-62025000.0,256806000.0,0.105258412,0.0,249681000.0,0.1023380511,1.19,1.19,209322000,209874000,https://www.sec.gov/Archives/edgar/data/884887/000088488719000023/0000884887-19-000023-index.htm,https://www.sec.gov/Archives/edgar/data/884887/000088488719000023/final2019q110q.htm,11.65556893207594,1.1928082093616534,5.152129255405548,2.90623059210212,1.1857186535576767,56.46188647156056,49.87699811773249,53.83605163336868,53.41993197083919,24199716420.0,35033071420.0,24.230634709889816,9.918863735758372,22.439266227395883,39.78005059687214,2.147445744857384,2.147445744857384,14.35918734043046,53.93802585349481,32.48453009585944,57.58816878117099,0.0103175175967619,0.0251382284586291,0.9833599400837868,0.3858472525586569,16.679376326007766,0.1644622963669988,3.175133197231489,4.199489108509926,0.0060668892747297,0.5880183113653021,0.0,0.0,0.0479930239673337,0.43591659913172,0.1926888920130487,1.6084164428554322,0.0111986103591039,38.01133906912187,0.0135898548384023,0.0091318798287757,-77.83668701808696,-6772821000.0,10440353000.0,-15568212000.0,19024343000.0,349744500.0,492696000.0,155756000.0,13.832624180915635,31.65174605150725,10.054799307351468,6.506357638499981,2.843445029969025,8.95094941718005,0.0221563092606577,2.2458986633034272,2019-05-01,1.11,bmo,2067283488.0,2025-04-25,2019-03-31,0.1801801801801801,113.70344262295082,1558947.4590163934
2018-12-31,RCL,USD,884887,2019-02-22,2019-02-22 17:15:23,2018,Q4,2332301000.0,1360413000.0,971888000.0,0.416707792,0,0.0,0.0,327693000.0,280168000.0,607861000.0,1968274000.0,6138000.0,97420000.0,280168000.0,698041000.0,0.2992928443,364027000.0,0.156080626,-43574000.0,320453000.0,0.1373977887,0.0,315703000.0,0.1353611734,1.51,1.5,209001000,210051000,https://www.sec.gov/Archives/edgar/data/884887/000088488719000017/0000884887-19-000017-index.htm,https://www.sec.gov/Archives/edgar/data/884887/000088488719000017/rcl-20181231x10k.htm,11.159281534538112,1.5105334424237205,3.5031172099655024,-2.003559791579945,1.3772757068147998,55.729307515275046,46.73195343562949,53.135922794627774,52.03381323534337,20438207790.0,30928054790.0,16.18467973855174,8.763108959778348,27.915137901127498,-48.80812662091101,1.8403745499624016,1.8403745499624016,13.260747557883825,44.306931526944695,42.24249617908776,-73.85874680593965,0.0154467066410033,-0.0204883913649651,0.9704864120453892,0.3891109083708116,15.02755139024785,0.1746365558166887,3.736676247177171,2.284750025744805,0.007144902405359,0.4625518287757797,0.0,0.0,0.0678907383024282,1.5719362703252726,0.4934616072282266,4.107895976699695,-0.0074428643644195,42.49624381571773,0.0158214592092621,0.0122281073060639,-73.88849933732375,-5870121000.0,9767025000.0,-14808745000.0,19476498000.0,354902000.0,460149000.0,152865000.0,12.522238767637624,32.29833881328685,10.159833815172304,7.1872132188211655,2.7865210195570778,8.85841261159188,0.0284277257828378,5.506677001545447,2019-01-30,1.51,bmo,2317057202.0,2025-04-25,2018-12-31,0.0132450331125827,109.56714285714284,1840145.761904762
2018-09-30,RCL,USD,884887,2018-10-26,2018-10-25 17:32:39,2018,Q3,2796187000.0,1411364000.0,1384823000.0,0.4952540728,0,0.0,0.0,325167000.0,259923000.0,585090000.0,1996454000.0,5831000.0,86510000.0,259923000.0,1156824000.0,0.4137148195,799733000.0,0.2860084107,10658000.0,810391000.0,0.2898200299,0.0,810391000.0,0.2898200299,3.88,3.86,209054000,209928000,https://www.sec.gov/Archives/edgar/data/884887/000088488718000086/0000884887-18-000086-index.htm,https://www.sec.gov/Archives/edgar/data/884887/000088488718000086/a2018q310q.htm,13.37542931491385,3.8764673242320167,3.900418073799114,2.483334449472385,1.21892429707157,56.80783433945297,50.23095468156553,54.23543677710065,49.08275373826858,27101760560.0,37021375560.0,8.36070506706022,9.692399170727851,33.23746263787745,52.20400338244556,2.3903190921611004,2.3903190921611004,13.239949817376306,32.00259984232692,45.40282850828675,71.31138254573332,0.0299017843584697,0.0191556190178369,0.8973641608606706,0.3755299602783541,8.574869643091775,0.192140696191203,9.24439949138828,1.006178499020843,0.0046794007983074,0.1564923598608573,0.0,0.0,0.0507472630007005,0.3633158285892288,0.1059467768071305,1.139749079535093,0.0113014615975254,68.77821396228858,0.0354679514136169,0.0315098980633367,-69.82771317458646,-5713942000.0,10500982000.0,-13858635000.0,18260570000.0,370513000.0,425351000.0,137018000.0,12.401434524944149,27.553303045847848,9.702762717484646,7.257224945950786,3.2663960415287696,9.275708643046327,0.0714748060417343,1.417083624326729,2018-10-25,3.97,bmo,2789174371.0,2025-04-25,2018-09-30,0.0025188916876573,117.20539682539682,1677000.7777777778
2018-06-30,RCL,USD,884887,2018-08-02,2018-08-02 17:31:18,2018,Q2,2337605000.0,1314411000.0,1023194000.0,0.4377103916,0,0.0,0.0,312923000.0,253376000.0,566299000.0,1880710000.0,13098000.0,81864000.0,253376000.0,801535000.0,0.3428872714,456895000.0,0.1954543218,9400000.0,466295000.0,0.1994755316,0.0,466295000.0,0.1994755316,2.2,2.19,211673000,212509000,https://www.sec.gov/Archives/edgar/data/884887/000088488718000079/0000884887-18-000079-index.htm,https://www.sec.gov/Archives/edgar/data/884887/000088488718000079/rcl-6302018x10q.htm,11.04347271498963,2.2029025903161954,4.759530029810132,2.432128802445281,0.5149357735752789,50.89783770249394,49.53527374771463,50.89783770249394,40.63320782527767,21929322800.0,30339413800.0,11.757215282171156,9.381107073265158,21.766854994322376,42.59642823843859,2.035449926292718,2.035449926292718,12.978845356679166,37.851639416868885,30.114638140916203,58.93253861573844,0.0212635385165655,0.0234761467417498,0.7907302580785168,0.3541204743593517,10.492481301502742,0.1998956809363272,5.581146780025408,2.1605721699782325,0.0057824403040845,0.2719415820457007,0.0,0.0,0.0119889249864364,0.4889981180468979,0.2107490358721854,1.944335690831018,0.0049858722923676,50.22715417597474,0.0231546612480078,0.0196180947499766,-60.69080019652955,-4402454000.0,10485280000.0,-12183442000.0,17315683000.0,371795500.0,436596000.0,116352500.0,13.695902430051271,28.66336328591285,8.345266434927888,6.571308496074259,3.1398967072448256,10.784556814545574,0.0432808679062658,2.3274012273648506,2018-08-02,2.01,bmo,2069857268.0,2025-04-25,2018-06-30,0.1293532338308459,109.91015625,2048754.171875
2018-03-31,RCL,USD,884887,2018-04-30,2018-04-30 17:19:38,2018,Q1,2027756000.0,1176019000.0,851737000.0,0.420039196,0,0.0,0.0,337361000.0,240230000.0,577591000.0,1753610000.0,7733000.0,67878000.0,240230000.0,526761000.0,0.2597753379,274146000.0,0.1351967396,-55493000.0,218653000.0,0.1078300348,0.0,218653000.0,0.1078300348,1.03,1.02,212610000,213602000,https://www.sec.gov/Archives/edgar/data/884887/000088488718000042/0000884887-18-000042-index.htm,https://www.sec.gov/Archives/edgar/data/884887/000088488718000042/rcl-3312018x10q.htm,9.537444146559428,1.02842293401063,4.346559428060768,-3.7444616904190777,0.5232350312779267,50.0766473825314,48.71980151451014,50.0766473825314,41.750703165420255,25032701400.0,33730195400.0,28.621493187836432,12.345026423297478,27.08809161560919,-31.44377209179636,2.3511957400141785,2.3511957400141785,16.634247611645584,64.03320557140715,36.49972124892601,-42.36876235696072,0.0087346945304113,-0.0318028001564385,0.827360550535579,0.3674752529851522,16.511271715256065,0.1991328842224888,4.038804914699902,4.226431834916512,0.0051069198628319,0.5846706882594797,0.0,0.0,0.0120345140781108,1.8614771642705183,0.8483427000092714,7.1607709278608,0.0099439972067645,34.04040810709487,0.0137624633938985,0.0092326850893611,-60.51748036310616,-4160628000.0,10358317000.0,-12289650000.0,17335637000.0,353251500.0,407344500.0,111109500.0,17.21488186941624,34.788417534070454,8.481444602510674,5.228034713377438,2.587067949033825,10.611399852020284,0.0205369765702282,8.091021118479846,2018-04-26,0.97,bmo,1804555963.0,2025-04-25,2018-03-31,0.1237113402061856,126.3409836065574,1523879.9672131147
2017-12-31,RCL,USD,884887,2018-02-21,2018-02-20 19:14:46,2017,Q4,2004467000.0,1145701000.0,858766000.0,0.4284261103,0,0.0,0.0,311059000.0,240358000.0,551417000.0,1697118000.0,13345000.0,69800000.0,240358000.0,598197000.0,0.2984319522,307349000.0,0.1533320329,-19310000.0,288039000.0,0.1436985493,0.0,288039000.0,0.1436985493,1.35,1.34,213831000,215085000,https://www.sec.gov/Archives/edgar/data/884887/000088488718000017/0000884887-18-000017-index.htm,https://www.sec.gov/Archives/edgar/data/884887/000088488718000017/rcl-20171231x10k.htm,9.374071112233493,1.3470404197707535,1.9640042837567984,1.137169072772423,0.5617146251011312,50.05028737647956,48.701034929453634,50.05028737647956,35.58535011293966,25505761680.0,32925100680.0,22.13742034932769,12.724460756899465,60.7330650887574,104.89205418609816,2.383203099370294,2.383203099370294,16.42586317459953,55.040564696914224,78.39963015965616,135.40397216670368,0.011293095403846,0.0095336106033905,0.7044699631471844,0.3371707862187818,12.402835520739822,0.1869538090903716,4.403280802292263,1.4580143661101448,0.0050299615282847,0.4454014907703471,0.0,0.0,0.0129025068103172,0.4209946066934149,0.0882044952598371,0.7355819236305844,0.0084760687005573,38.947973023487975,0.0164405519528748,0.0130497280451517,-52.58280487861909,-3947236000.0,10413791000.0,-10750986000.0,16076456000.0,301986500.0,372324500.0,115671000.0,14.306890559934386,28.28850633804107,8.750424412652166,6.290675085754815,3.1815041389785983,10.285215408508614,0.0269137399679302,0.8268352109843755,2018-01-24,1.2,bmo,1795074626.0,2025-04-25,2017-12-31,0.1166666666666667,123.7473015873016,1475371.142857143
2017-09-30,RCL,USD,884887,2017-11-07,2017-11-07 17:19:58,2017,Q3,2569544000.0,1318269000.0,1251275000.0,0.4869638348,0,0.0,0.0,273637000.0,240150000.0,513787000.0,1832056000.0,4693000.0,73233000.0,240150000.0,1066225000.0,0.4149471657,737488000.0,0.2870112362,15354000.0,752842000.0,0.2929866155,0.0,752842000.0,0.2929866155,3.51,3.49,214694000,215824000,https://www.sec.gov/Archives/edgar/data/884887/000088488717000067/0000884887-17-000067-index.htm,https://www.sec.gov/Archives/edgar/data/884887/000088488717000067/rcl-9302017x10q.htm,11.968401538934485,3.5065814601246426,3.704439807353722,3.1650954381584957,0.651857993236886,48.60633273403076,47.26248055371831,48.60633273403076,35.70402526386392,25449826760.0,32902083760.0,8.451250979621223,9.90441368585243,31.99944017572779,37.452267179964885,2.438776869850265,2.438776869850265,12.80463917333192,30.858480864733053,41.36956494296014,48.41909704838807,0.0295814194375286,0.0267006532660578,0.727537322643656,0.3435494423039557,6.989384979718165,0.1578276296827122,10.070432728414788,1.056424854086249,0.0040520118652469,0.1369782769824212,0.0,0.0,0.0130554731246408,0.1455940431599316,0.0450640269246216,0.4821736414740787,0.0066509855445168,61.92694459781252,0.0397398198396263,0.034516941311223,-52.39970609332352,-4258960000.0,10146971000.0,-10865674000.0,15718429000.0,274662000.0,380522000.0,114542500.0,9.993944450844197,26.252790591298133,8.189079770517246,9.005453296510732,3.4282069819210683,10.990245854488158,0.0721424815015838,0.5393443691952267,2017-11-07,3.4,bmo,2503237822.0,2025-04-25,2017-09-30,0.0264705882352942,116.93507936507936,1624687.825396825
2017-06-30,RCL,USD,884887,2017-08-01,2017-08-01 17:00:37,2017,Q2,2195274000.0,1256785000.0,938489000.0,0.427504266,0,0.0,0.0,283855000.0,234937000.0,518792000.0,1775577000.0,5811000.0,76632000.0,234937000.0,681095000.0,0.3102551208,419697000.0,0.1911820575,-50171000.0,369526000.0,0.1683279627,0.0,369526000.0,0.1683279627,1.72,1.71,215085000,216062000,https://www.sec.gov/Archives/edgar/data/884887/000088488717000043/0000884887-17-000043-index.htm,https://www.sec.gov/Archives/edgar/data/884887/000088488717000043/rcl-6302017x10q.htm,10.206541599832624,1.7180463537671151,4.0112234697910125,3.3195992282121023,0.6066299370016505,45.02130785503406,43.68007531905991,45.02130785503406,37.64538205825604,23493734550.0,31383582550.0,15.894507118578936,10.70196000590359,27.23109316212965,32.904574465403165,2.426184515823355,2.426184515823355,14.295975149343544,46.07812794103612,36.37604989371246,43.9548436545863,0.0157287041450802,0.0303909111801895,0.8282543707752478,0.3641601807614253,11.584063897106864,0.1452228198018408,5.4767851550266204,2.334758582616649,0.0043882763628143,0.2789979595481779,0.0,0.0,0.0130982927482209,0.1724222663702515,0.0677628396273084,0.6331825127587396,0.0082527283610155,41.717449712905285,0.0229596885819016,0.0170008873424716,-55.595327428690986,-4518312000.0,9394929000.0,-11573119000.0,15568709000.0,278483500.0,369750000.0,108781500.0,10.822922332246453,26.96222504246948,7.815370170713368,8.31568380860026,3.338003442157936,11.515769315349656,0.0381607384507603,0.6916242415789107,2017-08-01,1.67,bmo,2143947953.0,2025-04-25,2017-06-30,0.0239520958083832,106.15714285714286,1455994.2063492064
2017-03-31,RCL,USD,884887,2017-04-28,2017-04-28 17:06:48,2017,Q1,2008560000.0,1175824000.0,832736000.0,0.4145935397,0,0.0,0.0,317465000.0,235749000.0,553214000.0,1729038000.0,6252000.0,80317000.0,235749000.0,530792000.0,0.264264946,279522000.0,0.1391653722,-64796000.0,214726000.0,0.1069054447,0.0,214726000.0,0.1069054447,1.0,0.99,214870000,215813000,https://www.sec.gov/Archives/edgar/data/884887/000088488717000033/0000884887-17-000033-index.htm,https://www.sec.gov/Archives/edgar/data/884887/000088488717000033/rcl-3312017x10q.htm,9.347791687997391,0.99932982733746,3.707013543072556,3.135584306790152,0.5087215525666682,43.12761204449202,41.785079350304834,43.12761204449202,40.2554567878252,21080895700.0,29540959700.0,24.543948683438423,10.495526994463695,26.46604844035223,31.28922408099231,2.274876705410588,2.274876705410588,14.707531614689133,55.65449309710772,37.08725101252188,43.84603580296938,0.0101858100839614,0.0319598848923672,0.924736182707571,0.3892116533862506,15.938567273056112,0.1435368043428529,3.480234570514337,3.709499548261505,0.0048831890952337,0.4794109702597729,0.0,0.0,0.0131019954029695,0.1541481382905266,0.061129864181304,0.5208208730471815,0.0085942167523001,31.14034288030129,0.0151309836774165,0.0098820978824082,-57.55653767394239,-4515053000.0,8978360000.0,-11993738000.0,15634113000.0,292437000.0,334152500.0,111257000.0,13.127688493248897,27.784158173332063,8.299226755024561,6.85573854424439,3.239255961563891,10.844383778948048,0.0231714620857402,0.5714292362824033,2017-04-28,0.92,bmo,1866577777.0,2025-04-25,2017-03-31,0.076086956521739,93.51951612903224,1584532.822580645
2016-12-31,RCL,USD,884887,2017-02-23,2017-02-23 17:29:18,2016,Q4,1909603000.0,1123251000.0,786352000.0,0.4117882094,0,0.0,0.0,254482000.0,235028000.0,489510000.0,1612761000.0,5981000.0,80567000.0,233203000.0,574856000.0,0.3010342988,296842000.0,0.1554469699,-35756000.0,261086000.0,0.1367226591,0.0,261086000.0,0.1367226591,1.22,1.21,214588000,215591000,https://www.sec.gov/Archives/edgar/data/884887/000088488717000020/0000884887-17-000020-index.htm,https://www.sec.gov/Archives/edgar/data/884887/000088488717000020/rcl-20161231x10k.htm,8.898927246630754,1.2166849963651276,2.403386955468153,1.5620910768542509,0.6179422894104051,42.50662665200291,41.162721121404736,42.50662665200291,44.121772885715885,17604799520.0,26859632520.0,16.857280283125103,9.219088742529207,34.13516072114136,52.51934488046157,1.930052005106227,1.930052005106227,14.065558401405946,46.72410572386824,52.07999511379809,80.12873433053107,0.014830387571491,0.0190406030820849,1.0291647828209054,0.420766457717064,16.09939358726359,0.168476411996485,3.684411731850509,1.9753567789923627,0.0058467010591666,0.3942379139440644,0.0,0.0,0.0129261233498894,0.3500459535655701,0.0945390219851979,0.7741409844641792,0.0,34.11211566446275,0.0154972800587727,0.0118557231429858,-59.55757661192611,-3693296000.0,8833026000.0,-12440607000.0,16756517000.0,282660500.0,282170000.0,116468000.0,13.757262635217897,24.46307192248215,9.141171474585825,6.541999116132635,3.679014650538955,9.845565226537644,0.0286234192688588,0.841295878613902,2017-01-26,1.21,bmo,1878549593.0,2025-04-25,2016-12-31,0.0165289256198347,78.70746031746032,1933601.476190476
2016-09-30,RCL,USD,884887,2016-10-28,2016-10-28 17:11:02,2016,Q3,2563741000.0,1340123000.0,1223618000.0,0.477278321,0,0.0,0.0,259327000.0,229328000.0,488655000.0,1828778000.0,6472000.0,82610000.0,229328000.0,1005195000.0,0.3920813374,734963000.0,0.2866759942,-41706000.0,693257000.0,0.2704083603,0.0,693257000.0,0.2704083603,3.23,3.21,214819000,215667000,https://www.sec.gov/Archives/edgar/data/884887/000088488716000199/0000884887-16-000199-index.htm,https://www.sec.gov/Archives/edgar/data/884887/000088488716000199/rcl-9302016x10q.htm,11.93442386381093,3.227167987934028,3.3983958588393017,2.157183489356155,0.8305969211289504,40.9188619256211,39.57605239759984,40.9188619256211,45.621951503358645,16100684050.0,25640108050.0,5.806174351647369,6.280152343781997,22.054523108322837,34.744378663110375,1.831673621232132,1.831673621232132,10.001052387897218,25.50759608832117,35.12151121856336,55.329923889306095,0.0430576115801738,0.028781634280936,1.1055389391010324,0.4328614071408164,9.490122811991704,0.1784371757355179,8.896780050841302,1.0530582453548971,0.0064042695130086,0.1487372215498725,0.0,0.0,0.0128488923648196,0.3652347816557997,0.1040027054214914,1.1626840159073466,0.0033977691194235,54.508448239275545,0.0381844703058974,0.0312816183125189,-61.527118178559626,-3697501000.0,8501688000.0,-12857044000.0,16821763000.0,244613000.0,289316500.0,115614500.0,9.598465679645486,17.39573904783367,7.981662877213509,9.376498599234882,5.173680735985052,11.275845821168035,0.0788674913246635,1.2412123694831465,2016-10-28,3.1,bmo,2483584375.0,2025-04-25,2016-09-30,0.032258064516129,70.4378125,2457018.53125
2016-06-30,RCL,USD,884887,2016-08-02,2016-08-02 16:53:48,2016,Q2,2105262000.0,1310587000.0,794675000.0,0.3774708326,0,0.0,0.0,290782000.0,221620000.0,512402000.0,1822989000.0,5683000.0,78747000.0,221620000.0,530272000.0,0.2518793385,282273000.0,0.1340797487,-52368000.0,229905000.0,0.1092049351,0.0,229905000.0,0.1092049351,1.07,1.06,215265000,216131000,https://www.sec.gov/Archives/edgar/data/884887/000088488716000185/0000884887-16-000185-index.htm,https://www.sec.gov/Archives/edgar/data/884887/000088488716000185/rcl-6302016x10q.htm,9.77986203052052,1.0680091979652986,3.683905883445985,-4.665593570715165,0.8137133300815275,37.84017373934453,36.50043434836133,37.84017373934453,47.04739274847281,14455044750.000002,24328790750.0,15.71849758595942,6.866150032632519,18.22793581718402,-14.392595279084055,1.7745690192267911,1.7745690192267911,11.55618196215008,45.87983289707923,30.678814487980063,-24.223684184324217,0.0159048279667207,-0.0694801723114693,1.233651273407389,0.4471847954205802,18.620153430692177,0.196161496020126,3.584555602118176,3.4493203714577763,0.0055805430834103,0.3508710119397142,0.0,0.0,0.0128339937181744,2.266480121460349,0.853744094559252,8.110075805432723,0.0035933769763573,30.154721125224498,0.0148617355207814,0.0103639735737494,-64.72311337189046,-3515693000.0,7857266000.0,-13467890000.0,16958584000.0,234553500.0,345730000.0,116886000.0,9.22562607409434,21.94782948404036,7.71730529907591,9.75543548775741,4.100633279725662,11.66210179747286,0.0282242149658744,8.34949945416115,2016-08-02,1.01,bmo,1950782568.0,2025-04-25,2016-06-30,0.0792079207920792,76.5634375,2354343.9375
2016-03-31,RCL,USD,884887,2016-04-29,2016-04-29 17:24:39,2016,Q1,1917795000.0,1241578000.0,676217000.0,0.3526012947,0,0.0,0.0,302326000.0,210764000.0,513090000.0,1754668000.0,2720000.0,65446000.0,210764000.0,375350000.0,0.1957195634,163127000.0,0.0850596649,-63987000.0,99140000.0,0.0516947849,0.0,99140000.0,0.0516947849,0.46,0.46,216914000,217869000,https://www.sec.gov/Archives/edgar/data/884887/000088488716000143/0000884887-16-000143-index.htm,https://www.sec.gov/Archives/edgar/data/884887/000088488716000143/rcl-3312016x10q.htm,8.84126888997483,0.4570474934766774,2.2031588555833186,1.051365979143808,0.541043916022018,36.363577270254574,35.04115455894963,36.363577270254574,40.41982536857925,17819485100.0,26404305100.0,44.93515508372,9.291652705320432,37.2873702646601,78.1364449959659,2.25912867123771,2.25912867123771,13.768053989086424,70.3458241641135,55.25115317977133,115.7799185287824,0.0055635726533983,0.0127981251265223,1.103249854299739,0.415112749054746,22.871506593845744,0.2028870763247554,2.4925434709531524,4.820415573935848,0.0091411171021995,1.643030058503127,0.0,0.0,0.0136834588909735,0.5227915697139126,0.1302746122500058,1.1854016815015846,0.0030060564346032,19.337718105230124,0.009342384917117,0.0047948012244395,-58.58363568050011,-3505658000.0,7600917000.0,-12183358000.0,15609937000.0,246137500.0,336963000.0,121362000.0,11.887229865548717,26.955100686384583,8.79951158928396,7.571149966640743,3.3388856916962038,10.227840384868855,0.0125688264958063,1.151792876439511,2016-04-29,0.31,bmo,1722535626.0,2025-04-25,2016-03-31,0.8387096774193546,77.99590163934427,3889528.721311476
2015-12-31,RCL,USD,884887,2016-02-22,2016-02-22 09:04:35,2015,Q4,1902053000.0,1173341000.0,728712000.0,0.3831186618,0,0.0,0.0,269464000.0,209330000.0,478794000.0,1652135000.0,3781000.0,64127000.0,209330000.0,480256000.0,0.2524934899,249918000.0,0.131393815,-43119000.0,206799000.0,0.1087240997,0.0,206799000.0,0.1087240997,0.95,0.94,218652000,219893000,https://www.sec.gov/Archives/edgar/data/884887/000088488716000126/0000884887-16-000126-index.htm,https://www.sec.gov/Archives/edgar/data/884887/000088488716000126/rcl-20151231x10k.htm,8.698996579038837,0.945790571318808,1.5478019867186217,0.3920705047289757,0.5559747909920787,36.876127362201125,35.564618663446936,36.876127362201125,39.29243729762362,22129768920.0,30535446920.0,26.752751367269667,11.634675227241305,65.38950128534704,258.142346285301,2.744594056905839,2.744594056905839,16.05394114675038,63.5816042277452,90.2267733947936,356.194045283283,0.0093448332310918,0.0038738316839143,1.0575718410887012,0.4103178402623842,17.50249450293177,0.1949876674124302,3.8972351739516897,1.6365166175851915,0.0037277388796159,0.3989090856338764,0.0,0.0,0.0137986433768807,0.7466920781254617,0.1328580223579469,1.2071991592222806,0.0,28.01311487916383,0.014372277752241,0.0100900797691019,-56.51694930757551,-3455670000.0,7776275000.0,-11881982000.0,15608872000.0,240305000.0,303909500.0,126220000.0,11.30750825555334,23.1701440587178,9.306655098560435,7.959313224980332,3.884309038904632,9.670499126364026,0.0256477737488309,1.1557314819896456,2016-02-02,0.92,bmo,1861629787.0,2025-04-25,2015-12-31,0.0217391304347825,95.23671875,1857346.96875
2015-09-30,RCL,USD,884887,2015-10-23,2015-10-23 17:11:16,2015,Q3,2523100000.0,1387026000.0,1136074000.0,0.4502691134,0,0.0,0.0,256060000.0,622009000.0,878069000.0,2265095000.0,1735000.0,66819000.0,210742000.0,506348000.0,0.2006848718,258005000.0,0.102257144,-29218000.0,228787000.0,0.090676945,0.0,228787000.0,0.090676945,1.04,1.03,219963000,221137000,https://www.sec.gov/Archives/edgar/data/884887/000088488715000091/0000884887-15-000091-index.htm,https://www.sec.gov/Archives/edgar/data/884887/000088488715000091/rcl-9302015x10q.htm,11.470565504198431,1.040115837663607,2.5803930661065726,1.630137795902038,0.6701990789360028,37.53261230297823,36.22917945290799,37.53261230297823,38.90088333037829,19596503670.0,27939020670.0,21.413480300454136,7.766835904244778,34.52574771270157,54.65182159689879,2.373669044958288,2.373669044958288,11.073291058618366,55.17750770221271,49.22386131915411,77.91789795576875,0.0116748887379459,0.0182976517667756,1.0283619270170037,0.4050764622177707,16.475856525551595,0.2065882030257601,3.8612520390906777,2.4808708536761266,0.0042092266247614,0.3605367656379077,0.0,0.0,0.0136795209355017,0.3682598913654374,0.0828429313146526,0.9918336164599368,0.0,29.637154905917523,0.0147402074501163,0.0110674070963428,-55.95877715797657,-3459665000.0,7969079000.0,-11802236000.0,15603824000.0,227046000.0,324864000.0,135668000.0,8.619325432999089,19.839015274407256,8.50720894921941,10.441652389110985,4.536515485025201,10.579262897763677,0.0277123220005944,0.9502552702045344,2015-10-23,2.7,bmo,2407605985.0,2025-04-25,2015-09-30,0.0518518518518517,87.7534375,2054516.90625
2015-06-30,RCL,USD,884887,2015-07-31,2015-07-31 17:24:37,2015,Q2,2058322000.0,1316409000.0,741913000.0,0.3604455474,0,0.0,0.0,274148000.0,206468000.0,480616000.0,1797025000.0,2772000.0,76620000.0,206468000.0,468055000.0,0.2273963938,261297000.0,0.1269466099,-76330000.0,184967000.0,0.0898630049,0.0,184967000.0,0.0898630049,0.84,0.84,219913000,220902000,https://www.sec.gov/Archives/edgar/data/884887/000088488715000073/0000884887-15-000073-index.htm,https://www.sec.gov/Archives/edgar/data/884887/000088488715000073/rcl-6302015x10q.htm,9.359710430943146,0.8410917044467585,2.791640330494332,-1.0597554487456404,0.7246502025801113,37.83423444725869,35.970606558047955,37.83423444725869,40.277409702927976,17304953970.0,25926499970.0,23.389245068039163,8.407311377908801,28.18772860544893,-74.25297986732689,2.0798623561339578,2.0798623561339578,12.595939784931607,55.39199446646227,42.23120998244065,-111.24674955160609,0.0106886733313859,-0.0134674729793574,1.0553669124929088,0.4104148810242151,18.419942100821483,0.1906258491532363,3.410297572435395,3.3190677255942957,0.0038123765087368,0.3566744338179243,0.0,0.0,0.0191555168885124,1.3796174733433455,0.4114866381450521,4.102195013270822,0.0,26.758108427126707,0.0146860157848661,0.0088140979057874,-57.68708307376099,-3878147000.0,7910404000.0,-12161563000.0,15422027000.0,254763500.0,340425000.0,132645500.0,9.289537788548149,23.517227548581022,9.587081218678998,9.688318412456344,3.8269817228277145,9.387632997689478,0.0222309692989625,3.851395779239972,2015-07-31,0.73,bmo,1788760714.0,2025-04-25,2015-06-30,0.1506849315068493,76.19936507936508,2398978.365079365
2015-03-31,RCL,USD,884887,2015-04-23,2015-04-23 16:40:18,2015,Q1,1815599000.0,1222617000.0,592982000.0,0.3266040574,0,0.0,0.0,286832000.0,200468000.0,487300000.0,1709917000.0,3737000.0,70159000.0,200468000.0,315857000.0,0.1739684809,105682000.0,0.0582077871,-60452000.0,45230000.0,0.0249118886,0.0,45230000.0,0.0249118886,0.21,0.2,219626000,220842000,https://www.sec.gov/Archives/edgar/data/884887/000088488715000047/0000884887-15-000047-index.htm,https://www.sec.gov/Archives/edgar/data/884887/000088488715000047/rcl-3312015x10q.htm,8.266776246892444,0.2059410088058791,1.9416052744210608,0.5545017438736761,1.0458916521723294,36.306766958374695,34.46080154444373,36.306766958374695,39.2929980967645,17976388100.0,26306288100.0,99.36097778023436,9.90107843196653,42.15583933475131,147.60999564799684,2.25440067670691,2.25440067670691,14.489040861996507,83.28543644750631,61.69001517258523,216.0095259601094,0.0025160782993998,0.0067746089660803,1.073451418438382,0.4101471935748819,26.372377373305007,0.2193586638904077,1.506321355777591,9.427968162723856,0.0073287803571619,2.9127791288967497,0.0,0.0,0.0194264449718784,0.7144106728701513,0.1677925577178661,1.5196639862721233,0.0,12.970492466073598,0.0059969424570554,0.0022102043615644,-56.37147582708787,-3385088000.0,7568488000.0,-11944480000.0,15252449000.0,279232500.0,334187000.0,124276500.0,14.726032565561006,24.797798492904978,9.206210939321144,6.11162576201809,3.629354437481632,9.776008891518677,0.0056722486208146,1.387103530547385,2015-04-20,0.13,bmo,1270920000.0,2025-04-25,2015-03-31,0.5384615384615385,79.1155737704918,2354397.180327869
2014-12-31,RCL,USD,884887,2015-02-23,2015-02-23 16:37:43,2014,Q4,1817826000.0,1244745000.0,573081000.0,0.3152562456,0,0.0,0.0,257995000.0,195742000.0,453737000.0,1698482000.0,2321000.0,64368000.0,193382000.0,367518000.0,0.2021744655,119344000.0,0.0656520481,-9576000.0,109768000.0,0.0603842172,0.0,109768000.0,0.0603842172,0.5,0.49,220622000,222041000,https://www.sec.gov/Archives/edgar/data/884887/000088488715000025/0000884887-15-000025-index.htm,https://www.sec.gov/Archives/edgar/data/884887/000088488715000025/rcl-20141231x10k.htm,8.239549999546735,0.4975387767312417,1.2881534933052914,-4.388433610428697,0.8577612386797328,37.550013144654656,35.64384784835601,37.550013144654656,38.56512949751158,18185871460.0,26440578460.0,41.4188822334378,10.004187122419856,63.99082130227485,-18.78346747780641,2.1952056230300983,2.1952056230300983,14.545164641720383,71.94362850254953,93.03674751491052,-27.30942790892237,0.006035894416247,-0.0532383065683452,1.0192638923542543,0.4076604327966865,22.46068763978907,0.2081142103897204,1.8540889883171765,2.589051453975658,0.0036894025203893,0.6112437140150134,0.0,0.0,0.0203031015502682,4.4067629620507045,0.6889438263068083,6.4761973710066085,0.0,20.502639370097068,0.006756503907788,0.0054092496947663,-54.3091849407584,-3048164000.0,7863817000.0,-11627748000.0,15566005000.0,257155000.0,336103500.0,129826000.0,12.94143663915028,23.96912620657243,8.928816745598496,6.954405643631022,3.754830243887725,10.07972305449834,0.0132500293625614,5.676587103733988,2015-01-29,0.41,bmo,2442668750.0,2025-04-25,2014-12-31,-0.2195121951219511,70.175625,3624362.28125
2014-09-30,RCL,USD,884887,2014-10-23,2014-10-23 17:26:48,2014,Q3,2388762000.0,1426882000.0,961880000.0,0.4026688301,0,0.0,0.0,239662000.0,192756000.0,432418000.0,1859300000.0,2117000.0,60100000.0,192448000.0,742796000.0,0.3109543772,529462000.0,0.2216470289,-39214000.0,490248000.0,0.2052309941,0.0,490248000.0,0.2052309941,2.2,2.19,222523000,223859000,https://www.sec.gov/Archives/edgar/data/884887/000088488714000097/0000884887-14-000097-index.htm,https://www.sec.gov/Archives/edgar/data/884887/000088488714000097/rcl-9302014x10q.htm,10.7348993137788,2.203134058052426,2.600337942594698,1.6271980873887193,0.8232002983961209,40.53975544101059,38.62292886578017,40.53975544101059,31.66492452465588,14973572670.000002,21776465670.0,7.635713286948648,6.268340115088905,25.877405739369383,41.35329344442941,1.6598521443454115,1.6598521443454115,9.116214034717563,29.31688602254185,37.634200610056425,60.14119641856008,0.0327408836090418,0.0241818708186761,0.7744210526782536,0.356433983625435,9.158494391461453,0.2301460240680197,8.809683860232946,1.1802903836425649,0.0044583147570218,0.1361696529103637,0.0,0.0,0.0217622427858087,0.3742359172881004,0.0906519778864533,1.125218240771533,0.0,44.82830141927249,0.0318293129033993,0.0255692112999215,-45.559027606135096,-2877514000.0,8594490000.0,-9718656000.0,14760799000.0,273217000.0,336082000.0,139768500.0,9.52904475205148,21.489639647847547,8.588362597607931,9.44480819870472,4.188064643001802,10.47929672008343,0.0543450258662316,0.9731398552059788,2014-10-23,2.19,bmo,2377941818.0,2025-04-25,2014-09-30,0.0045662100456622,62.03296875,1395443.328125
2014-06-30,RCL,USD,884887,2014-07-24,2014-07-24 17:26:09,2014,Q2,1980043000.0,1330674000.0,649369000.0,0.3279570191,0,0.0,0.0,260988000.0,192794000.0,453782000.0,1784456000.0,2630000.0,65260000.0,192880000.0,395813000.0,0.1999012143,195587000.0,0.0987791679,-57914000.0,137673000.0,0.0695303082,0.0,137673000.0,0.0695303082,0.62,0.62,222189000,223381000,https://www.sec.gov/Archives/edgar/data/884887/000088488714000078/0000884887-14-000078-index.htm,https://www.sec.gov/Archives/edgar/data/884887/000088488714000078/rcl-6302014x10q.htm,8.91152577310308,0.6196211333594372,2.5435237568016418,1.8023484510934384,0.8338036536462201,39.82753421636534,37.85458776087025,39.82753421636534,34.471139435345584,12353708400.0,19762294400.0,22.43306312784642,6.239111170818007,21.859438053731537,30.84864081985307,1.396019138366685,1.396019138366685,9.980740014232014,49.92836112002385,34.96866173694092,49.34873820737049,0.011144264988479,0.0324163390484431,0.8581356139058269,0.3794607202572469,18.717389272206827,0.2756337655166196,2.9970425988354275,4.10496611536031,0.0045001062191171,0.4038046675818788,0.0,0.0,0.0219049759169539,0.2913970446417986,0.0831704159960162,0.8538002903359602,0.0,23.56384078469088,0.0115340409509257,0.0070335188121454,-48.09367025370293,-2571080000.0,8410873000.0,-10184631000.0,15341430000.0,296276000.0,345490000.0,144265000.0,13.34134662732072,22.41839849579987,9.697153472601103,6.7459457065372925,4.014559738371216,9.281074106364429,0.0155576072069465,0.7411753057082033,2014-07-24,0.52,bmo,1560000000.0,2025-04-25,2014-06-30,0.2692307692307693,53.8447619047619,1547128.7142857143
2014-03-31,RCL,USD,884887,2014-04-24,2014-04-24 17:24:14,2014,Q1,1887224000.0,1303980000.0,583244000.0,0.3090486344,0,0.0,0.0,290307000.0,195471000.0,485778000.0,1789758000.0,3276000.0,68571000.0,193735000.0,288763000.0,0.1530093937,97466000.0,0.0516451677,-71009000.0,26457000.0,0.0140190036,0.0,26457000.0,0.0140190036,0.12,0.12,221295000,222671000,https://www.sec.gov/Archives/edgar/data/884887/000088488714000054/0000884887-14-000054-index.htm,https://www.sec.gov/Archives/edgar/data/884887/000088488714000054/rcl-3312014x10q.htm,8.528091461623625,0.1195553446756591,1.426991120450078,0.6235793849838451,0.978368241487607,39.66168236968752,37.67634605390994,39.66168236968752,36.44879007659459,12073855200.0,19854711200.0,114.08942056922554,6.397679978635287,38.23429537724915,87.49487445197289,1.3756350396698984,1.3756350396698984,10.520590666502756,68.75780899907537,62.87394374671455,143.87993188158993,0.0021912636487474,0.0114292409271232,0.9111798974858184,0.3973620376286759,26.94547431630784,0.2988468948163625,1.4213880503419811,11.93582038779907,0.0063164580605538,2.8825641607136108,0.0,0.0,0.0218295708963566,0.5630110264546243,0.0942076828187856,0.9177020156399204,0.0,10.329072435983852,0.0056406562921478,0.0013438957433142,-48.965613773469805,-2371846000.0,8337587000.0,-10338275000.0,15571756000.0,279391000.0,365872000.0,148199500.0,14.260755480006612,24.81373947453182,10.018520222702804,6.311026097192311,3.6270228472566046,8.983362612379869,0.0030143790563718,0.8034117354662329,2014-04-24,0.27,bmo,2516266666.0,2025-04-25,2014-03-31,-0.2222222222222223,50.67327868852459,1960150.5901639345
2013-12-31,RCL,USD,884887,2014-02-20,2014-02-20 17:08:04,2013,Q4,1854158000.0,1282660000.0,571498000.0,0.3082250811,0,0.0,0.0,262883000.0,233646000.0,496529000.0,1779189000.0,3447000.0,75709000.0,190622000.0,273349000.0,0.1474248689,74969000.0,0.0404329081,-67951000.0,7018000.0,0.0037850065,0.0,7018000.0,0.0037850065,0.03,0.03,220197000,221561000,https://www.sec.gov/Archives/edgar/data/884887/000088488714000023/0000884887-14-000023-index.htm,https://www.sec.gov/Archives/edgar/data/884887/000088488714000023/rcl-20131231x10k.htm,8.420450778166824,0.031871460555775,0.8263691149289045,-0.2169284776813489,0.9295630730663904,40.00174843435651,38.007030068529545,40.00174843435651,37.01464143471528,10441741740.0,18311858740.0,371.9628719008265,5.631527485791394,57.38355795651888,-218.59739443548887,1.1854481830417227,1.1854481830417227,9.876104808759557,66.99076543173744,100.63451418961992,-383.3579404191178,0.0006721100918552,-0.0045746199426686,0.9167303663093695,0.402272969684023,28.79146073334821,0.2241321206184189,0.9902257327398328,25.92818466799658,0.0085684938612549,12.748646337988031,0.0,0.0,0.0218817396369352,1.2625079686091754,0.1239004442987059,1.2051651960424294,0.0,5.355890991816551,0.004316174817487,0.0003574463438301,-48.99959354577946,-3310636000.0,8369034000.0,-10308308000.0,14646347000.0,300883500.0,384354000.0,155734500.0,12.60795466190044,26.11786443796485,10.6122900846678,7.138350542453011,3.445917265317308,8.480733119991537,0.0007967516871937,1.0432975926102537,2014-01-27,0.18,bmo,1451113043.0,2025-04-25,2013-12-31,0.2777777777777779,42.43296875,1580193.171875
2013-09-30,RCL,USD,884887,2013-10-24,2013-10-24 17:29:34,2013,Q3,2311749000.0,1416801000.0,894948000.0,0.3871302637,0,0.0,0.0,249954000.0,200785000.0,450739000.0,1867540000.0,3299000.0,79654000.0,188541000.0,633896000.0,0.2742062395,444209000.0,0.1921527813,-78508000.0,365701000.0,0.158192347,0.0,365701000.0,0.158192347,1.66,1.65,219744000,221004000,https://www.sec.gov/Archives/edgar/data/884887/000110465913077690/0001104659-13-077690-index.htm,https://www.sec.gov/Archives/edgar/data/884887/000110465913077690/a13-19569_110q.htm,10.520191677588466,1.6642138124362895,2.5362057667103537,1.9083251419833989,0.953687017620504,39.87405344400757,37.88698212465415,39.87405344400757,36.42154051987768,8411800320.0,16125994320.0,5.750463028539709,3.6387169714359127,15.093412570247402,20.059474749787167,0.9600227890990316,0.9600227890990316,6.975668344616998,25.43949531153375,28.935100230389946,38.45537977264435,0.0434747599904986,0.0498517539703082,0.904323788724235,0.394486923763003,12.169494680515417,0.2102717168620918,5.576731865317498,1.5239663003382544,7.2517175490917985e-06,0.0001668029346378,0.0,0.0,0.0217386076889931,0.2475669099756691,0.0596833825817595,0.731793084793228,0.0,38.64034661121914,0.025849355545328,0.0186111186600356,-49.04782724442988,-3825890000.0,8325437000.0,-10305486000.0,14104796000.0,326036000.0,355339500.0,150832500.0,13.315411837530805,25.18588002125916,10.178034882809936,6.759084968466849,3.573430824097941,8.842571383991261,0.0417367603414895,0.627880624726955,2013-10-24,1.65,bmo,2230587719.0,2025-04-25,2013-09-30,0.0363636363636364,37.47671875,1640967.5
2013-06-30,RCL,USD,884887,2013-07-26,2013-07-26 16:10:54,2013,Q2,1882767000.0,1323619000.0,559148000.0,0.2969820482,0,0.0,0.0,257948000.0,187862000.0,445810000.0,1769429000.0,3405000.0,86877000.0,186184000.0,297808000.0,0.1581757063,113338000.0,0.0601975709,-88591000.0,24747000.0,0.0131439525,0.0,24747000.0,0.0131439525,0.11,0.11,219502000,220648000,https://www.sec.gov/Archives/edgar/data/884887/000110465913057032/0001104659-13-057032-index.htm,https://www.sec.gov/Archives/edgar/data/884887/000110465913057032/a13-13665_110q.htm,8.577448041475703,0.112741569552897,1.9659547521207097,0.9741779118185712,0.9347249683374184,38.11472788402839,36.152713870488654,38.11472788402839,37.99958542518975,7517943500.0,15566877500.0,75.94802905402676,3.993029142745757,17.421560675826303,35.15784907919227,0.898602768573146,0.898602768573146,8.268084951563312,52.27152225595015,36.07360189650338,72.79888839005957,0.0032917246584787,0.0284431507100312,0.9865948448404478,0.4137232833941346,27.027259173695803,0.202262012764806,1.304580038445158,17.437709621368246,0.0035066770586929,1.0653008445468135,0.0,0.0,0.0215864090421664,0.5044759240935182,0.1156260971219487,1.1692572938598376,0.0,9.83285668086116,0.006610523469493,0.0012677683261093,-50.460145010068246,-3759081000.0,7935593000.0,-10631441000.0,14183498000.0,309040500.0,325819000.0,143681000.0,14.82105326893875,21.36394989796913,9.617269017746043,6.072442920680791,4.212704131484387,9.35816600678733,0.0029579528914894,0.9917768403021384,2013-07-25,0.1,bmo,736747826.0,2025-04-25,2013-06-30,1.3,34.7140625,1980291.328125
2013-03-31,RCL,USD,884887,2013-04-25,2013-04-25 16:31:49,2013,Q1,1911220000.0,1282190000.0,629030000.0,0.3291248522,0,0.0,0.0,274034000.0,189364000.0,463398000.0,1745588000.0,3747000.0,90182000.0,189364000.0,355772000.0,0.1861491613,165632000.0,0.0866629692,-89406000.0,76226000.0,0.0398834252,0.0,76226000.0,0.0398834252,0.35,0.35,219097000,220484000,https://www.sec.gov/Archives/edgar/data/884887/000110465913033022/0001104659-13-033022-index.htm,https://www.sec.gov/Archives/edgar/data/884887/000110465913033022/a13-8310_110q.htm,8.723168277064497,0.3479098298926959,1.1011424163726569,0.2870007348343428,0.9853535192175156,38.058645257579975,36.09970469700635,38.058645257579975,39.0563814201016,7146944139.999999,15398010140.0,23.43998156796893,3.7394670106005594,29.62377937220474,113.65824557497494,0.8570982960436095,0.8570982960436095,8.056639287994056,43.2805564799928,63.82409687594557,244.875401790684,0.0106655373970783,0.008798305788913,1.0154006669037188,0.4262010950211116,23.192004991961145,0.1894305389344618,1.8366414583841564,3.165022433290478,0.0038806795543248,0.3638522288982762,0.0,0.0,0.0216045413239366,0.7393609304600488,0.0933309613754565,0.9419741872795252,0.0,17.26041650551921,0.0095759522603813,0.0039217153061884,-50.241192257310686,-4101890000.0,7909337000.0,-10568952000.0,13801101000.0,294725500.0,344514000.0,146108500.0,14.505237492282417,23.68579539693805,10.242616148932685,6.204655390708697,3.799745733328197,8.786817614890147,0.0091414139294252,0.8141416815383141,2013-04-25,0.2,bmo,1773851062.0,2025-04-25,2013-03-31,0.7499999999999998,35.123000000000005,2453131.966666667
2012-12-31,RCL,USD,884887,2013-02-25,2013-02-25 08:01:35,2012,Q4,1806150000.0,1257983000.0,548167000.0,0.303500263,0,0.0,0.0,255494000.0,573980000.0,829474000.0,2087457000.0,5269000.0,89036000.0,188536000.0,-115231000.0,-0.0637992415,-281307000.0,-0.1557495225,-111496000.0,-392803000.0,-0.2174808294,0.0,-392803000.0,-0.2174808294,-1.8,-1.8,218326000,218326000,https://www.sec.gov/Archives/edgar/data/884887/000104746913001567/0001047469-13-001567-index.htm,https://www.sec.gov/Archives/edgar/data/884887/000104746913001567/a2213132z10-k.htm,8.272720610463253,-1.7991581396627063,0.9594734479631376,-2.9896210254390225,0.892495625807279,38.056617168820935,36.07345895587333,38.056617168820935,39.29437171935546,7423084000.0,15718176000.0,-4.724431839879023,4.109893419704897,35.43610307526328,-11.372678915049825,0.893405734124355,0.893405734124355,8.702586163939872,-136.40579357985266,75.03497264629222,-24.081334493620464,-0.0529164158724325,-0.0879300301599712,1.0218080965016514,0.4281812070145497,-71.9866355407833,0.2184031040657368,-3.1594748191742665,-0.5332902243618303,0.0070609466361959,-0.1334358444309233,0.0,0.0,0.0218366213719737,4.115897612159749,0.4773634526478975,4.573078881486825,0.0,,-0.0162781514451895,-0.0202528441030154,-50.56710034535511,-3178091000.0,7875774000.0,-10631121000.0,14705918000.0,291265500.0,356340500.0,145124500.0,14.023137613155054,25.15362290269423,10.466397399646896,6.4179645442237785,3.578013407776738,8.598947332444718,-0.0472758293697402,3.94909447340216,2013-02-04,0.06,bmo,1490073747.0,2025-04-25,2012-12-31,0.6666666666666669,33.48403225806451,1938289.677419355
2012-09-30,RCL,USD,884887,2012-10-25,2012-10-25 16:32:45,2012,Q3,2226390000.0,1348325000.0,878065000.0,0.3943895724,0,0.0,0.0,243877000.0,182051000.0,425928000.0,1774253000.0,4744000.0,84977000.0,182051000.0,634807000.0,0.2851283917,452137000.0,0.203080772,-84358000.0,367779000.0,0.1651907348,0.0,367779000.0,0.1651907348,1.69,1.68,217940000,219296000,https://www.sec.gov/Archives/edgar/data/884887/000110465912071206/0001104659-12-071206-index.htm,https://www.sec.gov/Archives/edgar/data/884887/000110465912071206/a12-18840_110q.htm,10.215609800862625,1.687524089198862,2.7013719372304306,2.212439203450491,1.106896393502799,39.93145361108562,36.52470863540424,39.93145361108562,36.08261448104983,6627555400.0,14165186400.0,4.505120874220659,2.976816909885509,11.257242877549738,13.745010462919373,0.7615550462094295,0.7615550462094295,6.36240119655586,22.31416225718998,24.060295853666407,29.37744364644665,0.0554924067477429,0.0727536732473032,0.8938493640048716,0.395504382653399,11.873893955170626,0.2700287623311471,5.3206985419584125,1.600790148431531,0.0039460703715882,0.0711100960087443,0.0,0.0,0.0377495230631421,0.1809942300212149,0.0478613360642115,0.5853194983823214,0.0,38.938015132030834,0.0266010118853431,0.019432724378355,-47.8412154721483,-2793005000.0,7960195000.0,-9932381000.0,14770277000.0,292884000.0,338751500.0,145332500.0,12.172126177354372,24.102838707284967,9.60885543173938,7.393942413071635,3.734000011077448,9.366360087250094,0.0422605223850498,0.4889327337799394,2012-10-25,1.46,bmo,1900902923.0,2025-04-25,2012-09-30,0.1712328767123287,26.721587301587306,2160415.9206349207
2012-06-30,RCL,USD,884887,2012-07-27,2012-07-27 07:01:05,2012,Q2,1821004000.0,1296014000.0,524990000.0,0.2882970054,0,0.0,0.0,247571000.0,180514000.0,428085000.0,1724099000.0,4972000.0,89106000.0,180514000.0,265967000.0,0.1460551432,96905000.0,0.0532151494,-100558000.0,-3653000.0,-0.0020060362,0.0,-3653000.0,-0.0020060362,-0.0168,-0.0168,217866000,217866000,https://www.sec.gov/Archives/edgar/data/884887/000110465912051601/0001104659-12-051601-index.htm,https://www.sec.gov/Archives/edgar/data/884887/000110465912051601/a12-12600_110q.htm,8.358367069666675,-0.0167671871700953,1.690507008895376,1.02259186839617,0.9740344982695786,37.966796104027246,34.587287598799264,37.966796104027246,38.163628101677176,5671051980.0,13684293980.0,-388.10922392554073,3.114244658441168,15.39774745862114,25.45492566924609,0.6855990673713689,0.6855990673713689,7.514697375733387,51.45109724138709,37.15488829879665,61.42294010449396,-0.0006441485658891,0.0392851274835255,0.9944118929251804,0.4176181746400201,30.12870769681953,0.2504909280693242,1.0875249702601395,-100.8223378045442,0.0038417916246995,-5.964139063783192,0.0,0.0,0.0373820121989607,0.3950975281289369,0.0799097640642195,0.8061203009184883,0.0,,0.005685731621146,-0.0001926705648744,-50.14720975278382,-2854964000.0,7535394000.0,-10470282000.0,14769009000.0,298829500.0,303721500.0,147304500.0,14.068733511842918,21.97260986378233,10.18815383167157,6.397164316478019,4.096008647035957,8.833788877452951,-0.0004416276560222,0.667915140499206,2012-07-26,-0.00712,bmo,1821000000.0,2025-04-25,2012-06-30,1.808988764044944,25.733492063492065,2485900.412698413
2012-03-31,RCL,USD,884887,2012-04-24,2012-04-24 16:45:17,2012,Q1,1834480000.0,1255112000.0,579368000.0,0.3158213772,0,0.0,0.0,264601000.0,179392000.0,443993000.0,1699105000.0,6346000.0,92666000.0,179392000.0,319022000.0,0.1739032314,135375000.0,0.0737947538,-88411000.0,46964000.0,0.0256007152,0.0,46964000.0,0.0256007152,0.22,0.21,217584000,219230000,https://www.sec.gov/Archives/edgar/data/884887/000119312512179001/0001193125-12-179001-index.htm,https://www.sec.gov/Archives/edgar/data/884887/000119312512179001/d322907d10q.htm,8.431134642253108,0.2158430766968159,0.9891122509008016,0.1745532759761747,1.2755211780277962,39.49081733951026,36.00506011471432,39.49081733951026,39.66676318111626,6403497120.0,14664151120.0,34.08726428753939,3.490633378396058,29.75395358130242,168.60181990521326,0.7452365380788286,0.7452365380788286,7.993628232523658,45.96595570211458,68.13721682968195,386.101925223802,0.0073341174548697,0.0059311340800603,0.993670927324421,0.4262921003532934,25.893681313514428,0.3624331182493224,1.4608918049770143,4.582552593475854,0.0067941000338889,0.9263691338046164,0.0,0.0,0.0378674198694001,0.823525311897405,0.0966132091927957,0.98797605244381,0.0,13.848680049239958,0.0077055744815279,0.0024370911953879,-49.8665170692698,-1976377000.0,7834125000.0,-10312892000.0,15731832000.0,302724000.0,297828500.0,146225500.0,15.355899219397322,20.86910172159935,10.605284627985393,5.860939741406577,4.312595779187311,8.486335176946273,0.0054656523019306,0.8145589749246268,2012-04-20,0.15,bmo,1310357142.0,2025-04-25,2012-03-31,0.4,28.750967741935483,3596936.7258064514
2011-12-31,RCL,USD,884887,2012-02-29,2012-02-29 09:02:22,2011,Q4,1775401000.0,1250861000.0,524540000.0,0.2954487465,0,0.0,0.0,238445000.0,179933000.0,418378000.0,1669239000.0,7989000.0,90625000.0,179933000.0,286095000.0,0.1611438768,106162000.0,0.0597960686,-106162000.0,0.0,0.0,0.0,36562000.0,0.0205936574,0.17,0.17,217044000,219081500,https://www.sec.gov/Archives/edgar/data/884887/000119312512087322/0001193125-12-087322-index.htm,https://www.sec.gov/Archives/edgar/data/884887/000119312512087322/d254924d10k.htm,8.179912828735187,0.168454322625827,0.8432437662409465,0.1819769263375168,1.2079854775990122,38.73787342658631,35.2983081771438,38.73787342658631,39.56100145592599,5376179880.0,13609846880.0,36.76070701821563,3.028149629295016,29.37466126837904,136.116157682862,0.6394259108451736,0.6394259108451736,7.665787548841079,47.57107562173404,74.36221460925249,344.5792561460364,0.0068007397103684,0.0073466663842356,1.0104700110837253,0.4289880458413166,28.779485835124696,0.3159716811805289,1.1714427586206897,0.0,0.0040371417036737,0.5936327334390897,0.0,0.0,0.0376955025914689,0.784194163511291,0.0808403284666393,0.7976524595266016,0.0,12.1171428204389,,0.0019184727273795,-49.95661824330551,-2098354000.0,7661286000.0,-10427294000.0,15583000000.0,298183000.0,313852500.0,148413000.0,14.824949405796213,21.917759047568037,10.400652030881128,6.070847025272956,4.106259212206563,8.653303632577671,0.0043485691837233,0.6612668399034297,2012-02-02,0.15,bmo,1566529411.0,2025-04-25,2011-12-31,0.1333333333333334,26.094603174603176,2904539.253968254
2011-09-30,RCL,USD,884887,2011-10-31,2011-10-31 07:30:59,2011,Q3,2321994000.0,1405300000.0,916694000.0,0.3947874112,0,0.0,0.0,231761000.0,177191000.0,408952000.0,1814252000.0,7070000.0,98198000.0,177191000.0,674347000.0,0.2904172018,507742000.0,0.2186663704,-108784000.0,398958000.0,0.1718169814,0.0,398958000.0,0.1718169814,1.84,1.82,217105000,218934000,https://www.sec.gov/Archives/edgar/data/884887/000119312511287156/0001193125-11-287156-index.htm,https://www.sec.gov/Archives/edgar/data/884887/000119312511287156/d236008d10q.htm,10.695258054858249,1.8376269546993391,2.330558946132056,-1.2554340065866747,2.0794546417632023,38.86642868658023,35.36227631791069,38.86642868658023,40.87377536215195,4698152200.0,13022395200.0,2.9440142822051443,2.02332658912986,9.285326181478965,-17.23706693180609,0.5567787093202068,0.5567787093202068,5.608281158349247,19.311119052950485,25.73717962907332,-47.77791099973951,0.0849180662984907,-0.0580145104707335,1.0400098553038506,0.4350863504092657,12.344153677557696,0.3926238772537983,5.170594105786269,1.2682437750339637,0.0046203271149878,0.0544092360599361,0.0,0.0,0.0377177996696682,1.538683652979588,0.3352881187462155,4.393772821418695,0.0,40.0873412964191,0.0286952587282151,0.0205550372175503,-50.5579984339375,-1892123000.0,7677327000.0,-10508812000.0,15857478000.0,288813500.0,333122000.0,148910000.0,11.779836640404756,20.691226072724685,9.75206005835053,7.640173862114577,4.349669743284987,9.22881929166694,0.0472805713516414,3.58599295271873,2011-10-27,1.86,bmo,2373032967.0,2025-04-25,2011-09-30,-0.021505376344086,28.1096875,3485620.203125
2011-06-30,RCL,USD,884887,2011-08-01,2011-08-01 07:02:10,2011,Q2,1767873000.0,1185375000.0,582498000.0,0.3294908627,0,0.0,0.0,242258000.0,172050000.0,414308000.0,1599683000.0,6478000.0,92968000.0,172050000.0,358509000.0,0.2027911507,168190000.0,0.0951369244,-74699000.0,93491000.0,0.0528833236,0.0,93491000.0,0.0528833236,0.43,0.43,217028000,219370000,https://www.sec.gov/Archives/edgar/data/884887/000119312511203661/0001193125-11-203661-index.htm,https://www.sec.gov/Archives/edgar/data/884887/000119312511203661/d10q.htm,8.145829109607977,0.4307785170577068,2.2177921742816595,1.3641649925355257,2.5409624564572315,38.46636839486149,34.77819912638001,38.46636839486149,40.077128296809626,8168933920.0,16222364920.0,21.84417195238044,4.620769659359015,16.971833716651812,27.59197033053887,0.9785171195164896,0.9785171195164896,9.176204919697286,45.24953326136861,33.70369776636479,54.79380981010734,0.0114447002406404,0.0362424280694879,1.030738311453175,0.431355333118313,22.463678736098675,0.4035596864896759,1.8091171155666463,5.148335133863153,0.0,0.0,0.0,0.0,0.0401251262125098,0.3848995373169369,0.1047931610472019,1.0767858180761407,0.0,19.30895946209977,0.0096862365426303,0.0048825306707279,-49.62817931326833,-1961054000.0,7547843000.0,-10273343000.0,15280248000.0,275296500.0,339073500.0,143052000.0,13.934100469886696,26.054691553305915,11.050705472951597,6.4589745275987545,3.4542723261899626,8.144276419300981,0.0111988351132011,0.8536271817461342,2011-07-27,0.45,bmo,1850127906.0,2025-04-25,2011-06-30,-0.0444444444444444,38.19587301587302,3104921.761904762
2011-03-31,RCL,USD,884887,2011-04-28,2011-04-28 16:36:21,2011,Q1,1671995000.0,1101071000.0,570924000.0,0.3414627436,0,0.0,0.0,248138000.0,173252000.0,421390000.0,1522461000.0,3781000.0,100625000.0,173252000.0,322786000.0,0.1930544051,149534000.0,0.089434478,-149534000.0,0.0,0.0,0.0,78410000.0,0.0468960733,0.36,0.36,216511000,219626000,https://www.sec.gov/Archives/edgar/data/884887/000119312511115336/0001193125-11-115336-index.htm,https://www.sec.gov/Archives/edgar/data/884887/000119312511115336/d10q.htm,7.722448282073428,0.3621525003348559,1.3182655846585165,1.012027102549062,2.171982024008018,38.23354471597286,34.59989561731275,38.23354471597286,41.01362979248167,8933243860.0,17242262860.0,28.4824762785359,5.342865176032225,31.298700717191213,40.769659128768,1.0791570676093438,1.0791570676093438,10.312389008340336,53.41700959769011,60.41035411097369,78.69047240033773,0.0087773267167924,0.0245280441722991,1.0605575053729877,0.4439473364303654,25.74157181538233,0.4034327551184439,1.4860521739130437,3.640084172937125,0.0,0.0,0.0,0.0,0.0397828281592184,0.2323040862731633,0.0396556209797278,0.382702652783229,0.0,17.650592365412756,,0.0041292833810641,-49.64786431174397,-1796190000.0,7491258000.0,-10282823000.0,15392114000.0,271797500.0,292016000.0,133677000.0,14.904141459753168,27.38120430017683,11.488932139707613,6.038590028351121,3.2869262802812065,7.833626215698969,0.0094721141611428,0.306238482109454,2011-04-28,0.13,bmo,603777777.0,2025-04-25,2011-03-31,1.769230769230769,45.17645161290323,3274473.080645161
2010-12-31,RCL,USD,884887,2011-02-24,2011-02-24 16:44:04,2010,Q4,1604498000.0,1106989000.0,497509000.0,0.3100714367,0,0.0,0.0,211936000.0,163878000.0,375814000.0,1482803000.0,4696000.0,89129000.0,163878000.0,285573000.0,0.1779827709,121695000.0,0.0758461525,-121695000.0,0.0,0.0,0.0,42707000.0,0.0266170478,0.2,0.2,215768500,218668500,https://www.sec.gov/Archives/edgar/data/884887/000119312511045435/0001193125-11-045435-index.htm,https://www.sec.gov/Archives/edgar/data/884887/000119312511045435/d10k.htm,7.436201299077483,0.1979297256086963,1.052572548819684,-4.793336376718567,1.946201600326276,36.81029436641586,33.29111524620137,36.81029436641586,42.820175326797006,10141119500.0,18871306500.0,59.36450406256586,6.3204313747976,44.65250405086478,-9.805278892647916,1.2768167386045353,1.2768167386045353,11.761502039890358,66.0822504228341,83.09251162422065,-18.246350740777626,0.0042112707576318,-0.1019858803557141,1.1520445320630703,0.4645930744318429,30.570771746628708,0.2946934502502251,1.3653805158814751,5.317910412812888,0.0,0.0,0.0,0.0,0.0385545418246263,5.553924935714537,0.7861418337698146,7.696963594869354,0.0,12.803579887250311,,0.0022553842565972,-51.30054665069276,-2429427000.0,7183174000.0,-10737331000.0,15099082000.0,273049000.0,265049000.0,119929000.0,14.960380131355723,20.24792477612695,10.308801623141694,6.015889917888343,4.4448999586423446,8.73040371617625,0.0053770209941401,5.84590892553825,2011-01-27,0.13,bmo,1042924999.0,2025-04-25,2010-12-31,0.5384615384615385,40.14359375,2564124.953125
2010-09-30,RCL,USD,884887,2010-10-27,2010-10-27 16:35:53,2010,Q3,2060659000.0,1239625000.0,821034000.0,0.3984327344,0,0.0,0.0,213300000.0,162232000.0,375532000.0,1615157000.0,1815000.0,89082000.0,162232000.0,607734000.0,0.2949221584,445502000.0,0.2161939457,-445502000.0,0.0,0.0,0.0,350179000.0,0.169935443,1.66,1.64,215150000,217512000,https://www.sec.gov/Archives/edgar/data/884887/000119312510238042/0001193125-10-238042-index.htm,https://www.sec.gov/Archives/edgar/data/884887/000119312510238042/d10q.htm,9.57777829421334,1.627603997211248,1.9753892633046712,1.6115268417383222,2.2284220311410645,36.49195445038345,32.92212874738554,36.49195445038345,37.992293748547525,6783679500.0,14426709500.0,4.843008504222127,3.291995182123777,15.961411042223032,19.565296204430087,0.864026070263515,0.864026070263515,7.001017392979625,23.738526230225723,33.94479947294738,41.60910677203507,0.0516208054935378,0.0511109052248119,1.0297680214753229,0.4345395803288951,12.576275146692469,0.3021603173748112,5.001032756336858,1.1912676901170791,0.0,0.0,0.0,0.0,0.0412800132087786,0.1841978329666709,0.0379902739851668,0.4825496819369791,0.0,36.55646517257427,,0.0196313326336939,-46.52125261445503,-2409519000.0,7083196000.0,-9711257000.0,14042907000.0,245796000.0,286549000.0,111878000.0,12.20236827150926,20.405033780377128,8.208522738731471,7.375617420934328,4.410676354113666,10.964214008367165,0.0446017217144187,0.363862421566349,2010-10-26,1.56,bmo,1960178048.0,2025-04-25,2010-09-30,0.0512820512820511,27.35140625,2869110.125
2010-06-30,RCL,USD,884887,2010-07-23,2010-07-23 16:35:44,2010,Q2,1601697000.0,1086187000.0,515510000.0,0.3218523853,0,0.0,0.0,211795000.0,160031000.0,371826000.0,1458013000.0,1363000.0,90661000.0,160031000.0,303715000.0,0.1896207585,143684000.0,0.0897073541,-143684000.0,0.0,0.0,0.0,53731000.0,0.033546295,0.28,0.28,215043000,217561000,https://www.sec.gov/Archives/edgar/data/884887/000119312510165048/0001193125-10-165048-index.htm,https://www.sec.gov/Archives/edgar/data/884887/000119312510165048/d10q.htm,7.448263835604972,0.2498616555758615,2.780736875880638,-0.3867412563998828,1.6942471970722135,33.70380342536144,30.363080872197653,33.70380342536144,38.13663778872132,4896529110.0,12688065110.0,22.782607386797192,3.057088269504157,8.18847701754914,-58.87657347954693,0.675591407670804,0.675591407670804,7.921638805591819,41.77622149054212,21.218280789594267,-152.56312808118702,0.0109732830731603,-0.0169846840755328,1.119014449553911,0.4431158715171173,25.654103353472827,0.2637317215989561,1.5848490530658166,9.876424536715886,0.0,0.0,0.0,0.0,0.0392503114514363,1.1390786952028336,0.425263954418345,4.256325336965963,0.0,13.7651364965606,,0.0030555687457473,-48.71774714824477,-2543681000.0,6529368000.0,-10144099000.0,13858015000.0,234898000.0,267198500.0,111022000.0,11.923828289620324,24.198623257321252,9.172039437039848,7.547911443705114,3.7192198515992287,9.812430552418808,0.0074134557581666,3.1674781322805208,2010-07-22,0.18,bmo,1029664285.0,2025-04-25,2010-06-30,0.5555555555555558,31.121269841269843,4306217.857142857
2010-03-31,RCL,USD,884887,2010-04-29,2010-04-29 08:01:27,2010,Q1,1485650000.0,1025275000.0,460375000.0,0.3098811968,0,0.0,0.0,211048000.0,157575000.0,368623000.0,1393898000.0,1369000.0,83924000.0,157575000.0,249327000.0,0.1678235116,91752000.0,0.0617588261,-91752000.0,0.0,0.0,0.0,87447000.0,0.0588611046,0.41,0.4,214314000,216975000,https://www.sec.gov/Archives/edgar/data/884887/000119312510097930/0001193125-10-097930-index.htm,https://www.sec.gov/Archives/edgar/data/884887/000119312510097930/d10q.htm,6.932118293718562,0.408032139757552,1.9267243390539115,1.1503074927442911,1.6854288567242457,34.833944585981314,31.27116287316741,34.833944585981314,38.20243194564984,7070218860.0,14895506860.0,20.21286853751415,4.759007074344563,17.12232483459426,28.679288110430093,0.9470647206942104,0.9470647206942104,10.026255753373944,59.74285520621513,36.07324074163768,60.421401550337286,0.0123683582830418,0.0348683689828521,1.0854595639993667,0.4492613188361396,31.385642148664203,0.2719985291413863,1.0932748677374768,4.721991606344415,0.0,0.0,0.0,0.0,0.0423323068960022,0.4029724598231151,0.112002827045401,1.0559860383944153,0.0,17.882975179659393,,0.0050624676095163,-46.48163209123062,-2454952000.0,6701848000.0,-9654516000.0,13538229000.0,298198000.0,253452000.0,109613000.0,15.604805977181703,21.273804589012705,9.774362975786984,5.76745395819746,4.23055498246338,9.20776118330654,0.0117136357827749,0.7764168463096205,2010-04-28,-0.05,bmo,7428500000.0,2025-04-25,2010-03-31,-9.06,28.0527868852459,3445399.704918033
2009-12-31,RCL,USD,884887,2010-02-23,2010-02-23 16:36:36,2009,Q4,1451667000.0,1037245000.0,414422000.0,0.2854800722,0,0.0,0.0,185655000.0,146412000.0,332067000.0,1369312000.0,1902000.0,78311000.0,146412000.0,228767000.0,0.1575891716,82355000.0,0.0567313303,-82355000.0,0.0,0.0,0.0,3353000.0,0.0023097584,0.0157,0.0156,213824000,215482000,https://www.sec.gov/Archives/edgar/data/884887/000119312510037643/0001193125-10-037643-index.htm,https://www.sec.gov/Archives/edgar/data/884887/000119312510037643/d10k.htm,6.789074191858725,0.0156811209218796,0.8469675995211015,-5.34718740646513,1.331090055372643,35.0742526563903,31.36852738700988,35.0742526563903,39.74334499401377,5405470720.0,13540621720.0,403.0324127646884,3.72362995094605,29.847658888361256,-4.727719093861323,0.7207566258833501,0.7207566258833501,9.32763624164495,59.18957594408285,74.76793033759981,-11.842864232256415,0.0006202975048211,-0.2115184891797915,1.1226783623968744,0.4617749072119693,35.56085886513352,0.3733647868520896,1.051640254881179,54.01192961526991,0.0,0.0,0.0,0.0,0.0434570028103225,7.313331713619949,0.9123710878596814,9.046109608502036,0.0,3.517823323571247,,0.0001922468171627,-47.427400572433406,-1722639000.0,6707344000.0,-9707386000.0,14337787000.0,336735000.0,267513000.0,108770000.0,21.00506521123646,22.95490457895676,9.360305424465771,4.284680818408283,3.9207307392819617,9.615070867747528,0.0004470835366187,6.194155005986231,2010-01-28,-0.06,bmo,4355100000.0,2025-04-25,2009-12-31,-1.3333333333333337,23.75,3403263.4375
2009-09-30,RCL,USD,884887,2009-11-03,2009-11-03 17:00:20,2009,Q3,1763542000.0,1116086000.0,647456000.0,0.3671338704,0,0.0,0.0,196594000.0,144021000.0,340615000.0,1456701000.0,2225000.0,73912000.0,144021000.0,450862000.0,0.255657081,306841000.0,0.1739913197,-306841000.0,0.0,0.0,0.0,230392000.0,0.1306416292,1.08,1.07,213839000,215669000,https://www.sec.gov/Archives/edgar/data/884887/000119312509222226/0001193125-09-222226-index.htm,https://www.sec.gov/Archives/edgar/data/884887/000119312509222226/d10q.htm,8.247055027380412,1.077408704679689,1.5007599175080315,-2.378331361444826,1.3368141452214048,34.810048681484666,31.054003245432312,34.810048681484666,34.46500404509935,5149243120.0,12159430120.0,5.587480381263238,2.9198301599848486,16.045204645380014,-10.124745605411144,0.6917542753339515,0.6917542753339515,6.894891145206636,26.96929464004507,37.88916935943737,-23.90858885524401,0.0447428864069638,-0.0987679136812635,0.9801583772471548,0.424527217762758,15.548409491152505,0.3694186042723785,4.151436843814266,1.392934650508698,0.0,0.0,0.0,0.0,0.0467342728610209,2.584751387413102,0.4703607852832538,5.759583671825636,0.0,29.04917576876312,,0.014062779060332,-42.793199556675816,-1742181000.0,6640557000.0,-8721913000.0,13264918000.0,287945000.0,266559500.0,106091500.0,17.07923032170484,21.810577321102496,8.843108864370667,5.26955830589304,4.126438226507735,10.17741626619735,0.0309510829627985,3.879091278952857,2009-11-03,1.0,bmo,1648130841.0,2025-04-25,2009-09-30,0.07,17.9459375,4412723.796875
2009-06-30,RCL,USD,884887,2009-07-29,2009-07-29 16:15:45,2009,Q2,1349015000.0,965435000.0,383580000.0,0.2843407968,0,0.0,0.0,190593000.0,137925000.0,328518000.0,1293953000.0,1159000.0,68327000.0,137925000.0,192987000.0,0.1430577125,55062000.0,0.0408164476,-55062000.0,0.0,0.0,0.0,-35086000.0,-0.0260086063,-0.16,-0.16,213780000,213780000,https://www.sec.gov/Archives/edgar/data/884887/000119312509158149/0001193125-09-158149-index.htm,https://www.sec.gov/Archives/edgar/data/884887/000119312509158149/d10q.htm,6.310295631022546,-0.1641219945738609,1.0709608008232765,0.5833099448030685,1.4489568715501917,32.97237814575732,29.31624099541585,32.97237814575732,31.981466928618207,2894581200.0,9353494200.0,-20.62490167018184,2.145699788364103,12.642853024677876,23.212359262229352,0.4106467522647359,0.4106467522647359,6.93357316264089,48.466965132366425,40.85387289801267,75.00797273456295,-0.0121212699094432,0.0430804981390744,0.9602538575523472,0.414324117841245,33.46812479597072,0.3180439789302994,0.8058600553222006,-6.5253947443424725,0.0,0.0,0.0,0.0,0.0478438765042321,0.4553395937977724,0.0772786069836139,0.7558455682436107,0.0,,,-0.002255602168505,-40.910683880624944,-1952228000.0,6267226000.0,-8377361000.0,12423062000.0,217866000.0,252039000.0,97238500.0,16.09334217929378,24.484538057973865,9.557142635185174,5.592374722249859,3.675789177108438,9.417040577448304,-0.0049775601216371,0.4876508560202077,2009-07-29,-0.13,bmo,1096062500.0,2025-04-25,2009-06-30,0.2307692307692307,13.442063492063491,5919079.857142857
2009-03-31,RCL,USD,884887,2009-04-23,2009-04-23 17:03:23,2009,Q1,1325602000.0,952336000.0,373266000.0,0.2815822547,0,0.0,0.0,189157000.0,139856000.0,329013000.0,1281349000.0,1730000.0,79462000.0,139856000.0,184109000.0,0.1388870868,44253000.0,0.0333833232,-44253000.0,0.0,0.0,0.0,-36238000.0,-0.0273370137,-0.17,-0.17,213687000,213687000,https://www.sec.gov/Archives/edgar/data/884887/000119312509085870/0001193125-09-085870-index.htm,https://www.sec.gov/Archives/edgar/data/884887/000119312509085870/d10q.htm,6.203475176309275,-0.1695844857197677,0.5330600364083917,-0.4933898646150678,2.133419440583657,31.587064257535555,28.059596512656363,31.587064257535555,32.9769943889895,1711632870.0,8223041870.0,-11.808273566421988,1.2912117437964037,15.026450029848649,-16.23462615359809,0.2535848198709728,0.2535848198709728,6.203250953151851,44.66398638849812,72.19020498999193,-77.99453547818004,-0.0211715962196963,-0.0615967371554391,1.032230550931924,0.4303181632641339,35.367141204395224,0.3655033127022856,0.5569077043114948,-3.1433302058612504,0.0,0.0,0.0,0.0,0.0465550455817286,1.9255802928679284,0.1654636912135015,1.5683202722800595,0.0,,,-0.0023474383687304,-41.15149026379705,-1562634000.0,5995971000.0,-8541123000.0,12769840000.0,232897500.0,243328000.0,94017000.0,13.205864203584484,22.81630642966348,8.6903466843635,6.815154132477842,3.944547303370322,10.356318714181628,-0.0053687954137526,1.0264499010234596,2009-04-23,-0.33,bmo,2573223529.0,2025-04-25,2009-03-31,-0.4848484848484848,8.304918032786885,5015065.836065574
2008-12-31,RCL,USD,884887,2009-02-24,2009-02-24 07:33:42,2008,Q4,1456277000.0,2326036000.0,-869759000.0,-0.5972483257,0,0.0,0.0,183918000.0,-1117236000.0,-933318000.0,1392718000.0,2973000.0,87718000.0,133980000.0,197539000.0,0.1356465837,63559000.0,0.043644856,-63559000.0,0.0,0.0,0.0,1479000.0,0.0010156035,0.0069,0.0069,213500500,214183500,https://www.sec.gov/Archives/edgar/data/884887/000119312509035629/0001193125-09-035629-index.htm,https://www.sec.gov/Archives/edgar/data/884887/000119312509035629/d10k.htm,6.820953580904963,0.0069273842450017,0.124079334708818,-3.670698663469172,2.2707815672562828,31.864150201053395,28.21429458010637,31.864150201053395,33.25107435345585,2935631875.0,9544156875.0,496.2190458079784,2.0158471739923107,110.8161970103054,-3.745880896419019,0.4315194321280045,0.4315194321280045,6.553805955185724,48.31530419309605,360.27922218866786,-12.178391716941263,0.0005038097632728,-0.266959902797758,1.0306321670460084,0.4258805185591476,33.454279914346024,0.3654655086987819,0.7245833238331927,17.911426639621364,0.0,0.0,0.0,0.0,0.0473322800821948,30.583481182288324,0.5563412729858399,6.047074190177638,0.0,2.2285740445116047,,9.429953869099234e-05,-41.79840913721514,-1696888000.0,6023766000.0,-8682961000.0,12961356000.0,297709000.0,233928000.0,105183500.0,16.765924339943567,9.488352716810915,3.7174532122460704,5.36803090454021,9.485313487613416,24.21012313040582,0.000217403702948,3.7947779981779903,2009-01-29,0.07,bmo,10194100000.0,2025-04-25,2008-12-31,-0.9012857142857144,13.071875,4459379.3125
2008-09-30,RCL,USD,884887,2008-10-29,2008-10-29 07:17:46,2008,Q3,2063389000.0,1275661000.0,787728000.0,0.3817641753,0,0.0,0.0,191115000.0,134706000.0,325821000.0,1601482000.0,5620000.0,80560000.0,134706000.0,596613000.0,0.28914228,461907000.0,0.2238584193,-461907000.0,0.0,0.0,0.0,411887000.0,0.199616747,1.93,1.92,213524000,214172000,https://www.sec.gov/Archives/edgar/data/884887/000119312508218425/0001193125-08-218425-index.htm,https://www.sec.gov/Archives/edgar/data/884887/000119312508218425/d10q.htm,9.663499185103314,1.9289962720818268,1.3269374871208857,0.8577677450778367,2.157097094471816,32.87832281148723,29.215113991869767,32.87832281148723,28.612071710908378,4430623000.0,10157464000.0,2.6892224080876552,2.147255316375148,15.637511338248634,24.19069744586523,0.6311149178433834,0.6311149178433834,4.92270919346764,17.025213999694945,35.8499151175472,55.45859768282429,0.0929636757629796,0.0413382045820644,0.8587659435600502,0.382279122163741,9.598920908528644,0.411537729033436,5.733701588877855,0.6878901252042429,0.0072287802415145,0.077759191234489,0.0,0.0,0.0495972717990834,0.353573357145126,0.0485507095365924,0.7436862500556768,0.0,37.77563564061351,,0.0274801959875512,-37.4175256645623,-1495478000.0,6238128000.0,-7704521000.0,12429760000.0,287344000.0,239059000.0,116316500.0,14.137804359720828,15.706986417237808,8.0633491186138,6.365910696601065,5.7299342858811215,11.161615189430396,0.0586707625915718,0.469169742043049,2008-10-28,1.66,bmo,1783981249.0,2025-04-25,2008-09-30,0.1566265060240964,25.45671875,3323041.375
2008-06-30,RCL,USD,884887,2008-07-25,2008-07-25 16:17:39,2008,Q2,1583774000.0,1090999000.0,492775000.0,0.3111397207,0,0.0,0.0,196548000.0,127277000.0,323825000.0,1414824000.0,3015000.0,81086000.0,127277000.0,296227000.0,0.187038681,168950000.0,0.1066755737,-168950000.0,0.0,0.0,0.0,84749000.0,0.0535107913,0.4,0.4,213482000,214280000,https://www.sec.gov/Archives/edgar/data/884887/000095014408005712/0000950144-08-005712-index.htm,https://www.sec.gov/Archives/edgar/data/884887/000095014408005712/g14349e10vq.htm,7.418770669189908,0.3969842890735519,2.153005874031534,-2.77659006379929,3.2202527613569294,33.01124216561583,29.056988411200944,33.01124216561583,30.22758827442126,4796940540.0,10781742540.0,14.150434046419424,3.028803692951141,10.436571618787369,-8.09266023564661,0.6806772034590239,0.6806772034590239,6.807626934145907,36.396893395942975,23.45754075034593,-18.189297615191517,0.0176673025844927,-0.123568761183769,0.9041696216965746,0.3870934976389092,20.203431827618683,0.4469765220525533,2.0835902621907603,5.423403225996767,0.01334225418604,0.7551947515604904,0.0,0.0,0.0512824344713176,2.289634225939238,0.66447611843609,8.268422417247422,0.0,17.171524431669333,,0.0054267582616085,-39.71845284379947,-1538920000.0,6203144000.0,-8169911000.0,12550101000.0,243425000.0,231414500.0,108190000.0,14.238224645688083,21.075940491237844,9.762492907876176,6.321012783518321,4.270272068637543,9.218956761278656,0.0120257301158769,4.9295959378308245,2008-07-21,0.4,bmo,1583800000.0,2025-04-25,2008-06-30,0.0,29.88796875,2634851.453125
2008-03-31,RCL,USD,884887,2008-04-24,2008-04-24 16:40:24,2008,Q1,1429085000.0,962186000.0,466899000.0,0.3267118471,0,462881000.0,-257940000.0,204941000.0,124390000.0,329331000.0,1291517000.0,2508000.0,77948000.0,124390000.0,261958000.0,0.183304702,137568000.0,0.0962629935,-137568000.0,0.0,0.0,0.0,75607000.0,0.0529058803,0.35,0.35,213326000,214464000,https://www.sec.gov/Archives/edgar/data/884887/000088488708000098/0000884887-08-000098-index.htm,https://www.sec.gov/Archives/edgar/data/884887/000088488708000098/final10q1qtr08.htm,6.69906621790124,0.3544199956873518,1.4147501945379373,0.1922644215894921,3.550518924088016,32.377609855338775,28.42619277537665,32.377609855338775,28.25221960754901,7018425400.0,12526283400.0,23.206929913896857,4.911132227964047,23.254988850342773,171.11850298671217,1.0161343022846725,1.0161343022846725,8.765247273605139,47.817907450812726,41.504833947972685,305.4073729123492,0.0107726442458161,0.0058439033917778,0.8612997043862547,0.3825287509758558,21.025729315386435,0.5314670556258095,1.7648688869502744,3.9917335696430234,0.0045615644785509,0.4234396286058169,0.3239002578573003,0.0,0.0542023194456849,0.8641000917817252,0.1824859962843358,2.096535091245277,0.0,16.06840464293697,,0.005140258619453,-35.91259738616015,-1101148000.0,6064046000.0,-7395691000.0,12071209000.0,274966500.0,215118500.0,97425000.0,14.88110924122778,19.394150403352366,9.170087696141907,6.047936248640459,4.640574509747181,9.814519008129585,0.0109464533444833,1.222485772948445,2008-04-24,0.28,bmo,1143280000.0,2025-04-25,2008-03-31,0.2499999999999998,36.07065573770492,2866202.557377049
2007-12-31,RCL,USD,884887,2008-02-19,2008-02-19 07:25:42,2007,Q4,1491094000.0,1025586000.0,465508000.0,0.3121922562,0,483731000.0,-279238000.0,204493000.0,123045000.0,327538000.0,1353124000.0,0.0,0.0,123045000.0,261015000.0,0.1750493262,137970000.0,0.0925293778,-137970000.0,0.0,0.0,0.0,70830000.0,0.0475020354,0.33,0.33,212911500,214134202,https://www.sec.gov/Archives/edgar/data/884887/000088488708000067/0000884887-08-000067-index.htm,https://www.sec.gov/Archives/edgar/data/884887/000088488708000067/final10k07.htm,7.003351157640616,0.3326734347369682,0.5102636541473805,0.0766750504317521,2.088548528379162,31.737801856639965,27.9907473292894,31.737801856639965,26.763570779408347,9035964060.0,14503452060.0,31.893138712409996,6.059956018869367,83.17268857981793,553.5046897396631,1.3372066594813967,1.3372066594813967,9.726718811825412,55.56558841445894,133.49888218996512,888.4197280245023,0.0078386765960642,0.0018066694258188,0.8432710904271102,0.3803340759661363,20.94702603298661,0.4243975214754872,0.0,1.5338274742340816,0.0035368666572584,0.4512071156289707,0.3244134843276144,0.0,0.0532489678974783,0.84973444647969,0.0619115897455157,0.7502620992319883,0.0,15.413055504332007,,0.0049934823176582,-35.21005441227928,-1346504000.0,5959552000.0,-7232147000.0,11705071000.0,325764500.0,207659500.0,92804500.0,18.93079846072749,19.56008564859505,8.49579654948488,4.75415763295498,4.601206846272909,10.593474016919217,0.0104819305457781,0.4335886037156283,2008-01-30,0.34,bmo,1536284848.0,2025-04-25,2007-12-31,-0.0294117647058823,40.78265625,1664403.203125
2007-09-30,RCL,USD,884887,2007-10-22,2007-10-22 17:30:39,2007,Q3,1953592000.0,1149244000.0,804348000.0,0.4117277303,0,555640000.0,-356471000.0,199169000.0,122345000.0,321514000.0,1470758000.0,5704000.0,85270000.0,122345000.0,605179000.0,0.3097775789,482834000.0,0.247151913,-482834000.0,0.0,0.0,0.0,395000000.0,0.2021916552,1.85,1.84,213039000,214295000,https://www.sec.gov/Archives/edgar/data/884887/000088488707000105/0000884887-07-000105-index.htm,https://www.sec.gov/Archives/edgar/data/884887/000088488707000105/form10q3qtr07.htm,9.170114392200489,1.854120607025005,1.5814334464581603,0.8808528015997071,1.933476969005675,31.240556893338777,27.612976966658685,31.240556893338777,28.137622688803457,8461909080.0,13959144080.0,5.355638658227847,4.3314617791227645,25.116453739459256,45.092664663000384,1.2714241982180938,1.2714241982180938,7.14537328162687,23.06614089385124,41.433226617434485,74.3868785437183,0.0466797735907604,0.0221765559315132,0.8878640490051998,0.3896354947685644,9.083651283339307,0.4124287478051562,5.6624135100269735,0.8529183174896521,0.0037764350453172,0.0809008860759493,0.2844196741182396,0.0,0.0509577524931395,0.4430035588456161,0.0763982448740576,1.2199190812865257,0.0,36.10103332308815,,0.0274438925249923,-36.616019836743504,-1510527000.0,5882641000.0,-7450090000.0,11536469000.0,275287000.0,197537000.0,87681500.0,15.566203178555195,15.069175910424592,6.953823557051418,5.781756730760693,5.972456658213113,12.94251993333033,0.0593497937106347,0.7005806448584532,2007-10-22,1.77,bmo,1879278260.0,2025-04-25,2007-09-30,0.03954802259887,39.04015873015873,1729716.7142857143
2007-06-30,RCL,USD,884887,2007-07-26,2007-07-26 15:26:33,2007,Q2,1481325000.0,965529000.0,515796000.0,0.3481990785,0,461825000.0,-268630000.0,193195000.0,121718000.0,314913000.0,1280442000.0,6451000.0,85516000.0,121718000.0,322601000.0,0.2177786779,200883000.0,0.1356103488,-200883000.0,0.0,0.0,0.0,128745000.0,0.0869120551,0.61,0.6,212633000,214157000,https://www.sec.gov/Archives/edgar/data/884887/000088488707000087/0000884887-07-000087-index.htm,https://www.sec.gov/Archives/edgar/data/884887/000088488707000087/form10q2q07.htm,6.966580916414667,0.6054798643672431,2.1787587063155764,-2.1557190088086045,0.9987396123837786,29.276970178664648,25.78928952702544,29.276970178664648,27.660118608118218,9138966340.0,14722539340.0,17.746254883684802,6.169453928071152,19.72682880183735,-19.93766340806803,1.4680480848158708,1.4680480848158708,9.938763836430224,45.63699225978841,31.7791971524534,-32.11884396468409,0.0140874793943053,-0.0501563287298418,0.931036986466407,0.3980644082794436,17.307984166199113,0.285161474414875,2.3490691800364845,3.5983999378616645,0.0034959095822646,0.2481572099887374,0.3117648051575448,0.0,0.0509327347743199,1.9894253101822672,0.6221814929201896,7.572035360423273,0.0,19.97120072728197,,0.0093167189460431,-37.24675732365155,-1873882000.0,5483654000.0,-7587528000.0,11106797000.0,209852500.0,198460500.0,83674000.0,12.921978633993216,18.8896449511097,8.069182800309468,6.964877635940475,4.764515173945226,11.153545808448946,0.0206810971446929,4.334477715124181,2007-07-26,0.6,bmo,1481300000.0,2025-04-25,2007-06-30,0.0,42.24619047619047,1610882.5396825396
2007-03-31,RCL,USD,884887,2007-05-01,2007-05-01 16:37:59,2007,Q1,1223126000.0,841341000.0,381785000.0,0.312138733,0,405869000.0,-219685000.0,186184000.0,115958000.0,302142000.0,1143483000.0,0.0,0.0,115958000.0,195601000.0,0.159918929,79643000.0,0.0651143055,-79643000.0,0.0,0.0,0.0,8825000.0,0.0072151193,0.04,0.04,212322000,214005000,https://www.sec.gov/Archives/edgar/data/884887/000088488707000068/0000884887-07-000068-index.htm,https://www.sec.gov/Archives/edgar/data/884887/000088488707000068/form10q0107.htm,5.760712502708151,0.0415642279179736,1.6949256318233623,0.968853910569795,0.94015693145317,28.711424157647347,25.263364135605357,28.711424157647347,25.287553809779485,8951495520.0,14120983520.0,253.58344249291784,7.318539152957259,24.87424770055853,43.51533243562508,1.4684050421361838,1.4684050421361838,11.54499497189987,72.19279819632824,39.23912390585489,68.64543369517133,0.0009858687836331,0.0229804058484296,0.8807488500372453,0.3920750526213094,26.428740139365345,0.2968367728628071,0.0,40.778470254957504,0.0038418161438123,3.896883852691218,0.3318292637062739,0.0,0.053461015832252,0.4283796926667963,0.1260385275106571,1.3294554925059072,0.0,5.181774213009145,,0.0006808377088889,-33.92363250157779,-1644857000.0,5363968000.0,-6903637000.0,10555456000.0,196453000.0,194032500.0,78875000.0,15.2329359362813,20.781573701982904,8.641311905636359,5.908250410588349,4.3307596089998,10.41508523043785,0.0014476546927715,0.7260717212535677,2007-05-01,0.06,bmo,1834650000.0,2025-04-25,2007-03-31,-0.3333333333333333,42.49950819672131,1474151.2950819673
2006-12-31,RCL,USD,884887,2007-02-28,2007-02-28 17:17:51,2006,Q4,1153213000.0,750356000.0,402857000.0,0.3493344248,0,378652000.0,-197469000.0,181183000.0,108132000.0,289315000.0,1039671000.0,0.0,0.0,108132000.0,221674000.0,0.1922229458,113542000.0,0.0984570934,-113542000.0,0.0,0.0,0.0,46623000.0,0.0404287846,0.22,0.22,211463658,214812364,https://www.sec.gov/Archives/edgar/data/884887/000088488707000043/0000884887-07-000043-index.htm,https://www.sec.gov/Archives/edgar/data/884887/000088488707000043/form10kfinal.htm,5.453480805671109,0.2204776009313146,0.1913898604742759,-0.5705235648576551,0.6652112298180333,28.80672290271267,25.3947229078956,28.80672290271267,25.60129741064065,8750366168.04,14059590168.04,46.92086613924458,7.587814365637572,216.2079009695592,-72.52987001566581,1.4364702343876583,1.4364702343876583,12.191668120321223,63.424624304338806,347.39054576102,-116.53686574694352,0.0053281198871753,-0.0137874230270095,0.8887264787842225,0.4042192510046973,23.95059411568339,0.2680584158669663,0.0,0.8680694078030157,0.0069616515275091,1.3065868777212963,0.3283452406450499,0.0,0.0538721167217,3.980949792449101,0.1397113976342618,1.4900029593459845,0.0,11.954197422511184,,0.003679337705008,-33.02196730182356,-1370464000.0,5370061000.0,-6799609000.0,10780156000.0,146288500.0,181257500.0,73200500.0,14.50706851206152,23.244246730885077,9.23189792578456,6.203872265797316,3.871925859417732,9.748807961646897,0.0076536856231762,0.7619134253319311,2007-02-05,0.2,bmo,1048363636.0,2025-04-25,2006-12-31,0.0999999999999999,41.16031746031746,1186061.9047619049
2006-09-30,RCL,USD,884887,2006-11-01,2006-11-01 10:32:29,2006,Q3,1636851000.0,944166000.0,692685000.0,0.4231814625,0,453207000.0,-289462000.0,163745000.0,109331000.0,273076000.0,1217242000.0,0.0,0.0,109331000.0,528940000.0,0.3231448678,419609000.0,0.2563513722,-419609000.0,0.0,0.0,0.0,345372000.0,0.2109978245,1.66,1.63,208129000,213526000,https://www.sec.gov/Archives/edgar/data/884887/000088488706000048/0000884887-06-000048-index.htm,https://www.sec.gov/Archives/edgar/data/884887/000088488706000048/form10q3q.htm,7.864598398108865,1.6594131524198934,1.077769075909652,0.1720519485511389,1.0596216769407434,29.03552123923144,27.675148585732888,29.03552123923144,21.381643115567748,8077486490.0,12307088490.0,5.846946546043108,4.9347720042936105,36.009569088112706,225.57140635035884,1.3366386530565102,1.3366386530565102,7.5187591845562,23.267456592430143,54.86520513563516,343.6870197436399,0.0427573602787913,0.004433185997195,0.7363960488051399,0.3644151378363036,7.996373879835142,0.2849684045491301,0.0,0.6494862076653357,2.476017759331467e-07,5.7908573943458064e-06,0.2768773700232947,0.0,0.0231853270281398,0.840362882553552,0.1151638114892558,1.7241770403636665,0.0,32.92557260267961,,0.0289532743954256,-28.027452925829653,-1302518000.0,5760001000.0,-5649493000.0,9964444000.0,95544500.0,186639500.0,72149000.0,5.866257832875442,16.082860429204185,6.618412440185306,15.341978236214864,5.59601946408568,13.59842723816108,0.0571511404512956,0.9057171273585132,2006-10-31,1.59,bmo,1596730674.0,2025-04-25,2006-09-30,0.0251572327044023,35.71888888888889,1645839.746031746
2006-06-30,RCL,USD,884887,2006-07-27,2006-07-27 09:05:43,2006,Q2,1292984000.0,824973000.0,468011000.0,0.3619619423,0,410477000.0,-228733000.0,181744000.0,102023000.0,283767000.0,1108740000.0,0.0,0.0,102023000.0,286267000.0,0.2214002648,184244000.0,0.1424951894,-184244000.0,0.0,0.0,0.0,122427000.0,0.0946856264,0.58,0.57,211252000,228193000,https://www.sec.gov/Archives/edgar/data/884887/000088488706000031/0000884887-06-000031-index.htm,https://www.sec.gov/Archives/edgar/data/884887/000088488706000031/f10q_q2.htm,6.120576373241437,0.5795306079942438,1.608652225777744,-1.6815320091644104,1.529845871281692,26.747486414329806,25.407224546986537,26.747486414329806,22.03287542839831,8080389000.0,12411695000.0,16.500422700874807,6.249411438965989,23.77766890012977,-22.747113817361857,1.4300409170226849,1.4300409170226849,9.59926418269677,43.357058270775184,36.52313944284071,-34.94017909674659,0.0151511270063854,-0.0439616211546251,0.8237362975757726,0.378411094036253,15.130301431880028,0.2934487303754625,0.0,2.7757847533632285,0.0039344640462235,0.2596812794563291,0.3174648719551054,0.0,0.0230187821451004,2.0453048721276166,0.537561176317727,6.812757907530655,0.0,18.675444009188173,,0.010187857104875,-29.470544657565373,-1612415000.0,5367327000.0,-5979949000.0,9575181000.0,83328500.0,177325000.0,66946500.0,5.874643460398582,22.316148528497298,8.167467298929784,15.320078674850114,4.032953978822632,11.019327865786872,0.0216667315581386,3.290184234942154,2006-07-27,0.53,bmo,1202263157.0,2025-04-25,2006-06-30,0.0754716981132074,39.47031746031746,1661271.4285714286
2006-03-31,RCL,USD,884887,2006-04-26,2006-04-25 18:30:46,2006,Q1,1146536000.0,730134000.0,416402000.0,0.363182665,0,375457000.0,-202265000.0,173192000.0,102159000.0,275351000.0,1005485000.0,0.0,0.0,102159000.0,243210000.0,0.2121259167,141051000.0,0.123023612,-141051000.0,0.0,0.0,0.0,119499000.0,0.1042261211,0.57,0.55,211372000,230695000,https://www.sec.gov/Archives/edgar/data/884887/000088488706000012/0000884887-06-000012-index.htm,https://www.sec.gov/Archives/edgar/data/884887/000088488706000012/form10q_1stqtr.htm,5.424256760592699,0.5653492420945063,1.626932611698806,0.9839997729122116,1.2867219877751075,26.941643169388566,25.602142194803477,26.941643169388566,24.784999905380086,8881851440.0,13848729440.0,18.58143465635696,7.746683436019453,25.827744614525663,42.70326188759075,1.5596673052126109,1.5596673052126109,12.07875674204735,56.94144747337692,40.27104592192807,66.58363113611232,0.0134542894358521,0.0234174148717803,0.9199513091889332,0.4535127085326722,20.422178364376464,0.2630505283476265,0.0,2.877747930945029,0.0035750429079457,0.2657177047506673,0.3274707466664805,0.0,0.0245100148228918,0.3951809891592611,0.1185292044907442,1.3302596932233088,0.0,18.51235654362716,,0.0106046060404696,-25.99130088185758,-1551597000.0,5411576000.0,-5303183000.0,9042594000.0,88756500.0,155001000.0,58415000.0,6.457110810301639,18.50109705889604,7.275965781623647,13.938122272334942,4.864576393145537,12.369491927423043,0.0209842153479659,0.6429328387865942,2006-04-21,0.49,bmo,1021427272.0,2025-04-25,2006-03-31,0.1224489795918368,43.59774193548387,1632814.5483870967
2005-12-31,RCL,USD,884887,2006-02-24,2006-02-24 09:37:14,2005,Q4,1029640000.0,703823000.0,325817000.0,0.3164377841,0,348148000.0,-179439000.0,168709000.0,101312000.0,270021000.0,973844000.0,0.0,0.0,101312000.0,157108000.0,0.1525853696,55796000.0,0.0541898139,-55796000.0,0.0,0.0,0.0,-3604000.0,-0.0035002525,-0.0173,-0.016,208849689,225156703,https://www.sec.gov/Archives/edgar/data/884887/000088488706000003/0000884887-06-000003-index.htm,https://www.sec.gov/Archives/edgar/data/884887/000088488706000003/form10k2005.htm,4.930052828568014,-0.0172564298144585,0.6105874545975503,0.087474394084446,0.6003600034089589,26.595514825018483,25.2398364835487,26.595514825018483,19.893613535617952,9410766986.34,13440156986.34,-652.8001516606548,9.139861491725265,73.79778221892866,515.122173427117,1.6942706428683951,1.6942706428683951,13.053258407152017,85.54724766619141,105.39563668995694,735.681043644425,-0.0003829655973026,0.0019412870413769,0.7480063336432942,0.3691239809338694,25.647261756244117,0.1895682885303668,0.0,-35.383185349611544,0.0067961516944193,-17.746115427302996,0.3381259469329086,0.0,0.0251544740915571,0.8567373216960343,0.106106988850472,1.0783717624763107,0.0,,,-0.0003284533764806,-26.217798198397126,-1611772000.0,5271332000.0,-5324296000.0,8948309000.0,85033500.0,157548500.0,63341500.0,8.326075133056214,20.44818086365464,7.391446429002746,10.80941482772377,4.4013695203552,12.176236527515872,-0.0006488473687384,0.5231130605131042,2006-02-02,-0.24,bmo,12355200000.0,2025-04-25,2005-12-31,-0.9166666666666669,43.66730158730159,1362671.4603174604
2005-09-30,RCL,USD,884887,2005-11-03,2005-11-03 16:25:07,2005,Q3,1502215000.0,844632000.0,657583000.0,0.4377422673,0,409603000.0,-253496000.0,156107000.0,101020000.0,257127000.0,1101759000.0,0.0,0.0,101020000.0,501476000.0,0.333824386,400456000.0,0.2665770213,-400456000.0,0.0,0.0,0.0,374711000.0,0.2494389951,1.79,1.64,209811000,236038000,https://www.sec.gov/Archives/edgar/data/884887/000088488705000051/0000884887-05-000051-index.htm,https://www.sec.gov/Archives/edgar/data/884887/000088488705000051/q310q.htm,7.159848625667863,1.785945446139621,1.0132786174223467,0.2116285609429438,0.9017925656900736,26.553131151369566,25.225455290714024,26.553131151369566,19.795849597971507,9063835200.0,13028016200.0,6.047217188713436,6.033647114427695,42.633881004906,204.13123733165173,1.626926773860785,1.626926773860785,8.672537686016982,25.97934138423374,61.28033885708641,293.41057159587405,0.0413413297717504,0.0048988092810866,0.7455184657930811,0.3693803916685936,7.905026362178848,0.2305048561251254,0.0,0.5673625807622408,0.0034722222222222,0.0839891276210199,0.2726660298292854,0.0,0.0247737500222336,0.791144748044422,0.111964665510596,1.6649673332013464,0.0,32.66504220664766,,0.034171378430386,-25.705540939226257,-1505912000.0,5292578000.0,-5221960000.0,8994896000.0,78873000.0,743153500.0,68212000.0,4.482161341752013,16.53599437388117,7.339527746995141,20.07959846550733,5.442672388795454,12.262369337979091,0.0672593162726688,0.8016500564794029,2005-10-26,1.47,bmo,1346484146.0,2025-04-25,2005-09-30,0.1156462585034013,45.09921875,1581642.203125
2005-06-30,RCL,USD,884887,2005-07-27,2005-07-27 16:57:37,2005,Q2,1203242000.0,740170000.0,463072000.0,0.3848535872,0,361061000.0,-212099000.0,148962000.0,99975000.0,248937000.0,989107000.0,0.0,0.0,99975000.0,314110000.0,0.261053055,214135000.0,0.1779650311,-214135000.0,0.0,0.0,0.0,155240000.0,0.1290181028,0.76,0.72,202989000,235970000,https://www.sec.gov/Archives/edgar/data/884887/000088488705000023/0000884887-05-000023-index.htm,https://www.sec.gov/Archives/edgar/data/884887/000088488705000023/form10q2ndqtr.htm,5.927621693786363,0.7647705048056791,1.918995610599589,1.53708821660287,1.468197784116381,25.130026750217997,23.757730714472213,25.130026750217997,23.326042297858503,9816548040.0,14253450040.0,15.808664068539036,8.158415381112029,25.20068296815434,31.462084919810778,1.9243911071276711,1.9243911071276711,11.845871437333471,45.37725650249912,36.59093544867599,45.682377729061706,0.0158141130025988,0.0317842890116391,0.9282139859901328,0.40848160097478,14.125312788513575,0.2813539660677119,0.0,2.5092437516104096,0.0027258054349622,0.1723653697500644,0.3000734681801333,0.0,0.0240314098094661,0.1990142092494898,0.0644284358424988,0.775423855963991,0.0,20.794730654176547,,0.013722294317402,-30.03324933863411,-1478155000.0,4822558000.0,-5911713000.0,8953830000.0,82586000.0,1260567000.0,63564500.0,6.203215978165655,161.85578988610726,8.21292405798668,14.508603330399238,0.5560505439028788,10.958338268388014,0.0304325384293132,0.381907393996719,2005-07-27,0.57,bmo,965949295.0,2025-04-25,2005-06-30,0.2456140350877193,44.65125,1548885.9375
2005-03-31,RCL,USD,884887,2005-04-26,2005-04-25 17:34:01,2005,Q1,1168077000.0,705607000.0,462470000.0,0.3959242413,0,375102000.0,-213572000.0,161530000.0,99762000.0,261292000.0,966899000.0,0.0,0.0,99762000.0,300940000.0,0.2576371249,201178000.0,0.1722300841,-201178000.0,0.0,0.0,0.0,189609000.0,0.1623257713,0.94,0.86,201619000,236209000,https://www.sec.gov/Archives/edgar/data/884887/000088488705000013/0000884887-05-000013-index.htm,https://www.sec.gov/Archives/edgar/data/884887/000088488705000013/form10q.htm,5.793486724961437,0.9404322013302318,1.893209469345647,1.5215778274864968,1.5441997034009691,24.29577569574296,22.91415491595534,24.29577569574296,25.418913892043904,9010353110.0,13823949110.0,11.880175927830429,7.713834884172876,23.60541753229571,29.37082756642404,1.8394144134212784,1.8394144134212784,11.834792663497357,45.93589788662192,36.21612679358776,45.06158866806398,0.0210434594166532,0.0340473892926045,1.0462277150713792,0.4418006000114999,15.995201701335814,0.3053748091366703,0.0,2.013127014013048,0.0031129745591069,0.1479307416842027,0.3211278023623443,0.0,0.0240136495245605,0.1962971598634554,0.0641464560983565,0.7510675407469778,0.0,22.67359523681445,,0.0167476184798017,-31.24114914764977,-1278789000.0,4619929000.0,-6139433000.0,9172330000.0,83569000.0,676493500.0,59922500.0,6.336491515542211,151.7859941865656,7.600052153677613,14.203443621639368,0.5929400830578464,11.84202399932869,0.0387076425592376,0.3716316418591501,2005-04-21,0.55,bmo,1019769841.0,2025-04-25,2005-03-31,0.1454545454545453,48.880819672131146,1751504.9344262294
2004-12-31,RCL,USD,884887,2005-03-14,2005-03-14 17:14:42,2004,Q4,964585000.0,1679772000.0,-715187000.0,-0.7414452848,0,0.0,0.0,153673000.0,-1039003000.0,-885330000.0,794442000.0,0.0,0.0,687664000.0,857807000.0,0.8893016168,170143000.0,0.1763898464,-170143000.0,0.0,0.0,0.0,-25785000.0,-0.0267317033,-0.13,-0.12,200117241,223124633,https://www.sec.gov/Archives/edgar/data/884887/000088488705000004/0000884887-05-000004-index.htm,https://www.sec.gov/Archives/edgar/data/884887/000088488705000004/file10k.htm,4.82009943361152,-0.1288494677977296,0.5806945939255679,-0.0041825481693503,3.1410487015459103,24.00852608196812,22.61653707288519,24.00852608196812,33.01577598703752,10894382600.04,16872830600.04,-105.6271339930192,11.294372813220193,93.74979648420492,-13015.988769462365,2.2675277863428605,2.2675277863428605,17.49232115369822,19.669728272257046,145.19633584930338,-20158.69844688172,-0.002366816087394,-7.682858503582635e-05,1.3751687993805832,0.5522383493796934,6.969455833305161,0.3785376041015139,0.0,-4.506767500484778,0.0022319759542785,-0.9430288927671128,0.0,0.0,0.0232831029939274,1.007202664211278,0.1213413022180523,0.1702052165010819,0.0,,,-0.0022065764621746,-32.16705226312809,-1412896000.0,4525959000.0,-6298958000.0,9059108000.0,85800000.0,169032500.0,60164500.0,7.921448083890999,8.731881469628021,3.2286524599767112,11.361559028963828,10.30705699717131,27.8754065715234,-0.0053668212433291,0.5848771420949183,2005-02-01,-0.03375,bmo,2025628500.0,2025-04-25,2004-12-31,2.851851851851852,49.2915625,1050210.9375
2004-09-30,RCL,USD,884887,2004-09-30,2004-09-29 20:00:00,2004,Q3,1386107000.0,787403000.0,598704000.0,0.4319320226,0,376188000.0,-235153000.0,141035000.0,99288000.0,240323000.0,1027726000.0,0.0,0.0,99288000.0,457669000.0,0.3301830234,358381000.0,0.2585521897,-358381000.0,0.0,0.0,0.0,282471000.0,0.2037872978,1.42,1.26,199107000,234513000,,,6.961618627170315,1.4186894483870482,1.2575951624001165,1.0686314393768177,3.7209841944281217,24.000406816435383,22.60135505029959,24.000406816435383,29.348154509886644,8681065200.0,13783614200.0,7.683147296536635,6.262911304827116,34.669344558219784,40.79984772432463,1.8166358734445656,1.8166358734445656,9.944119898391683,30.116993285540424,55.04726193709165,64.78114695542646,0.0325387488162167,0.0245098953985508,1.2228190436250914,0.486880142419005,11.14899414205463,0.4279614931145374,0.0,0.8864485203790832,0.0029816617435381,0.0916341854562061,0.2713989612634522,0.0,0.0232099951265517,0.1502579913417147,0.0271436476404779,0.378938038836516,0.0,27.67860704439718,,0.0240950258666399,-32.07916220926437,-1314354000.0,4500088000.0,-6239807000.0,9140741000.0,90829000.0,185303500.0,62517000.0,5.629500464249874,20.012979376507328,6.865874272767567,15.987208913392005,4.497081534279122,13.10830877823836,0.0591110583765411,0.188963723023299,2004-10-21,1.28,bmo,1331962195.0,2025-04-25,2004-09-30,0.0390625,42.011875,1065528.15625
2004-06-30,RCL,USD,884887,2004-06-30,2004-06-29 20:00:00,2004,Q2,1142999000.0,707431000.0,435568000.0,0.3810746991,0,349873000.0,-206552000.0,143321000.0,97661000.0,240982000.0,948413000.0,0.0,0.0,97661000.0,292247000.0,0.2556843882,194586000.0,0.1702416188,-194586000.0,0.0,0.0,0.0,122159000.0,0.106875859,0.61,0.58,198786000,234381000,,,5.749896874025334,0.6145251677683539,1.994959403579729,-0.0012576338373929,3.553253247210568,22.57714829012103,21.175837332608936,22.57714829012103,30.06831970058253,8629300260.0,13900124260.0,17.659976465098765,7.549700620910429,21.759841289053632,-34517.20104,1.9227406155185105,1.9227406155185105,12.161099231057944,47.5629322456689,35.05087187633961,-55600.49704,0.0141563042563546,-2.897106282867946e-05,1.3318032602788623,0.4975318440520659,18.03551105742745,0.3700456471921741,0.0,3.2463428809993533,0.0029968826232499,0.211699506381028,0.3061008802282416,0.0,0.0231870896586167,1.000630405729127,0.347174406976734,4.063239164047061,0.0,17.668335558737464,,0.0104097429720025,-33.78289592828469,-1636188000.0,4209460000.0,-6564480000.0,8880523000.0,91581500.0,195148000.0,60796500.0,7.476935675359297,24.87359191214408,8.264904987200165,12.03701675495224,3.618295271462548,10.88941737858847,0.0272189011593305,1.996217037417122,2004-07-28,0.53,bmo,1013602886.0,2025-04-25,2004-06-30,0.1132075471698112,41.99564516129032,1410240.338709677
2004-03-31,RCL,USD,884887,2004-03-31,2004-03-30 19:00:00,2004,Q1,1061684000.0,654399000.0,407285000.0,0.3836216803,0,0.0,0.0,150238000.0,96579000.0,246817000.0,901216000.0,0.0,0.0,96579000.0,257047000.0,0.2421125307,160468000.0,0.1511447851,-160468000.0,0.0,0.0,0.0,95846000.0,0.090277333,0.49,0.47,197425000,216000000,,,5.377657338229708,0.4854805622388248,1.5895555274154742,1.1884817019121183,2.801048499430163,22.113891351146005,20.70292009623908,22.113891351146005,29.50068127136888,8706442500.0,13977617500.0,22.70945709784446,8.200596881934738,27.743604573351437,37.106166572904414,1.994221609382856,1.994221609382856,13.165515822033674,54.37767217668364,44.540521894856255,59.57149584888934,0.011008629529225,0.0269496984560571,1.3340339247818571,0.5038874931359901,20.506658315405357,0.4906126250905175,0.0,3.2741898462116312,0.0032688437326726,0.2969346660267512,0.0,0.0,0.024100147450222,0.2523182226640919,0.0745815138967903,0.8198676730966359,0.0,15.542102468616,,0.0084970490915003,-33.15272381917184,-837794000.0,4087274000.0,-6385727000.0,9379732000.0,88847500.0,191268500.0,54952500.0,7.477309632621383,26.788381400338327,7.788092585716054,12.03641475636578,3.35966547045143,11.55610298792117,0.0219536468968708,0.4010738255033557,2004-04-21,0.42,bmo,935293047.0,2025-04-25,2004-03-31,0.119047619047619,41.082580645161286,1562711.2903225806
2003-12-31,RCL,USD,884887,2004-03-15,2004-03-15 17:06:44,2003,Q4,878045000.0,596645000.0,281400000.0,0.3204847132,0,0.0,0.0,141877000.0,-1689746000.0,-1547869000.0,-951224000.0,0.0,0.0,630746000.0,2460015000.0,2.8016958129,1829269000.0,2.0833431088,-1829269000.0,0.0,0.0,0.0,-20049000.0,-0.0228336816,-0.1,-0.0969,195493190,206825352,https://www.sec.gov/Archives/edgar/data/884887/000088488704000004/0000884887-04-000004-index.htm,https://www.sec.gov/Archives/edgar/data/884887/000088488704000004/annualreport2.htm,4.491435225953395,-0.1025560020786401,0.8492469737692653,-1.6784574439651836,1.688478253385706,21.805859324306898,20.38094523906434,21.805859324306898,29.85169969347781,6801208080.099999,12306926080.099998,-84.8073230597536,7.745853663650496,40.96570382298732,-20.727364953508857,1.59544274236511,1.59544274236511,14.016281716882393,5.002784974929014,74.12828468576453,-37.50659372773347,-0.0029478586397999,-0.0482453993666336,1.3689760742518526,0.515405543992789,2.2380831011193023,0.3818808170275442,0.0,-8.280812010574094,0.0070735962542837,-2.3995710509252333,0.0,0.0,0.0246019029666135,2.9764067412752526,0.5627832286500123,0.7834358045869494,0.0,,,-0.0018153451125076,-33.94493562665789,-929977000.0,3984336000.0,-6485295000.0,9292079000.0,94040500.0,182680500.0,50272000.0,9.172661993405804,28.32176587417979,8.036487358479498,9.811764574416967,3.177767954153263,11.198922612008934,-0.0047031396723871,2.5277044177344488,2004-01-29,-0.07,bmo,827871000.0,2025-04-25,2003-12-31,0.4285714285714285,30.91109375,1283232.8125
2003-09-30,RCL,USD,884887,2003-09-30,2003-09-29 20:00:00,2003,Q3,1120199000.0,651355000.0,468844000.0,0.4185363493,0,0.0,0.0,129016000.0,742022000.0,871038000.0,1522393000.0,0.0,0.0,-90667000.0,-311527000.0,-0.2780996948,-402194000.0,-0.3590379924,402194000.0,0.0,0.0,0.0,191867000.0,0.1712793888,0.99,0.97,194402000,198663000,,,5.762281252250491,0.9869600106994784,1.5478955977819158,-0.7014279688480571,1.9549181592781968,22.045133280521807,20.612221067684487,22.045133280521807,28.401369327476058,5464640220.0,10605883220.0,7.120349278406397,4.87827628840947,18.16013950829805,-40.07539084328867,1.2751113655020114,1.2751113655020114,9.467856354094229,-34.04482828133677,35.245562585988026,-77.77912143679552,0.0351106371646915,-0.0249529693649255,1.2883283111093895,0.4988508767119055,-16.503362469384676,0.4345094075043512,0.0,1.568346823580918,0.0046246887228744,0.1317175960430923,0.0,0.0,0.0251681355706173,1.453149404813335,0.3903529640715623,-4.822846239535884,0.0,22.12571946885214,,0.0177828473428004,-32.431597925947266,-882754000.0,4007057000.0,-6104098000.0,8939749000.0,102749000.0,172500000.0,47771000.0,7.921164007466531,24.54030444227802,6.531046817787535,11.361966488153197,3.667436164522395,13.78033300188292,0.0447699724987154,2.249323566629973,2003-10-27,0.98,bmo,1131629602.0,2025-04-25,2003-09-30,-0.010204081632653,28.60703125,1208407.84375
2003-06-30,RCL,USD,884887,2003-06-30,2003-06-29 20:00:00,2003,Q2,905841000.0,580466000.0,325375000.0,0.3591965919,0,0.0,0.0,119457000.0,669181000.0,788638000.0,1369104000.0,0.0,0.0,-88715000.0,-374548000.0,-0.4134809531,-463263000.0,-0.5114175667,463263000.0,0.0,0.0,0.0,55672000.0,0.0614589095,0.29,0.28,193158000,195882000,,,4.68963749883515,0.288220006419615,1.3691692811066587,1.0800846975015272,2.7386025947669785,21.1813075306226,19.739166899636565,21.1813075306226,28.71658435063523,4473539280.0,9491394280.0,20.088820592039085,4.938548023328598,16.915366360893273,21.442762825521147,1.0934169180309918,1.0934169180309918,10.477991479740924,-25.340929013103796,35.88890171137311,45.4945634074209,0.0124447325742493,0.046635781411983,1.3557512589399217,0.5096962270626553,-13.397094631395708,0.5957979504882445,0.0,4.7504310964219,0.0056143465895754,0.4511424055180342,0.0,0.0,0.025596833855036,0.2111386718897703,0.0616432685206344,-0.6294200529786395,0.0,11.720056455929187,,0.0052500576665157,-31.880615868874187,-572802000.0,3812778000.0,-5946980000.0,8903047000.0,104982000.0,166194000.0,46474000.0,10.62166539160846,25.95423332288196,7.484934518128538,8.473247525863844,3.4676424027002,12.02415328845158,0.0136072811370556,0.2890845836051315,2003-07-28,0.15,bmo,672586937.0,2025-04-25,2003-06-30,0.8666666666666669,19.38079365079365,1044911.1111111112
2003-03-31,RCL,USD,884887,2003-03-31,2003-03-30 19:00:00,2003,Q1,880164000.0,552569000.0,327595000.0,0.3721976813,0,0.0,0.0,123984000.0,641238000.0,765222000.0,1317791000.0,0.0,0.0,-88669000.0,-348958000.0,-0.3964692944,-437627000.0,-0.4972107471,437627000.0,0.0,0.0,0.0,53174000.0,0.0604137411,0.28,0.27,193029000,194905000,,,4.559750089364811,0.275471561267996,0.6548290671349901,0.4358516077895031,0.7812971107968233,21.04322148485461,19.60011708085313,21.04322148485461,27.55934600500443,2901225870.0,8070165870.0,13.640246502049871,3.2962332815248065,22.952554726624,34.484213735558406,0.7142442525170164,0.7142442525170164,9.168934278157252,-23.12646756916305,63.845743862785895,95.9226675937812,0.0183281145221554,0.0289987763000334,1.3096543238324825,0.5077863876384546,-14.812498925372108,0.355156033482981,0.0,2.377120397186595,0.0086497918895228,0.471941174258096,0.0,0.0,0.0265894833701781,0.3344039999683547,0.0480240046173213,-0.4767055002311969,0.0,11.420516810642834,,0.0052142624109378,-31.9328442876459,-776209000.0,3783391000.0,-5986901000.0,8732485000.0,91296500.0,168073000.0,40986000.0,10.538058816311503,26.873331656318037,7.276141079213636,8.540472355372703,3.3490451110047093,12.369193920265037,0.0130907504569231,0.2189774593454869,2003-04-23,0.21,bmo,628688571.0,2025-04-25,2003-03-31,0.2857142857142858,15.08737704918033,1157440.9836065574
2002-12-31,RCL,USD,884887,2003-03-24,2003-03-24 17:29:32,2002,Q4,780930000.0,510074000.0,270856000.0,0.3468377447,0,0.0,0.0,118823000.0,-1517556000.0,-1398733000.0,-888659000.0,0.0,0.0,592613000.0,2262202000.0,2.8968050914,1669589000.0,2.1379496242,-1669589000.0,0.0,0.0,0.0,38277000.0,0.0490146364,0.2,0.2,193021094,195576523,https://www.sec.gov/Archives/edgar/data/884887/000095014403003650/0000950144-03-003650-index.htm,https://www.sec.gov/Archives/edgar/data/884887/000095014403003650/g80869e20vf.htm,4.045827240001033,0.1983047510859098,0.7980992999656297,-1.9884666076962552,1.2567745574999176,20.902865673323767,19.459702160842586,20.902865673323767,28.208512796015963,3223452269.8,8425706269.799999,21.05345422708153,4.127709615202386,20.92471450697825,-8.398431200887925,0.7989335175852245,0.7989335175852245,10.78932333218086,3.724559641358286,54.69462038169425,-21.95246229912249,0.0118745359931682,-0.1190698567482787,1.3495045720939431,0.5166600544231449,2.299641676561156,0.3827082405573652,0.0,4.0246100791598085,0.0077823395230717,0.6553805157143977,0.0,0.0,0.0264326213966633,3.491502758844531,0.6887505922425826,0.9076176189182484,0.0,9.657411424519523,,0.0037307126629025,-32.03252101555284,-722190000.0,3756133000.0,-6056094000.0,8832855000.0,80946500.0,173072000.0,36074000.0,9.166186469978102,30.199088759670165,6.58122154824594,9.818696171496825,2.9802223741330858,13.675272795517309,0.0094869648107142,2.7865659076618847,2003-01-30,0.01154,bmo,780929999.0,2025-04-25,2002-12-31,1.5996533795493932,18.96734375,1064889.0625
2002-09-30,RCL,USD,884887,2002-09-30,2002-09-29 20:00:00,2002,Q3,1031660000.0,601640000.0,430020000.0,0.416823372,0,0.0,0.0,102885000.0,687178000.0,790063000.0,1391703000.0,0.0,0.0,-85538000.0,-274505000.0,-0.2660808794,-360043000.0,-0.3489938546,360043000.0,0.0,0.0,0.0,193494000.0,0.1875559777,1.01,0.99,192463000,195341000,,,5.360303019281628,1.0053568737887282,1.1303938938912934,1.3826034094864987,3.3347084894239414,20.8836607555738,19.43631243407824,20.8836607555738,28.44282277632584,3064010960.0,7896393960.0,3.9587932442349634,2.969981350444914,14.083586337499252,11.514509432544155,0.7623184549074323,0.7623184549074323,7.654066223368164,-28.76593854392452,36.29541393369155,29.674535738444195,0.0631505573987894,0.0868469478320665,1.361965371360216,0.5206999050711776,-17.6039889983789,0.7386085632951227,0.0,1.1243707815229411,0.0081667462442758,0.1293218394368817,0.0,0.0,0.0264964606197577,0.0,0.0,0.0,0.0,21.73475252989968,,0.0189059071213383,-29.99437294441009,-297780000.0,3740771000.0,-5652377000.0,8804937000.0,84936000.0,167602000.0,34136000.0,7.18475078998895,26.17709926201715,5.213100857655741,12.526530513125625,3.4381196747261287,17.264196964044878,0.0481408353427883,0.0,2002-10-23,0.95,bmo,988221684.0,2025-04-25,2002-09-30,0.0421052631578947,17.958125,849109.375
2002-06-30,RCL,USD,884887,2002-06-30,2002-06-29 20:00:00,2002,Q2,821804000.0,498865000.0,322939000.0,0.392963529,0,0.0,0.0,107271000.0,584013000.0,691284000.0,1190149000.0,0.0,0.0,-85148000.0,-283197000.0,-0.3446040662,-368345000.0,-0.4482151462,368345000.0,0.0,0.0,0.0,66700000.0,0.081162905,0.35,0.34,196406000,196413000,,,4.184210258342413,0.3396026597965439,1.6384886408765515,1.0461238455037014,3.023655081820311,19.600704662790346,18.18241296090751,19.600704662790346,28.56506929523538,3922227820.0,8938714820.0,14.701003823088454,4.772704708178592,12.188061303443968,19.089518020100748,1.0188409214649676,1.0188409214649676,10.87694245829906,-31.56359290529208,27.776460011994693,43.50480529530577,0.0170056414520052,0.052384769429329,1.457349099773073,0.5302125206436812,-17.71377168543452,0.5828133030146415,0.0,4.82472263868066,0.0063774979802167,0.3750224887556221,0.0,0.0,0.0263257200775895,0.3615312188285598,0.1415714695961567,-1.3663738431906798,0.0,12.23806182942494,,0.0064739908630344,-30.831125322037003,-575537000.0,3571135000.0,-5927599000.0,8661211000.0,81017000.0,157266500.0,33851500.0,9.584110079775712,28.903951970974116,6.029827708899202,9.390543227369337,3.11376105559474,14.92579959907848,0.0173260434070638,0.5923647953728501,2002-07-25,0.28,bmo,645703142.0,2025-04-25,2002-06-30,0.2142857142857142,22.27296875,651859.375
2002-03-31,RCL,USD,884887,2002-03-31,2002-03-30 19:00:00,2002,Q1,799953000.0,502638000.0,297315000.0,0.3716655854,0,0.0,0.0,102076000.0,585465000.0,687541000.0,1190179000.0,0.0,0.0,-82827000.0,-307399000.0,-0.3842713259,-390226000.0,-0.4878111589,390226000.0,0.0,0.0,0.0,52813000.0,0.0660201287,0.27,0.27,192325000,195509000,,,4.159381255686988,0.2746028857402833,0.9205875471207592,0.4821526062654361,3.2747536721695045,19.75931366177044,18.31092681658651,19.75931366177044,28.45164695177434,4231150000.0,9073296000.0,20.028922803097725,5.289248243334296,23.897781442739984,45.62870699881376,1.1133989963712532,1.1133989963712532,11.34228635932361,-29.516348459168704,51.24650385197569,97.84639275315432,0.012481949351831,0.0219160275575198,1.4399106891461262,0.530767197550617,-15.751990084548096,0.7075452121743345,0.0,3.3524321663226857,0.0059095045082306,0.4734440383996364,0.0,0.0,0.0270197443434645,0.4762555633373246,0.1054086927606997,-1.0180496697936663,0.0,11.049172023948913,,0.005264992213119,-30.19096841284284,-352339000.0,3521649000.0,-5656900000.0,8533214000.0,73358000.0,149195000.0,33886500.0,8.383992559562875,27.63181454645291,6.138015828488892,10.734742351046698,3.2571150855365474,14.66271878646441,0.0138973898810855,0.438434940855323,2002-04-24,0.26,bmo,769185576.0,2025-04-25,2002-03-31,0.0384615384615384,18.798333333333336,1216020.0
2001-12-31,RCL,USD,884887,2002-04-08,2002-04-08 00:00:00,2001,Q4,655977000.0,444893000.0,211084000.0,0.3217856724,0,0.0,0.0,110332000.0,-1407735000.0,-1297403000.0,-852510000.0,0.0,0.0,520585000.0,2029072000.0,3.0932060118,1508487000.0,2.2996034922,-1508487000.0,0.0,0.0,0.0,-38965000.0,-0.0593999485,-0.2,-0.2,192512228,192954728,https://www.sec.gov/Archives/edgar/data/884887/000095014402003619/0000950144-02-003619-index.htm,https://www.sec.gov/Archives/edgar/data/884887/000095014402003619/g75173e20-f.htm,3.407456278569484,-0.2024027273737645,0.3111958166106726,-2.6742509052463928,3.7773081094879855,19.51348254096358,18.06650432615636,19.51348254096358,29.328588935140264,3118698093.6,8037632093.6,-20.009611790068007,4.754279637243378,52.057255063513,-6.057771156856879,0.8301952235328692,0.8301952235328692,12.252917546804232,3.961235527176956,134.16401698576175,-15.612327453547412,-0.012493995516899,-0.1650772163732341,1.5029910152415067,0.5445299168214743,2.424228415748677,0.7964003023415291,0.0,-1.537508020017965,0.0080116764271843,-0.6412421403823945,0.0,0.0,0.0268653540984852,9.593466757916174,0.8761511455432126,1.104017595589577,0.0,,,-0.0038616597198416,-30.20133609382984,-226535000.0,3478023000.0,-5726084000.0,8657474000.0,69352500.0,150867500.0,33842000.0,9.905286313392086,29.144760650313668,6.7754943323450805,9.0860573993019,3.088033594780315,13.283163646135014,-0.0103724554009706,2.9854467218570657,2002-01-29,-0.22,bmo,805062681.0,2025-04-25,2001-12-31,-0.2272727272727272,12.95375,1818871.9375
2001-09-30,RCL,USD,884887,2001-09-30,2001-09-29 20:00:00,2001,Q3,940721000.0,529156000.0,411565000.0,0.4374995349,0,0.0,0.0,123489000.0,605975000.0,729464000.0,1258620000.0,0.0,0.0,-76819000.0,-241080000.0,-0.2562715194,-317899000.0,-0.3379312251,317899000.0,0.0,0.0,0.0,159212000.0,0.1692446538,0.83,0.82,192254000,193139000,,,4.8931153578079,0.8281336149052816,0.6164449114192683,-0.1164241056102863,3.9769783723615633,19.93800389068628,18.47554277154181,19.93800389068628,26.74110811738637,1982138740.0,6358633740.0,3.1124204519759817,2.107042087930428,16.72493325683042,-88.55554393959702,0.5171029184529427,0.5171029184529427,6.759319436899995,-26.375616973618715,53.65301770254991,-284.08317651789304,0.0803233380121514,-0.0112923477798531,1.341212904962771,0.5192263584473076,-18.153704164592668,1.0028451102507268,0.0,0.7443785644298169,0.0126111252938833,0.1570044971484561,0.0,0.0,0.0283962937485917,1.1888637629309615,0.1497755445025677,-1.8341425949309416,0.0,19.274463748954624,,0.0165496411794722,-27.238469680734863,2630000.0,3551997000.0,-5141249000.0,8393467000.0,72385500.0,162296500.0,33552000.0,6.363002420483863,26.816005110024264,5.815279426104968,14.144266189538255,3.3562046110424,15.476470416191397,0.0415354325059657,0.7328690170295546,2001-10-30,0.73,bmo,824741698.0,2025-04-25,2001-09-30,0.1232876712328766,20.44779661016949,1656306.813559322
2001-06-30,RCL,USD,884887,2001-06-30,2001-06-29 20:00:00,2001,Q2,821674000.0,504003000.0,317671000.0,0.3866143994,0,0.0,0.0,107469000.0,578930000.0,686399000.0,1190402000.0,0.0,0.0,-74927000.0,-293801000.0,-0.3575639487,-368728000.0,-0.4487521815,368728000.0,0.0,0.0,0.0,81713000.0,0.0994469826,0.43,0.42,192209000,193093000,,,4.27489867800155,0.4251257745474978,1.4283618352938727,0.3910795020004266,4.261439370685036,19.26278686221769,17.78644080141929,19.26278686221769,24.764449115285966,4249740990.0,8190603990.0,13.002034529389448,5.172052407645855,15.479271045806868,56.5358191541726,1.1478089934830185,1.1478089934830185,9.968191752446836,-27.87806709303236,29.83348384958331,108.96252431188388,0.0192277600428538,0.0176879014925566,1.2856109187326012,0.4964175691532059,-13.4133750395676,0.9309865086895148,0.0,3.359857060688018,0.0058794171359605,0.3057775384577729,0.0,0.0,0.0295942025327782,0.7262041785651845,0.2426448932301618,-2.660923298677379,0.0,13.574052882493584,,0.0087817794492626,-25.97110437076308,-74557000.0,3418714000.0,-4880352000.0,7925603000.0,70404000.0,163111500.0,32377000.0,8.572231809695815,29.80839399765478,5.877286444723544,10.499016125322637,3.019283763059523,15.31318931729104,0.022069795901721,1.0372823332934462,2001-07-25,0.31,bmo,568545396.0,2025-04-25,2001-06-30,0.5806451612903225,20.886666666666667,989861.9206349206
2001-03-31,RCL,USD,884887,2001-03-31,2001-03-30 19:00:00,2001,Q1,726878000.0,456339000.0,270539000.0,0.3721931328,0,0.0,0.0,112790000.0,524004000.0,636794000.0,1093133000.0,0.0,0.0,-67665000.0,-298590000.0,-0.4107842031,-366255000.0,-0.5038741027,366255000.0,0.0,0.0,0.0,52497000.0,0.0722225738,0.27,0.27,192161000,193516000,,,3.78265100618752,0.2731927914613267,0.9404717918828482,-3.339605851343405,1.4868990065622056,18.97650928127976,17.48624330639412,18.97650928127976,22.14911974854419,4429311050.0,8399784050.0,21.09316270453549,6.093610000577813,24.508975387611912,-6.902012101436402,1.2146596435804302,1.2146596435804302,11.555975074221534,-28.13149820824542,46.47903437323624,-13.089035858647245,0.0118521818421399,-0.1448852863923386,1.1671861995395645,0.4789685592401317,-13.297407816738671,0.4544489901903649,0.0,3.44252052498238,0.0056410578796447,0.4759510067241937,0.0,0.0,0.0322265875564866,4.5509899182169296,1.1315021227771374,-12.154939776841791,0.0,10.800255770663645,,0.0061044435795665,-25.452995144696377,-558863000.0,3360174000.0,-4774089000.0,7316752000.0,58077500.0,158719000.0,30978000.0,7.7442707029240125,31.416446983492538,6.2797394042586765,11.621494579989127,2.86474151731065,14.331804905624823,0.0143963669720242,4.280077643226253,2001-04-25,0.26,bmo,698921153.0,2025-04-25,2001-03-31,0.0384615384615384,26.109516129032254,1301348.4193548388
2000-12-31,RCL,USD,884887,2001-04-17,2001-04-17 00:00:00,2000,Q4,642119000.0,413793000.0,228326000.0,0.355582065,0,0.0,0.0,103461000.0,-1176343000.0,-1072882000.0,-659089000.0,0.0,0.0,399773000.0,1700981000.0,2.649012099,1301208000.0,2.0264281231,-1301208000.0,0.0,0.0,0.0,30080000.0,0.0468448995,0.16,0.16,191172587,192904212,https://www.sec.gov/Archives/edgar/data/884887/000095014401500838/0000950144-01-500838-index.htm,https://www.sec.gov/Archives/edgar/data/884887/000095014401500838/g67041e20-f.txt,3.358844539777034,0.1573447347866878,0.3043846448549655,-0.3652354194485007,0.9301019711576116,18.914401153131852,17.402814138828386,18.914401153131852,17.837787590330617,4815637466.530001,8047923466.530001,40.023582667303856,7.499602825223986,82.75713123440454,-68.9692145357547,1.3317894548212557,1.3317894548212557,12.53338316811993,4.731342364512009,138.30423554786046,-115.26178288715754,0.0062463173793841,-0.01449922268553,0.9430796907560052,0.435602126342776,1.900248150919969,0.3405587584120651,0.0,1.9345079787234043,0.0051891364691965,0.8307513297872341,0.0,0.0,0.0369132390577207,2.199914074583262,0.1993602431947972,0.3202142215707414,0.0,8.183020972996003,,0.0039896592488803,-20.81614217000683,-601661000.0,3326941000.0,-3901831000.0,6519122000.0,46927500.0,157274000.0,28502500.0,7.513887612732219,34.39611109902778,6.550014137503535,11.977820888283684,2.61657487210942,13.740428357961148,0.0083187796173306,0.6696200643034663,2001-01-25,0.17,bmo,679890705.0,2025-04-25,2000-12-31,-0.0588235294117647,22.182380952380957,557441.2698412698
2000-09-30,RCL,USD,884887,2000-09-30,2000-09-29 20:00:00,2000,Q3,835210000.0,444888000.0,390322000.0,0.4673339639,0,0.0,0.0,96650000.0,502394000.0,599044000.0,1043932000.0,0.0,0.0,-57506000.0,-151216000.0,-0.1810514721,-208722000.0,-0.2499036171,208722000.0,0.0,0.0,0.0,201497000.0,0.241253098,1.05,1.04,192019106,193010588,,,4.349619250909334,1.049359119503452,1.0963440273490286,-1.926985328220412,1.0185288541026745,18.799696942657363,17.281217838812353,18.799696942657363,17.312954264040787,4942571788.44,8071412788.44,6.13231436254634,5.9177593520671445,23.47803185669701,-13.357652299185444,1.3691710073046324,1.3691710073046324,9.66393217087918,-53.37671138265792,38.34054307896199,-21.813567957342613,0.0407676425603516,-0.0748634548648178,0.920916667797815,0.4288208792483111,-20.691203311818857,0.3311006372666283,0.0,1.0447748601716154,0.005052228084659,0.1239274033856583,0.0,0.0,0.0376108857275423,2.7576465782185933,0.6950790819075442,-10.095242235592808,0.0,21.068264100069328,,0.0270071141684781,-20.327953719355406,-620756000.0,3318324000.0,-3835292000.0,6434289000.0,38487500.0,140424000.0,27025500.0,4.336801522970271,31.64043534552517,5.439796083508658,20.75262137852209,2.844461494197756,16.54473782075121,0.0558178742297919,3.02332935556944,2000-10-18,1.08,bmo,866143703.0,2025-04-25,2000-09-30,-0.037037037037037,22.193650793650797,443565.07936507935
2000-06-30,RCL,USD,884887,2000-06-30,2000-06-29 20:00:00,2000,Q2,680731000.0,390599000.0,290132000.0,0.4262065339,0,0.0,0.0,104273000.0,445262000.0,549535000.0,940134000.0,0.0,0.0,-54663000.0,-204740000.0,-0.300764913,-259403000.0,-0.3810653547,259403000.0,0.0,0.0,0.0,108258000.0,0.1590319818,0.57,0.56,190951000,192002000,,,3.5649512178517,0.5669412571811616,1.4204953103152118,-1.1551183287859188,0.4923304931631675,17.975632492105305,16.435022597420282,17.975632492105305,13.42617215934978,3532593500.0,6002323500.0,8.157811662879418,5.189411823466244,13.023626241958375,-16.015675224757562,1.0291710184954543,1.0291710184954543,8.81746754591755,-29.316809123766728,22.128789470773658,-27.21265941578902,0.0306454733611438,-0.0624388285830226,0.7469095824720718,0.3735650933722945,-12.0627625280844,0.2083864278293617,0.0,2.505542315579449,0.0059774780200439,0.1950525596260784,0.0,0.0,0.0428653880143723,1.8131799664509944,0.7224821552125583,-8.997237619596437,0.0,15.142667297516187,,0.0164808314311368,-17.257305539117365,-780265000.0,3138284000.0,-3225039000.0,5843284000.0,42128000.0,110710000.0,25545000.0,4.855971007637378,28.67357571319947,6.258310953177043,18.53388330746821,3.13877839653496,14.380876992746954,0.0315394330313637,2.575613639101131,2000-07-25,0.55,bmo,655977145.0,2025-04-25,2000-06-30,0.0363636363636361,22.61142857142857,761344.4444444445
2000-03-31,RCL,USD,884887,2000-03-31,2000-03-30 19:00:00,2000,Q1,707786000.0,403179000.0,304607000.0,0.4303659581,0,0.0,0.0,108415000.0,459735000.0,568150000.0,971329000.0,0.0,0.0,-56556000.0,-206987000.0,-0.2924429135,-263543000.0,-0.3723484217,263543000.0,0.0,0.0,0.0,105528000.0,0.1490959132,0.57,0.55,182466598,193538594,,,3.878989402761814,0.5783414671873259,0.8952981082049878,0.4279084547846943,0.5639443116049109,18.330916653578427,16.7044052632581,18.330916653578427,12.757337647079932,5109064744.0,7333951744.0,12.103576169357895,7.21837496644466,31.27449923482817,65.43455659012027,1.5274740772188304,1.5274740772188304,10.361820866759162,-35.43194376458425,44.8938660398379,93.92988824139654,0.0206550523995473,0.015282444813739,0.6959465196515167,0.3611696134357402,-10.74892142984825,0.2568956872018244,0.0,1.5480441209915852,0.0045687422590235,0.2211924797210219,0.0,0.0,0.0460477339662859,0.5220491913664133,0.1204926347794389,-1.5079390338779264,0.0,15.444559162604174,,0.0171636181000638,-16.166505444464963,-662450000.0,3047996000.0,-2871345000.0,5523897000.0,50493000.0,100009000.0,25163500.0,6.04339447234051,21.64777927421815,5.3415728497764015,14.89229280198624,4.157470328015921,16.848969869196374,0.0315500571039051,0.4673896534202933,2000-04-24,0.54,bmo,694678851.0,2025-04-25,2000-03-31,0.0185185185185185,39.78285714285715,954798.4126984128
1999-12-31,RCL,USD,884887,2000-04-04,2000-04-04 00:00:00,1999,Q4,583952000.0,366252000.0,217700000.0,0.3728046141,0,0.0,0.0,100317000.0,-1077991000.0,-977674000.0,-611422000.0,0.0,0.0,343809000.0,1539183000.0,2.6358039702,1195374000.0,2.0470415377,-1195374000.0,0.0,0.0,0.0,38353000.0,0.0656783434,0.21,0.2,180501439,189937501,https://www.sec.gov/Archives/edgar/data/884887/000095014400004542/0000950144-00-004542-index.html,https://www.sec.gov/Archives/edgar/data/884887/000095014400004542/,3.2351653440280885,0.2124803005033106,0.1764972078699051,-3.106473849219562,0.3516315457185912,18.067202223246543,16.408556166690726,18.067202223246543,12.975946413369035,8900525957.09,11179232957.09,58.017143098910125,15.241879396063377,279.381190190533,-15.873302784244627,2.729254889091476,2.729254889091476,19.144095674113625,7.263095393523707,350.90818497991086,-19.93717567692069,0.004309071192523,-0.062998861269916,0.7182045262477478,0.3670829812847278,1.4804652858042222,0.2147185793315541,0.0,0.8306521002268401,0.0025917569491075,0.6014653351758663,0.0,0.0,0.0469222606151764,18.60069684223743,1.0147768994711894,1.723576171653447,0.0,9.293858324028506,,0.006306894302253,-16.63472472371813,-710887000.0,2961768000.0,-2924978000.0,5446701000.0,52879500.0,110720500.0,28399000.0,8.23922171685344,25.320517021067463,6.4868451230300455,10.923361828691146,3.554429790083559,13.874232896431549,0.0117605536196367,3.2829710570894672,2000-01-25,0.18,bmo,486626666.0,2025-04-25,1999-12-31,0.1666666666666666,49.275625,525334.375
1999-09-30,RCL,USD,884887,1999-09-30,1999-09-29 20:00:00,1999,Q3,734500000.0,393200000.0,341300000.0,0.4646698434,0,0.0,0.0,92800000.0,443500000.0,536300000.0,929500000.0,0.0,0.0,-50200000.0,-144700000.0,-0.1970047651,-195000000.0,-0.2654867257,195000000.0,0.0,0.0,0.0,170000000.0,0.231449966,0.98,0.92,173469388,184782609,,,4.234176464610575,0.9799999986164706,1.2791882334882048,0.5286235286654727,3.8323764651778216,18.463199973934305,16.722258799921516,18.463199973934305,13.786294098184056,7806122460.0,9532822460.0,11.479591852941176,10.627804574540503,35.17855998197386,85.12674438386041,2.43728064818284,2.43728064818284,12.978655493533015,-65.87990642709053,42.959993059936906,103.95662442748092,0.0217777777470326,0.0117471895258993,0.7466903959035843,0.3720499696634982,-11.932964754664823,0.8242695227201831,0.0,1.3052941176470587,0.0027926797346194,0.128235294117647,0.0,0.0,0.0469826848581963,0.5867507886435331,0.1772634445200817,-2.593625498007968,0.0,20.17705525716037,,0.0277510243392807,-14.445632332547342,-169000000.0,2900800000.0,-2432400000.0,5448000000.0,71850000.0,108600000.0,30600000.0,6.408441116405719,27.10071210579857,6.958290946083418,14.04397705544933,3.320945945945946,12.93421052631579,0.0530785562632696,0.7505647048227322,1999-10-20,0.87,bmo,692287356.0,2025-04-25,1999-09-30,0.0574712643678161,45.8475,455712.515625
1999-06-30,RCL,USD,884887,1999-06-30,1999-06-29 20:00:00,1999,Q2,617664000.0,370200000.0,247464000.0,0.4006450109,0,0.0,0.0,90900000.0,418700000.0,509600000.0,879800000.0,0.0,0.0,-48500000.0,-213636000.0,-0.3458773702,-262136000.0,-0.424399026,262136000.0,0.0,0.0,0.0,85300000.0,0.138100974,0.49,0.47,174081633,181489362,,,3.5481284806192046,0.4899999990234466,1.1253341126458758,0.6531418509843597,0.9007268446292666,14.93781943095628,13.188065624361416,14.93781943095628,13.8199530791396,7616071443.75,9865071443.75,22.32142861591442,12.330444131032406,38.87734274502297,66.98391771108179,2.9288076618020304,2.9288076618020304,15.971582355050645,-46.17700876139789,50.35768986089842,86.76404084212841,0.0111999999776787,0.0149289565939282,0.9251653591755116,0.4095396976712515,-10.527251961279934,0.3209876543209876,0.0,2.296600234466589,0.0024159437232038,0.2157092614302461,0.0,0.0,0.0518521040446683,0.4196018376722817,0.133082064034815,-1.6948453608247422,0.0,12.833139089796871,,0.0153147330245251,-17.424296565508435,-676500000.0,2295800000.0,-2954200000.0,4860400000.0,85100000.0,110250000.0,30800000.0,13.31792042275412,24.0194489465154,7.487844408427876,6.75781181619256,3.7469635627530367,12.01948051948052,0.0328026457468081,0.472192261661516,1999-07-22,0.48,bmo,540487499.0,2025-04-25,1999-06-30,0.1250000000000001,39.51047619047619,410242.8571428572
1999-03-31,RCL,USD,884887,1999-03-31,1999-03-30 19:00:00,1999,Q1,610000000.0,366600000.0,243400000.0,0.3990163934,0,0.0,0.0,87800000.0,413800000.0,501600000.0,868200000.0,0.0,0.0,-47200000.0,-211000000.0,-0.3459016393,-258200000.0,-0.4232786885,258200000.0,0.0,0.0,0.0,90200000.0,0.1478688525,0.52,0.49,173461538,184081633,,,3.5166297211085493,0.520000001383592,0.770776055265923,-0.1948558763499491,0.6243458996656653,14.581330415737463,12.810332628320175,14.581330415737463,14.153569882448522,6764999982.0,9111799982.0,18.749999950110865,11.090163904918033,50.59835439042633,-200.14792846153847,2.6746530589491164,2.6746530589491164,14.93737701967213,-43.18388617061611,68.15108438294689,-269.57988112426034,0.01333333336881,-0.0049963045217935,0.9706638200292572,0.4244420240997182,-11.122274881516589,0.2846676004740868,0.0,1.482261640798226,0.0027050997854681,0.2028824833702882,0.0,0.0,0.0531092785643898,1.2528047868362004,0.2745901639344262,-3.5487288135593222,0.0,13.061453453504214,,0.0164685691333004,-17.711130867524073,-663900000.0,2222100000.0,-2990800000.0,4839200000.0,57666000.0,118766500.0,31317000.0,11.62622950819672,29.877250409165303,7.561374795417349,7.741116751269035,3.012325390304026,11.902597402597404,0.0356620408808761,0.965631931615872,1999-04-21,0.48,bmo,559166666.0,2025-04-25,1999-03-31,0.0833333333333334,35.829180327868855,393022.95081967214
1998-12-31,RCL,USD,884887,1999-04-02,1999-04-02 00:00:00,1998,Q4,575191000.0,379628000.0,195563000.0,0.3399966272,0,0.0,0.0,83714000.0,-1166486000.0,-1082772000.0,-703144000.0,0.0,0.0,341614000.0,1619949000.0,2.816367085,1278335000.0,2.2224530634,-1278335000.0,0.0,0.0,0.0,23400000.0,0.0406821386,0.13,0.13,173775506,182415134,https://www.sec.gov/Archives/edgar/data/884887/000095014499004018/0000950144-99-004018-index.html,https://www.sec.gov/Archives/edgar/data/884887/,3.309965905091365,0.1346564918073091,0.141895716879685,-0.8349565674692957,0.9950827017013548,14.12602993657806,12.343264303313264,14.12602993657806,14.208458124127114,6429693722.0,8725854722.0,68.6933089957265,11.178362877722355,260.7548755779057,-44.31368222199249,2.6192780396275315,2.6192780396275315,15.17036031857244,5.386499650297633,353.8752016384135,-60.13890707467521,0.0036393646434407,-0.0225663937153863,1.0058351984187444,0.4342330281902669,1.4174279560652836,0.321664204548646,0.0,1.0506178099701746,0.0028514577509762,0.7835042735042735,0.0,0.0,0.0544841468879417,6.884297185497608,0.2951245760104035,0.4969146463552431,0.0,6.542066705144033,,0.0043524559290586,-17.350437178413394,-603824000.0,2144957000.0,-2944987000.0,4778977000.0,38266000.0,110216500.0,30317000.0,5.716153416865007,27.46101446679381,7.547019714035845,15.744853826782,3.277373460067511,11.925237167808003,0.0095325078887613,0.9768522843489806,1999-02-01,0.13,bmo,398209153.0,2025-04-25,1998-12-31,0.3076923076923077,28.36921875,658971.875
1998-09-30,RCL,USD,884887,1998-09-30,1998-09-29 20:00:00,1998,Q3,744900000.0,415100000.0,329800000.0,0.4427439925,0,0.0,0.0,94200000.0,467100000.0,561300000.0,976400000.0,0.0,0.0,-52000000.0,-179500000.0,-0.2409719425,-231500000.0,-0.3107799705,231500000.0,0.0,0.0,0.0,150000000.0,0.2013693113,0.87,0.82,172413793,182926829,,,4.320420002592252,0.870000000522,0.760960000456576,0.42920000025752,2.034060001220436,14.20130000852078,12.389380007433628,14.20130000852078,14.956460008973876,4579310342.08,6807310342.08,7.632183903466666,6.1475504659417375,34.903280046341465,61.88257219027027,1.870251313898305,1.870251313898305,9.138555970036249,-37.92373449626741,51.88498736341463,91.99068029837838,0.0327560241160391,0.0161596385639126,1.0531754135184808,0.443067988522534,-12.412256267409472,0.4836198507946805,0.0,0.8746666666666667,0.0039962349421567,0.122,0.0,0.0,0.0536760536760536,0.4359756097560975,0.0767888307155322,-1.1,0.0,16.67304554763732,,0.0272345988343591,-17.26370001035822,-477600000.0,2136100000.0,-2924300000.0,4877500000.0,34500000.0,106550000.0,28750000.0,4.832863471606927,22.67887256082872,6.24427848711154,18.6225,3.968451242829828,14.413194444444445,0.0612619971411068,0.331760000199056,1998-10-22,0.75,bmo,625716000.0,2025-04-25,1998-09-30,0.16,33.67109375,499490.625
1998-06-30,RCL,USD,884887,1998-06-30,1998-06-29 20:00:00,1998,Q2,656500000.0,402600000.0,253900000.0,0.3867479056,0,0.0,0.0,85000000.0,450000000.0,535000000.0,937600000.0,0.0,0.0,-47400000.0,-233700000.0,-0.3559786748,-281100000.0,-0.4281797411,281100000.0,0.0,0.0,0.0,79800000.0,0.1215536938,0.45,0.44,177333333,181363636,,,3.702067676131706,0.4500000008458646,1.247368423397309,-0.6253759410251427,2.0864661693354627,13.061278220039997,11.284962427227374,13.061278220039997,14.963345892788244,7048999986.75,9332499986.75,22.08333329182331,10.73724293488195,31.867088547694397,-63.56176723850316,3.043346855517658,3.043346855517658,14.215536918126428,-39.93367559584938,42.19032543738698,-84.15238942064923,0.0113207547382607,-0.0157327280761042,1.1456264571280546,0.4553410553410553,-9.77107402652974,0.4656063215479687,0.0,2.771929824561404,0.0022414526925378,0.1979949874686716,0.0,0.0,0.054054054054054,1.5013562386980108,0.5058644325971059,-7.006329113924051,0.0,11.499801834226824,,0.0144761904761904,-17.510526348703998,-527500000.0,2001200000.0,-3051700000.0,4821300000.0,27500000.0,107600000.0,32300000.0,3.975628332063976,24.2548435171386,6.415797317436662,22.63793103448276,3.710599078341014,14.02787456445993,0.0344529833347724,1.8727443644224515,1998-07-28,0.46,bmo,656500000.0,2025-04-25,1998-06-30,0.0,35.38476190476191,384428.5714285714
1998-03-31,RCL,USD,884887,1998-03-31,1998-03-30 19:00:00,1998,Q1,659800000.0,396400000.0,263400000.0,0.3992118824,0,0.0,0.0,96300000.0,47600000.0,143900000.0,540300000.0,0.0,0.0,-47600000.0,167100000.0,0.2532585632,119500000.0,0.1811154895,-119500000.0,0.0,0.0,0.0,77500000.0,0.1174598363,0.45,0.44,172222222,176136364,,,3.831096779136899,0.4500000005806451,0.8698064527352342,0.3332903230106971,3.1825161331387304,13.067419371699897,11.223290337062313,13.067419371699897,16.263870988727575,6060499992.179999,8313399992.179999,19.54999997477419,9.185359187905425,40.45727631628838,105.58362355714284,2.692957117165074,2.692957117165074,12.59987873928463,49.75104723028127,55.49666216408544,144.83275247700348,0.0127877238016665,0.0094711657576214,1.2446123083759164,0.4801906361968764,13.482345900658288,0.712691015497995,0.0,1.932903225806452,0.0025245441827806,0.1974193548387096,0.0,0.0,0.0544478922014023,0.616822429906542,0.1400424371021521,-1.9411764705882355,0.0,11.50250500148472,,0.0140513099447012,-17.402225828906097,-265100000.0,1932900000.0,-2925000000.0,4888600000.0,24300000.0,107600000.0,36600000.0,3.5465292512882693,24.225529767911205,8.150857719475278,25.37692307692308,3.715089034676664,11.041782729805014,0.0344367918240391,0.536516129724537,1998-04-29,0.4,bmo,560830000.0,2025-04-25,1998-03-31,0.15,27.88655737704918,636636.0655737704
1997-12-31,RCL,USD,884887,1997-12-31,1997-12-30 19:00:00,1997,Q4,528400000.0,350600000.0,177800000.0,0.3364875095,0,0.0,0.0,75900000.0,393900000.0,469800000.0,820400000.0,0.0,0.0,-43300000.0,-248700000.0,-0.470666162,-292000000.0,-0.5526116578,292000000.0,0.0,0.0,0.0,22400000.0,0.0423921272,0.14,0.14,161585249,164866428,,,3.2701004780454928,0.1386265153448505,0.6535250009114384,-1.272393372986664,0.6857061562593502,12.493095827082582,10.51147929969771,12.493095827082582,15.921626608379333,4307862738.34,6769762738.34,48.0788252046875,8.152654690272522,40.79415471912879,-20.95263977791829,2.133978668618418,2.133978668618418,12.811814417751703,-27.220598063289103,64.10760168882575,-32.92686156780156,0.0051997942740003,-0.0477266831577893,1.2744340417100113,0.481806093975317,-9.899075190993164,0.237351023161682,0.0,4.714285714285714,0.0035516451960806,0.6830357142857143,0.0,0.0,0.0599659156881472,2.946969696969697,0.5889477668433005,-7.187066974595843,0.0,6.24236915429546,,0.0044625958760832,-19.64659533990012,-678300000.0,1698500000.0,-3109900000.0,4427200000.0,24550000.0,106550000.0,37750000.0,3.849356548069644,27.852253280091272,9.5750142612664,23.38053097345133,3.231336405529954,9.399463806970507,0.011096250061921,1.9259183738981025,1998-02-11,0.1,bmo,422720000.0,2025-04-25,1997-12-31,0.1999999999999999,23.32328125,255709.375
1997-09-30,RCL,USD,884887,1997-09-30,1997-09-29 20:00:00,1997,Q3,612500000.0,363000000.0,249500000.0,0.4073469388,0,0.0,0.0,85600000.0,410100000.0,495700000.0,858700000.0,0.0,0.0,-47100000.0,-199100000.0,-0.3250612245,-246200000.0,-0.4019591837,246200000.0,0.0,0.0,0.0,75900000.0,0.1239183673,0.5,0.48,151800000,158125000,,,4.034914361001317,0.5,0.8623188405797102,-2.6600790513833994,0.8913043478260869,13.2364953886693,11.110013175230566,13.2364953886693,15.812911725955203,3321384000.0,5586484000.0,10.94,5.422667755102041,25.373445378151256,-8.225319465081723,1.6530055243119497,1.6530055243119497,9.120790204081633,-28.058684078352588,42.677494270435446,-13.834779593858345,0.0228519195612431,-0.1215758250175228,1.1946449012093765,0.4675496688741722,-11.376695128076344,0.3742426042532969,0.0,1.7246376811594204,0.0041850023965913,0.1831357048748353,0.0,0.0,0.0628749513050253,4.084797555385791,0.8729795918367347,-11.35244161358811,0.0,12.202891998314565,,0.0157756900565347,-19.436264822134387,-526700000.0,1686500000.0,-2809700000.0,4276500000.0,22700000.0,87800000.0,32200000.0,3.893877551020408,25.93388429752066,9.47107438016529,23.11320754716981,3.470363288718929,9.50261780104712,0.0377743492758672,3.52239789196311,1997-10-29,0.46,bmo,559239130.0,2025-04-25,1997-09-30,0.0869565217391303,19.72015625,338909.375
1997-06-30,RCL,USD,884887,1997-06-30,1997-06-29 20:00:00,1997,Q2,403500000.0,251400000.0,152100000.0,0.3769516729,0,0.0,0.0,57100000.0,279000000.0,336100000.0,587500000.0,0.0,0.0,-27500000.0,-156400000.0,-0.3876084263,-184000000.0,-0.4560099133,184000000.0,0.0,0.0,0.0,38300000.0,0.0949194548,0.28,0.28,136785714,136785714,,,2.949869457858735,0.2800000005848564,0.8604699756876657,-1.568146217374718,0.3275195829295448,9.582872082679629,7.2039686834547645,9.582872082679629,10.54861621002322,2389646423.58,3787746423.58,15.598214253133158,5.922295969219331,20.30285831418861,-11.140542767272729,1.8230442657766248,1.8230442657766248,9.387227815563817,-24.218327516496164,32.18136298708581,-17.658491485221443,0.0160274757060593,-0.0897622333929432,1.100778150747635,0.4492496419453266,-8.93925831202046,0.2560949756200975,0.0,2.891891891891892,0.0049798162115432,0.3107049608355091,0.0,0.0,0.1013139049754032,2.822429906542056,0.8232961586121438,-12.08,0.0,7.769948149568648,,0.0132691241685144,-13.370731098424503,-350900000.0,985400000.0,-1780200000.0,2720000000.0,18100000.0,69550000.0,24000000.0,4.215613382899629,25.417661097852022,9.379474940334129,21.349206349206348,3.5408450704225354,9.595419847328245,0.0292187976808056,2.428616193062384,1997-07-22,0.32,bmo,378281250.0,2025-04-25,1997-06-30,0.0625,16.81640625,206725.0
1997-03-31,RCL,USD,884887,1997-03-31,1997-03-30 19:00:00,1997,Q1,394600000.0,254300000.0,140300000.0,0.355549924,0,0.0,0.0,53600000.0,280200000.0,333800000.0,588100000.0,0.0,0.0,-25900000.0,-167600000.0,-0.4247339078,-193500000.0,-0.4903699949,193500000.0,0.0,0.0,0.0,38500000.0,0.0975671566,0.29,0.29,132758621,132758621,,,2.9723116813634274,0.2899999993220779,0.6018441544372475,-0.0045194805089155,0.2832207785587047,9.652857120292024,7.182207775418216,9.652857120292024,9.091688290435014,2024568970.25,3193968970.25,13.14655175487013,5.130686696021288,25.33878561013767,-3374.281617083333,1.5798431293406163,1.5798431293406163,8.094194045235682,-19.05709409457041,39.97458035356696,-5323.281617083333,0.019016393398169,-0.0002963593776338,0.9418650019508388,0.4163648280382214,-6.977326968973747,0.2675324675324675,0.0,2.0753246753246755,0.0043959974349014,0.2311688311688311,0.0,0.0,0.1131463658629135,1.0075093867334168,0.2040040547389761,-3.108108108108108,0.0,7.936302197035345,,0.0149753004784316,-11.71995451805725,-310200000.0,953500000.0,-1504100000.0,2454400000.0,16400000.0,68600000.0,22250000.0,3.945767866193614,24.10145497443964,7.715296893432954,22.809248554913296,3.734214390602056,11.6651376146789,0.0300429184549356,0.606363634946163,1997-04-24,0.28,bmo,380507142.0,2025-04-25,1997-03-31,0.0357142857142855,13.79311475409836,202331.1475409836
1996-12-31,RCL,USD,884887,1996-12-31,1996-12-30 19:00:00,1996,Q4,318500000.0,210400000.0,108100000.0,0.3394034537,0,0.0,0.0,49200000.0,233700000.0,282900000.0,493300000.0,0.0,0.0,-23300000.0,-151500000.0,-0.47566719,-174800000.0,-0.548822606,174800000.0,0.0,0.0,0.0,26800000.0,0.084144427,0.21,0.21,129782672,130319989,,,2.4541026555532777,0.2064990617545615,0.5008372766435261,-2.0480392020284497,0.31128963040613,8.359359406624021,5.8120239657263335,8.359359406624021,10.532993187256924,1517159435.6799998,2843759435.68,14.152606676119404,4.763451917362636,23.34091439507692,-5.707898554100827,1.398432515144253,1.398432515144253,8.928601053940344,-18.77068934442244,43.75014516430769,-10.698869208728366,0.017664590398166,-0.1751958256653935,1.260023965342428,0.4809654492998381,-8.756435643564357,0.2785625774473358,0.0,2.425373134328358,0.0058662259158088,0.332089552238806,0.0,0.0,0.1163183449440574,5.0892307692307694,1.03861852433281,-14.197424892703864,0.0,6.232134238973286,,0.0106704889313584,-13.052012059052077,-291100000.0,754300000.0,-1644900000.0,2418400000.0,16550000.0,61250000.0,20750000.0,4.379905808477237,29.55798479087452,9.710076045627376,20.548387096774192,3.044862518089725,9.268722466960352,0.0247027375795004,2.548876478671976,1997-01-30,0.13,bmo,318500000.0,2025-04-25,1996-12-31,0.0,12.93515625,83709.375
1996-09-30,RCL,USD,884887,1996-09-30,1996-09-29 20:00:00,1996,Q3,366200000.0,219200000.0,147000000.0,0.4014199891,0,0.0,0.0,50400000.0,242400000.0,292800000.0,512000000.0,0.0,0.0,-23200000.0,-122600000.0,-0.3347897324,-145800000.0,-0.3981430912,145800000.0,0.0,0.0,0.0,53100000.0,0.1450027307,0.42,0.42,126428571,126428571,,,2.8964971849598773,0.4200000014237288,0.6770621491877813,0.3132203400448147,0.7688135619281816,8.429265565296946,5.793785330374414,8.429265565296946,9.395819240889782,1682764280.01,2773464280.01,7.922619020762712,4.595205570753686,19.658461215070098,42.494047475,1.5790225016514965,1.5790225016514965,7.573632659776079,-22.62205774885808,32.40028364497664,70.0369767679293,0.0315552217448331,0.0235327077419094,1.1146664164398987,0.4550120657294978,-8.896411092985318,0.5140616549486209,0.0,1.6120527306967984,0.0053483426686157,0.1694915254237288,0.0,0.0,0.1276286053548856,0.5373831775700935,0.125614418350628,-1.9827586206896552,0.0,8.925052373072013,,0.0233150384193194,-11.272768399794694,-179700000.0,732500000.0,-1354900000.0,2221900000.0,17900000.0,53200000.0,18400000.0,4.325505188421627,21.925182481751825,7.718978102189781,20.806818181818183,4.104868913857678,11.659574468085106,0.0498264051796941,0.3638418091429666,1996-10-22,0.41,bmo,,2025-04-25,1996-09-30,0.024390243902439,13.04140625,40837.5
1996-06-30,RCL,USD,884887,1996-06-30,1996-06-29 20:00:00,1996,Q2,355000000.0,222000000.0,133000000.0,0.3746478873,0,0.0,0.0,50600000.0,245600000.0,296200000.0,518200000.0,0.0,0.0,-23600000.0,-139600000.0,-0.3932394366,-163200000.0,-0.4597183099,163200000.0,0.0,0.0,0.0,38300000.0,0.1078873239,0.3,0.3,127666667,127666667,,,2.780678843914677,0.2999999992167101,0.7511749327645563,0.6148825049219778,0.2193211482524252,7.993472563985711,5.363185364586983,7.993472563985711,8.992950368164621,1811590004.73,2931690004.73,11.825000030874676,5.103070435859155,18.890406722940565,23.07757967808917,1.77519843677609,1.77519843677609,8.258281703464789,-21.000644733022924,30.57028159259645,37.34636948700637,0.0211416489934256,0.0433321004173345,1.1250367466927975,0.4565736101169172,-8.023638968481375,0.2656816281014775,0.0,2.5104712041884816,0.004526410489454,0.2140992167101827,0.0,0.0,0.1335401256661099,0.1814389989572471,0.0490140845070422,-0.7372881355932204,0.0,7.345470690570239,,0.017578483568937,-11.306396837320111,-263400000.0,684700000.0,-1398800000.0,2138100000.0,16350000.0,54700000.0,18650000.0,4.614084507042254,21.486486486486488,7.297297297297297,19.505494505494507,4.188679245283019,12.333333333333334,0.037530622243998,0.1362924278425785,1996-07-22,0.3,bmo,,2025-04-25,1996-06-30,0.0,13.753174603174603,64311.11111111111
1996-03-31,RCL,USD,884887,1996-03-31,1996-03-30 19:00:00,1996,Q1,317600000.0,202900000.0,114700000.0,0.3611460957,0,0.0,0.0,44400000.0,224000000.0,268400000.0,471300000.0,0.0,0.0,-21100000.0,-132600000.0,-0.4175062972,-153700000.0,-0.4839420655,153700000.0,0.0,0.0,0.0,32800000.0,0.1032745592,0.26,0.26,126153846,126153846,,,2.517560978679952,0.2600000003170731,0.420121951731856,-2.181463417294468,0.2148170734327037,7.846768302252157,5.164329274590646,7.846768302252157,9.63902440199881,1545384613.5,2734284613.5,11.778846139481708,4.865820571473551,29.158200254716984,-5.615496415334302,1.561152251237499,1.561152251237499,8.60920848079345,-20.620547613122177,51.59027572641509,-9.93562722928779,0.0212244898218018,-0.1780786463097524,1.2284069097888677,0.4802717326908646,-8.96606334841629,0.3183564883239728,0.0,1.6158536585365857,0.0053708312658827,0.2530487804878049,0.0,0.0,0.1336545677159445,6.192452830188679,1.033375314861461,-15.554502369668246,0.0,6.77521915690962,,0.0149532710280373,-11.8456555022508,-230600000.0,651500000.0,-1434300000.0,2176200000.0,13350000.0,63950000.0,18050000.0,4.108942065491184,25.017249876786597,8.560867422375555,21.90344827586207,3.597517730496454,10.512953367875648,0.0331346600666734,2.601585369026324,1996-04-23,0.27,bmo,,2025-04-25,1996-03-31,0.037037037037037,11.622380952380952,64326.98412698413
1995-12-31,RCL,USD,884887,1995-12-31,1995-12-30 19:00:00,1995,Q4,289900000.0,191700000.0,98200000.0,0.3387374957,0,0.0,0.0,46000000.0,213000000.0,259000000.0,450700000.0,0.0,0.0,-21300000.0,-139500000.0,-0.4812004139,-160800000.0,-0.5546740255,160800000.0,0.0,0.0,0.0,16500000.0,0.056916178,0.13,0.13,126853542,127393162,,,2.285312616655198,0.1300712596578501,0.2467412380176187,0.0,0.2467412380176187,7.607986223987345,4.919846857725108,7.607986223987345,7.376222888596994,1395388962.0,2299788962.0,21.142257,4.813345850293205,44.58111699680512,0.0,1.4458490954305252,1.4458490954305252,7.933042297343912,-16.485942379928314,73.47568568690096,0.0,0.0118246599688954,0.0,0.9695368355610816,0.4247004357298475,-6.483154121863799,0.2845106934543098,0.0,1.896969696969697,0.0059481622873837,0.503030303030303,0.0,0.0,0.1547748729121278,1.0,0.1079682649189375,-1.4694835680751173,0.0,4.718639413147195,,0.0088604875953173,-9.374984578672624,-220800000.0,624100000.0,-1150300000.0,1878600000.0,10800000.0,59850000.0,16600000.0,3.7875129354949983,33.568075117370896,7.887323943661972,23.762295081967213,2.681118881118881,11.410714285714286,0.017096673919801,0.2467412380176187,1996-02-06,0.14,bmo,,2025-04-25,1995-12-31,-0.0714285714285714,11.735714285714286,58498.4126984127
1995-09-30,RCL,USD,884887,1995-09-30,1995-09-29 20:00:00,1995,Q3,338100000.0,204600000.0,133500000.0,0.3948535936,0,0.0,0.0,46000000.0,226100000.0,272100000.0,476700000.0,0.0,0.0,-21400000.0,-117100000.0,-0.3463472345,-138600000.0,-0.4099378882,138600000.0,0.0,0.0,0.0,49700000.0,0.1469979296,0.39,0.39,127435897,127435897,,,2.653098600624281,0.390000001334004,0.589315897388002,0.4292354139430587,0.2440442664283204,7.508088556868714,4.811831002374472,7.508088556868714,7.246780708892409,1545797430.61,2438197430.61,7.775640999044266,4.5720125128955935,20.58318815725699,28.259550833820843,1.6155909600857024,1.6155909600857024,7.211468295208519,-20.821498126473102,32.46601106005326,44.57399324698355,0.0321516901347076,0.0353862666070122,0.9651964882943144,0.4222293343087052,-7.620836891545688,0.2719718759987216,0.0,1.5141129032258065,0.0053047054145795,0.1649899396378269,0.0,0.0,0.1570958302852962,0.2716378162450066,0.0603371783496007,-0.9532710280373832,0.0,8.11686376083022,,0.0269581254068127,-9.29133805995025,-227800000.0,613200000.0,-1145300000.0,1841700000.0,10050000.0,51550000.0,16150000.0,2.502218278615794,21.20234604105572,7.214076246334311,35.96808510638298,4.244813278008299,12.475609756097562,0.0519439799331103,0.1600804834449433,1995-10-26,0.4,bmo,,2025-04-25,1995-09-30,-0.025,11.262539682539682,88888.88888888889
1995-06-30,RCL,USD,884887,1995-06-30,1995-06-29 20:00:00,1995,Q2,282500000.0,176500000.0,106000000.0,0.3752212389,0,0.0,0.0,42100000.0,195700000.0,237800000.0,414300000.0,0.0,0.0,-19200000.0,-112600000.0,-0.3985840708,-131800000.0,-0.4665486726,131800000.0,0.0,0.0,0.0,31500000.0,0.1115044248,0.25,0.25,126000000,126000000,,,2.242063492063492,0.25,0.6190476190476191,-2.13968253968254,0.2761904761904762,7.263492063492064,4.515873015873016,7.263492063492064,7.726190476190476,1386000000.0,2324700000.0,11.0,4.906194690265487,17.76923076923077,-5.140949554896142,1.5144230769230769,1.5144230769230769,8.229026548672566,-20.64564831261101,29.803846153846155,-8.622774480712167,0.0227272727272727,-0.1945165945165945,1.0637019230769231,0.4434271658923203,-8.33658969804618,0.3478260869565217,0.0,2.4761904761904763,0.005050505050505,0.2222222222222222,0.0,0.0,0.1576933588412134,4.456410256410257,1.2304424778761065,-18.104166666666668,0.0,6.391959234627741,,0.0170343932511356,-9.75734126984127,-204000000.0,569000000.0,-1171400000.0,1866000000.0,10450000.0,58150000.0,14750000.0,3.408849557522124,27.9943342776204,8.107648725212465,26.401869158878505,3.214936247723133,11.10062893081761,0.0344187062937062,2.7587301587301587,1995-07-26,0.25,bmo,,2025-04-25,1995-06-30,0.0,12.179206349206348,147450.79365079364
1995-03-31,RCL,USD,884887,1995-03-31,1995-03-30 19:00:00,1995,Q1,273600000.0,169700000.0,103900000.0,0.379751462,0,0.0,0.0,43400000.0,187900000.0,231300000.0,401000000.0,0.0,0.0,-18200000.0,-109200000.0,-0.399122807,-127400000.0,-0.4656432749,127400000.0,0.0,0.0,0.0,51400000.0,0.1878654971,0.41,0.41,125365854,125365854,,,2.1824124454175537,0.4099999988832685,0.3206614777258247,0.0957198440972611,0.2504669253878333,7.101614766649298,4.318560299521431,7.101614766649298,5.551750957641145,1637278053.24,2301878053.24,7.963414655836576,5.984203410964913,40.72830978208955,136.43983777,1.8390183682354264,1.8390183682354264,8.413296978216373,-21.07946935201465,57.26064809054726,191.82317110333327,0.031393568061506,0.007329237679729,0.7817589576547231,0.3736310929783122,-6.086080586080586,0.3833634719710669,0.0,0.7821011673151751,0.0042753886465086,0.1361867704280155,0.0,0.0,0.1872986901438694,0.7014925373134329,0.1030701754385964,-1.5494505494505495,0.0,8.093972822038713,,0.033952044388665,-7.391566127727252,-170500000.0,541400000.0,-866500000.0,1571800000.0,9800000.0,62300000.0,13600000.0,3.3552631578947367,32.563347083087805,7.212728344136712,26.823529411764707,2.763843648208469,12.477941176470589,0.0577333483095585,0.2249416336285636,1995-04-26,0.25,bmo,,2025-04-25,1995-03-31,0.04,13.040952380952382,79504.76190476191
1994-12-31,RCL,USD,884887,1994-12-31,1994-12-30 19:00:00,1994,Q4,281900000.0,182400000.0,99500000.0,0.3529620433,0,0.0,0.0,48600000.0,202000000.0,250600000.0,433000000.0,0.0,0.0,-19600000.0,-131500000.0,-0.4664774743,-151100000.0,-0.5360056758,151100000.0,0.0,0.0,0.0,18700000.0,0.06633558,0.15,0.15,125923668,125923668,,,2.238657787509811,0.1485026627400974,0.2001212353502917,-0.1215021786055342,0.1897975208282528,6.715179230643122,3.923805650261077,6.715179230643122,5.932959322627101,1794412269.0,2517612269.0,23.9894688368984,6.365421316069528,71.20683607142858,-117.28184764705884,2.1220580286187323,2.1220580286187323,8.930870056757716,-19.1453404486692,99.90524876984126,-164.54982150326796,0.0104212394905331,-0.0085264686740725,0.8835146641438032,0.4005898123324397,-5.4996197718631175,0.4337128167462358,0.0,1.2,0.0039009987397717,0.374331550802139,0.0,0.0,0.1884718498659517,1.6071428571428572,0.1436679673643136,-2.066326530612245,0.0,4.736823294347047,,0.0123554674595308,-7.795595661968805,-154200000.0,494100000.0,-901300000.0,1582100000.0,9050000.0,58450000.0,12800000.0,3.001064207165662,31.184210526315788,6.7105263157894735,29.98936170212766,2.8860759493670884,13.411764705882351,0.0221144749290444,0.321623413955826,1995-02-08,0.17,bmo,,2025-04-25,1994-12-31,0.0,13.87,68841.26984126984
1994-09-30,RCL,USD,884887,1994-09-30,1994-09-29 20:00:00,1994,Q3,309000000.0,187500000.0,121500000.0,0.3932038835,0,0.0,0.0,41500000.0,207100000.0,248600000.0,436100000.0,0.0,0.0,-19600000.0,-107500000.0,-0.3478964401,-127100000.0,-0.4113268608,127100000.0,0.0,0.0,0.0,49100000.0,0.1588996764,0.39,0.39,125897436,125897436,,,2.454378816737777,0.389999999682281,0.3764969447034648,0.2120773929025846,0.3081873724576885,6.619674129026742,3.807067206674487,6.619674129026742,5.857148671399472,1636666668.0,2335266668.0,8.3333333401222,5.296655883495146,34.52883265822785,61.29837707865168,1.9638428941684665,1.9638428941684665,7.557497307443366,-21.72341086511628,49.26722928270042,87.46317108614232,0.02999999997556,0.0163136456078911,0.884809215262779,0.3961747165959275,-6.498604651162791,0.2652552926525529,0.0,0.9673469387755104,0.0042769857398965,0.1425661914460285,0.0,0.0,0.190243378283995,0.4367088607594936,0.0669902912621359,-1.0561224489795915,0.0,7.621524810357029,,0.0325769639065817,-7.756909362316163,-236000000.0,479300000.0,-942700000.0,1528700000.0,8250000.0,56700000.0,12050000.0,2.533980582524272,25.776,5.76,35.51724137931034,3.4916201117318435,15.625,0.0589152867770578,0.1644195518008802,1994-10-26,0.36,bmo,,2025-04-25,1994-09-30,0.0833333333333334,14.3228125,44184.375
1994-06-30,RCL,USD,884887,1994-06-30,1994-06-29 20:00:00,1994,Q2,291900000.0,181200000.0,110700000.0,0.3792394656,0,0.0,0.0,43200000.0,200400000.0,243600000.0,424800000.0,0.0,0.0,-19200000.0,-113700000.0,-0.3895169579,-132900000.0,-0.4552929085,132900000.0,0.0,0.0,0.0,33500000.0,0.1147653306,0.26,0.26,128846154,128846154,,,2.265492534608367,0.2599999996895522,0.6022686559972912,0.0853731342264201,0.444716417379443,6.138328350879608,3.3699104437374205,6.138328350879608,6.008716410735861,1788384617.5200002,2505284617.5200005,13.346153862089553,6.126703040493321,23.046193524742268,162.58041977454548,2.2612019440131497,2.2612019440131497,8.582681115176431,-22.034165501495167,32.284595586597945,227.7531470472728,0.0187319884502559,0.0061508021776959,0.9788848147679858,0.4130388390951771,-6.3051890941073,0.2969714789767715,0.0,2.102981029810298,0.0031872338557151,0.1701492537313433,0.0,0.0,0.1903008962868117,0.8582474226804123,0.2281603288797533,-3.46875,0.0,5.992430292441375,,0.0220728734268959,-7.872179095077995,-239100000.0,434200000.0,-982500000.0,1523900000.0,7900000.0,59500000.0,11450000.0,2.4049331963001026,29.652317880794705,6.009933774834438,37.42307692307692,3.0351758793969847,14.975206611570249,0.0423568086989505,0.5168955217708711,1994-07-26,0.26,bmo,,2025-04-25,1994-06-30,0.1153846153846152,13.566612903225806,54254.83870967742
1994-03-31,RCL,USD,884887,1994-03-31,1994-03-30 19:00:00,1994,Q1,288700000.0,177700000.0,111000000.0,0.3844821614,0,0.0,0.0,45900000.0,197200000.0,243100000.0,420800000.0,0.0,0.0,-19500000.0,-112600000.0,-0.3900242466,-132100000.0,-0.4575684101,132100000.0,0.0,0.0,0.0,35400000.0,0.1226186353,0.28,0.28,126428571,126428571,,,2.2835028325994444,0.2800000009491525,0.5323163859852533,0.392316385510677,0.215932204121804,6.033446348135977,3.191525434547544,6.033446348135977,5.914802279937183,1572771423.24,2293271423.24,11.107142819491523,5.447770776723242,23.369560523625555,31.709101275,2.061839831200839,2.061839831200839,7.943441022653272,-20.366531289875663,34.07535547161961,46.23531095241935,0.0225080386615074,0.0315366869381573,0.9803356056633457,0.4149372988569526,-6.398756660746003,0.2055172413793103,0.0,1.9011299435028248,0.0036241757166834,0.1610169491525423,0.0,0.0,0.1993674397958051,0.263001485884101,0.0613093176307585,-0.9076923076923076,0.0,6.165282809580313,,0.0245339247349088,-7.91514126976884,-288000000.0,403500000.0,-964900000.0,1427600000.0,7750000.0,61150000.0,10600000.0,2.4939383443020438,30.03376477208779,5.469893078221721,36.0875,2.996627318718381,16.453703703703702,0.0464079706345044,0.1400000004745762,1994-04-28,0.23,bmo,,2025-04-25,1994-03-31,0.2173913043478261,13.524920634920637,57568.25396825397
1993-12-31,RCL,USD,884887,1993-12-31,1993-12-30 19:00:00,1993,Q4,263800000.0,173900000.0,89900000.0,0.3407884761,0,0.0,0.0,38200000.0,22000000.0,60200000.0,234100000.0,0.0,0.0,-22000000.0,51700000.0,0.1959818044,29700000.0,0.1125852919,-29700000.0,0.0,0.0,0.0,18400000.0,0.0697498105,0.15,0.15,122492064,122492064,,,2.1536089064512782,0.1502138130352673,0.3951276386362466,0.3273681468866424,0.2636905522303877,5.982428380013255,3.0279512638467745,5.982428380013255,6.51634051982339,1638943816.3200002,2404843816.32,22.26825837391305,6.212827203639121,33.86247554380166,40.87141686583541,2.2365499676855896,2.2365499676855896,9.1161630641395,46.51535428085106,49.68685570909091,59.97116748927681,0.0112267423793174,0.0244669765984037,1.0892467248908295,0.4405563527983221,14.81431334622824,0.2302444570778851,0.0,2.630434782608696,0.0034778495414189,0.3097826086956521,0.0,0.0,0.1997461088420355,0.1714876033057851,0.0314632297194844,-0.3772727272727272,0.0,4.49660716639493,,0.0126905303814056,-8.456670303147149,-270800000.0,370900000.0,-998000000.0,1446500000.0,8100000.0,54450000.0,10900000.0,2.5587566338134957,32.60494537090282,5.3824036802760205,35.17333333333333,2.7603174603174603,16.721153846153847,0.0251091703056768,0.0677594917496042,1994-02-09,0.12,bmo,,2025-04-25,1993-12-31,0.1666666666666668,12.68046875,82784.375
1993-09-30,RCL,USD,884887,1993-09-30,1993-09-29 20:00:00,1993,Q3,301700000.0,184200000.0,117500000.0,0.3894597282,0,0.0,0.0,43500000.0,21700000.0,65200000.0,249400000.0,0.0,0.0,-21700000.0,74000000.0,0.245276765,52300000.0,0.1733510109,-52300000.0,0.0,0.0,0.0,40600000.0,0.1345707657,0.33,0.33,123030303,123030303,,,2.452241379914345,0.3300000000812808,0.3812068966456174,0.3267487685533864,0.2511576355298417,5.849778326563984,2.88709359677022,5.849778326563984,6.760935962256388,1507121211.75,2308021211.75,9.280303028017242,4.995429936194896,32.13478063432836,37.49057740671642,2.094096445393914,2.094096445393914,7.650053734670202,31.18947583445945,49.21153969616205,57.41346297885572,0.0269387755168392,0.0266733688615009,1.1557593441711824,0.4545852005683681,10.822972972972972,0.2444699798908359,0.0,1.1551724137931034,0.007564089677142,0.2807881773399014,0.0,0.0,0.1992020985900098,0.1428571428571428,0.022207490884985,-0.3087557603686636,0.0,6.590493462968897,,0.0277076366614345,-8.672456898687797,-263000000.0,355200000.0,-1025000000.0,1469000000.0,8600000.0,48800000.0,12550000.0,2.5952933377527345,22.42671009771987,5.570032573289902,34.67816091954023,4.0130718954248366,16.157894736842106,0.0564123940530776,0.054458128092231,1993-10-26,0.3,bmo,,2025-04-25,1993-09-30,0.1,11.2525,162409.375
1993-06-30,RCL,USD,884887,1993-06-30,1993-06-29 20:00:00,1993,Q2,276900000.0,172500000.0,104400000.0,0.3770314193,0,0.0,0.0,42500000.0,21400000.0,63900000.0,236400000.0,0.0,0.0,-21300000.0,61900000.0,0.2235464066,40500000.0,0.1462621885,-40500000.0,0.0,0.0,0.0,27500000.0,0.0993138317,0.24,0.24,114583333,114583333,,,2.4165818252118743,0.2400000006981818,0.6685090928538446,0.4468363649362512,0.3630545465107041,6.026181835712529,2.821527280935352,6.026181835712529,7.602327294843134,1088541663.5,1918041663.5,9.895833304545455,3.931172493680029,14.210726677545692,21.260579365234378,1.5764542556118757,1.5764542556118757,6.926838799205489,30.986133497576738,25.03970840078329,37.46175124023438,0.0252631579682296,0.0470354068353948,1.2615496017378711,0.4679308122045552,13.40064620355412,0.2749404604392697,0.0,2.7854545454545456,0.0,0.0,0.0,0.0,0.197249677696605,0.3315926892950391,0.0917298663777537,-1.192488262910798,0.0,5.704505413049715,,0.0184020342612419,-9.742036391976834,-274000000.0,323300000.0,-1067200000.0,1473000000.0,8650000.0,51850000.0,14250000.0,2.76273022751896,26.97391304347826,7.147826086956521,32.576470588235296,3.3365570599613155,12.591240875912408,0.0398262128892107,0.2216727279175934,1993-06-29,,bmo,,2025-04-25,1993-06-30,,8.769555555555556,506200.0
1993-03-31,RCL,USD,884887,1993-03-31,1993-03-30 19:00:00,1993,Q1,270400000.0,165800000.0,104600000.0,0.3868343195,0,0.0,0.0,44200000.0,21500000.0,65700000.0,231500000.0,0.0,0.0,-21500000.0,60400000.0,0.2233727811,38900000.0,0.1438609467,-38900000.0,0.0,0.0,0.0,20200000.0,0.074704142,0.2,0.2,101000000,101000000,,,2.6772277227722774,0.2,0.4495049504950495,0.0524752475247524,0.3425742574257426,4.649504950495049,0.9871287128712872,4.649504950495049,10.982178217821785,922130000.0,1996730000.0,11.4125,3.410244082840237,20.311233480176213,173.9867924528302,1.9636499148211248,1.9636499148211248,7.384356508875739,33.058443708609275,43.98083700440529,376.7415094339623,0.0219058050383351,0.005747562708078,2.3620102214650767,0.5995351602616075,17.79139072847682,0.228673835125448,0.0,2.247524752475248,0.0162666869096548,0.7425742574257426,0.0,0.0,0.1999351386411545,0.8832599118942731,0.1482988165680473,-1.8651162790697675,0.0,4.574141698420341,,0.0136468044858802,-13.187128712871289,-322800000.0,99700000.0,-1284800000.0,1420200000.0,9900000.0,54500000.0,13850000.0,2.9289940828402368,28.226779252110976,8.033775633293125,30.727272727272727,3.1884615384615387,11.202702702702704,0.0430153321976149,0.397029702970297,1993-07-28,0.18,bmo,,2025-04-25,1993-03-31,0.3333333333333333,,
1992-12-31,RCL,USD,884887,1992-12-31,1992-12-30 19:00:00,1992,Q4,255400000.0,0.0,0.0,0.0,0,0.0,0.0,0.0,874500000.0,874500000.0,874500000.0,0.0,0.0,0.0,-619100000.0,-2.4240407204,-619100000.0,-2.4240407204,619100000.0,0.0,0.0,0.0,7800000.0,0.0305403289,0.0766,0.0766,101855932,101855932,,,2.5074631883001177,0.0765787504649213,,,0.5547050514446228,4.560362768071279,0.9032365439452265,4.560362768071279,11.005740932202162,929944659.16,1994444659.16,29.805918562820512,3.641130223805795,0.0,0.0,2.0020337118622176,2.0020337118622176,7.809102032732968,-3.221522628266839,0.0,0.0,0.0083875958888194,,2.4133476856835308,0.6086767660313841,-1.7194314327249234,0.2674331417145713,0.0,0.0,,,0.0,0.0,0.2022587826464679,0.0,,0.0,,2.803141961269014,,0.0053090117070514,-12.822031808613758,-293100000.0,92000000.0,-1270200000.0,1431100000.0,,,,3.8762725137039937,0.0,0.0,23.21818181818182,0.0,0.0,0.0167922497308934,,1992-12-30,,bmo,,2025-04-25,1992-12-31,,,
1992-09-30,RCL,USD,884887,1992-09-30,1992-09-29 20:00:00,1992,Q3,286800000.0,0.0,0.0,0.0,0,0.0,0.0,0.0,0.0,0.0,0.0,0.0,0.0,0.0,286800000.0,1.0,286800000.0,1.0,-286800000.0,0.0,0.0,0.0,30700000.0,0.1070432357,0.3,0.3,102333333,102333333,,,2.802605872321192,0.3000000009771987,,,,,,,,934303330.29,,7.608333308550489,3.257682462656904,0.0,0.0,0.0,0.0,,,0.0,0.0,0.0328587076645343,,0.0,0.0,,0.0,0.0,0.0,,,0.0,0.0,0.0,0.0,,0.0,,,0.0,0.0,,,,,,,,,,0.0,0.0,0.0,0.0,0.0,0.0,,1992-09-29,,bmo,,2025-04-25,1992-09-30,,,
1992-06-30,RCL,USD,884887,1992-06-30,1992-06-29 20:00:00,1992,Q2,255400000.0,0.0,0.0,0.0,0,0.0,0.0,0.0,0.0,0.0,0.0,0.0,0.0,0.0,255400000.0,1.0,255400000.0,1.0,-255400000.0,0.0,0.0,0.0,17700000.0,0.069303054,0.17,0.17,104117647,104117647,,,2.4529943516683583,0.1700000000960451,,,,,,,,950594117.11,,13.42647058064972,3.72198166448708,0.0,0.0,0.0,0.0,,,0.0,0.0,0.0186199342931046,,0.0,0.0,,0.0,0.0,0.0,,,0.0,0.0,0.0,0.0,,0.0,,,0.0,0.0,,,,,,,,,,0.0,0.0,0.0,0.0,0.0,0.0,,1992-06-29,,bmo,,2025-04-25,1992-06-30,,,
1992-03-31,RCL,USD,884887,1992-03-31,1992-03-30 19:00:00,1992,Q1,215200000.0,0.0,0.0,0.0,0,0.0,0.0,0.0,0.0,0.0,0.0,0.0,0.0,0.0,215200000.0,1.0,215200000.0,1.0,-215200000.0,0.0,0.0,0.0,4400000.0,0.0204460967,0.05,0.05,88000000,88000000,,,2.4454545454545453,0.05,,,,,,,,803440000.0000001,,45.65,3.7334572490706326,0.0,0.0,0.0,0.0,,,0.0,0.0,0.0054764512595837,,0.0,0.0,,0.0,0.0,0.0,,,0.0,0.0,0.0,0.0,,0.0,,,0.0,0.0,,,,,,,,,,0.0,0.0,0.0,0.0,0.0,0.0,,1992-03-30,,bmo,,2025-04-25,1992-03-31,,,
1991-12-31,RCL,USD,884887,1991-12-31,1991-12-30 19:00:00,1991,Q4,213600000.0,0.0,0.0,0.0,0,0.0,0.0,0.0,695400000.0,695400000.0,695400000.0,0.0,0.0,0.0,-481800000.0,-2.2556179775,-481800000.0,-2.2556179775,481800000.0,0.0,0.0,0.0,2100000.0,0.0098314607,0.0215,0.0215,97750000,97750000,,,2.185166240409208,0.0214833759590792,,,0.280306905370844,4.131969309462916,0.2117647058823529,4.131969309462916,10.411253196930948,892457500.0000001,1882757500.0,106.2449404761905,4.178171816479401,0.0,0.0,2.209600148551622,2.209600148551622,8.814407771535581,-3.9077573682025735,0.0,0.0,0.0023530532266242,,2.5196830898737312,0.6237053379910523,-2.055417185554172,0.2687793427230047,0.0,0.0,,,0.0,0.0,0.2348470919899491,0.0,,0.0,,1.413256745198056,,0.0016820184221065,-12.146035805626598,-249200000.0,20700000.0,-1136200000.0,1284500000.0,,,,4.087078651685393,0.0,0.0,22.02061855670103,0.0,0.0,0.0051993067590987,,1991-12-30,,bmo,,2025-04-25,1991-12-31,,,
1991-09-30,RCL,USD,884887,1991-09-30,1991-09-29 20:00:00,1991,Q3,198200000.0,0.0,0.0,0.0,0,0.0,0.0,0.0,0.0,0.0,0.0,0.0,0.0,0.0,198200000.0,1.0,198200000.0,1.0,-198200000.0,0.0,0.0,0.0,8500000.0,0.0428859738,0.08,0.08,106250000,106250000,,,1.8654117647058823,0.08,,,,,,,,970062500.0,,28.531250000000004,4.894361755802221,0.0,0.0,0.0,0.0,,,0.0,0.0,0.008762322015334,,0.0,0.0,,0.0,0.0,0.0,,,0.0,0.0,0.0,0.0,,0.0,,,0.0,0.0,,,,,,,,,,0.0,0.0,0.0,0.0,0.0,0.0,,1991-09-29,,bmo,,2025-04-25,1991-09-30,,,
1991-06-30,RCL,USD,884887,1991-06-30,1991-06-29 20:00:00,1991,Q2,172400000.0,0.0,0.0,0.0,0,0.0,0.0,0.0,0.0,0.0,0.0,0.0,0.0,0.0,172400000.0,1.0,172400000.0,1.0,-172400000.0,0.0,0.0,0.0,-5300000.0,-0.0307424594,-0.05,-0.05,106000000,106000000,,,1.6264150943396227,-0.05,,,,,,,,967780000.0,,-45.65,5.613573085846869,0.0,0.0,0.0,0.0,,,0.0,0.0,-0.0054764512595837,,0.0,0.0,,0.0,0.0,0.0,,,0.0,0.0,0.0,0.0,,0.0,,,0.0,0.0,,,,,,,,,,0.0,0.0,0.0,0.0,0.0,0.0,,1991-06-29,,bmo,,2025-04-25,1991-06-30,,,
1991-03-31,RCL,USD,884887,1991-03-31,1991-03-30 19:00:00,1991,Q1,175400000.0,0.0,0.0,0.0,0,0.0,0.0,0.0,0.0,0.0,0.0,0.0,0.0,0.0,175400000.0,1.0,175400000.0,1.0,-175400000.0,0.0,0.0,0.0,-1000000.0,-0.0057012543,-0.01,-0.01,100000000,100000000,,,1.754,-0.01,,,,,,,,913000000.0,,-228.25000000000003,5.205245153933866,0.0,0.0,0.0,0.0,,,0.0,0.0,-0.0010952902519167,,0.0,0.0,,0.0,0.0,0.0,,,0.0,0.0,0.0,0.0,,0.0,,,0.0,0.0,,,,,,,,,,0.0,0.0,0.0,0.0,0.0,0.0,,1991-03-30,,bmo,,2025-04-25,1991-03-31,,,
