date,symbol,reportedCurrency,cik,fillingDate,acceptedDate,calendarYear,period,revenue,costOfRevenue,grossProfit,grossProfitRatio,researchAndDevelopmentExpenses,generalAndAdministrativeExpenses,sellingAndMarketingExpenses,sellingGeneralAndAdministrativeExpenses,otherExpenses,operatingExpenses,costAndExpenses,interestIncome,interestExpense,depreciationAndAmortization,ebitda,ebitdaratio,operatingIncome,operatingIncomeRatio,totalOtherIncomeExpensesNet,incomeBeforeTax,incomeBeforeTaxRatio,incomeTaxExpense,netIncome,netIncomeRatio,eps,epsdiluted,weightedAverageShsOut,weightedAverageShsOutDil,link,finalLink,revenuePerShare,netIncomePerShare,operatingCashFlowPerShare,freeCashFlowPerShare,cashPerShare,bookValuePerShare,tangibleBookValuePerShare,shareholdersEquityPerShare,interestDebtPerShare,marketCap,enterpriseValue,peRatio,priceToSalesRatio,pocfratio,pfcfRatio,pbRatio,ptbRatio,evToSales,enterpriseValueOverEBITDA,evToOperatingCashFlow,evToFreeCashFlow,earningsYield,freeCashFlowYield,debtToEquity,debtToAssets,netDebtToEBITDA,currentRatio,interestCoverage,incomeQuality,dividendYield,payoutRatio,salesGeneralAndAdministrativeToRevenue,researchAndDdevelopementToRevenue,intangiblesToTotalAssets,capexToOperatingCashFlow,capexToRevenue,capexToDepreciation,stockBasedCompensationToRevenue,grahamNumber,roic,returnOnTangibleAssets,grahamNetNet,workingCapital,tangibleAssetValue,netCurrentAssetValue,investedCapital,averageReceivables,averagePayables,averageInventory,daysSalesOutstanding,daysPayablesOutstanding,daysOfInventoryOnHand,receivablesTurnover,payablesTurnover,inventoryTurnover,roe,capexPerShare,report_date,epsEstimated,time,revenueEstimated,updatedFromDate,fiscalDateEnding,surprise(%),QuarterAvgPrice,QuarterAvgVolume
2024-12-31,RIVN,USD,1874178,2025-02-24,2025-02-24 17:08:34,2024,Q4,1734000000.0,1564000000.0,170000000.0,0.0980392157,374000000,0.0,0.0,457000000.0,0.0,831000000.0,2395000000.0,83000000.0,81000000.0,218000000.0,-441000000.0,-0.2543252595,-661000000.0,-0.3811995386,-79000000.0,-740000000.0,-0.4267589389,3000000.0,-743000000.0,-0.4284890427,-0.7,-0.7,1058000000,1058000000,https://www.sec.gov/Archives/edgar/data/1874178/000187417825000007/0001874178-25-000007-index.htm,https://www.sec.gov/Archives/edgar/data/1874178/000187417825000007/rivn-20241231.htm,1.6389413988657846,-0.7022684310018904,1.1181474480151228,0.8090737240075614,7.277882797731569,6.20226843100189,6.20226843100189,6.20226843100189,5.499054820415879,14071400000.0,14514400000.0,-4.734656796769852,8.114994232987312,11.89467455621302,16.43855140186916,2.1443767144163366,2.1443767144163366,8.370472895040368,-32.9124716553288,12.269146238377008,16.95607476635514,-0.052802137669315,0.0608326108276362,0.8742761353245961,0.372290720311486,-1.0045351473922903,4.701466015104398,-8.160493827160494,-1.5900537634408602,0.0,0.0,0.0,0.2156862745098039,0.0,0.2764158918005072,0.1885813148788927,1.5,0.0888119953863898,,-0.0504354228839372,-0.0482154445165477,0.291351606805293,8332000000.0,6562000000.0,1735000000.0,12713000000.0,330000000.0,558000000.0,2464000000.0,22.993079584775085,28.7148337595908,129.3606138107417,3.9142212189616257,3.1342685370741483,0.6957295373665481,-0.1132276744894849,0.3090737240075614,2025-02-20,-0.69,amc,1401014680.0,2025-05-11,2024-12-31,-0.2463768115942028,11.50875,37906800.875
2024-09-30,RIVN,USD,1874178,2024-11-07,2024-11-07 17:15:51,2024,Q3,874000000.0,1266000000.0,-392000000.0,-0.4485125858,350000000,0.0,0.0,427000000.0,0.0,777000000.0,2043000000.0,95000000.0,87000000.0,259000000.0,-754000000.0,-0.8627002288,-1169000000.0,-1.3375286041,69000000.0,-1100000000.0,-1.2585812357,0.0,-1100000000.0,-1.2585812357,-1.08,-1.08,1014000000,1014000000,https://www.sec.gov/Archives/edgar/data/1874178/000187417824000063/0001874178-24-000063-index.htm,https://www.sec.gov/Archives/edgar/data/1874178/000187417824000063/rivn-20240930.htm,0.8619329388560157,-1.0848126232741615,-0.863905325443787,-1.1370808678500983,6.645956607495069,5.817554240631163,5.817554240631163,5.817554240631163,6.257396449704142,11377080000.0,12239080000.0,-2.5857,13.017254004576658,-12.987534246575343,-9.867372072853426,1.928645533141211,1.928645533141211,14.003524027459957,-16.232201591511938,-13.971552511415526,-10.61498699045967,-0.0966856170476079,-0.1013441058689927,1.0608577725038142,0.438788388725284,-1.143236074270557,5.088980858768753,-13.436781609195402,0.7963636363636364,0.0,0.0,0.0,0.4004576659038901,0.0,-0.3162100456621005,0.3169336384439359,1.0694980694980696,0.1270022883295194,,-0.091628781940743,-0.0771280325340064,-0.1195759368836291,7904000000.0,5899000000.0,1474000000.0,12120000000.0,233000000.0,693000000.0,2631500000.0,22.345537757437068,43.862559241706165,190.52132701421803,4.027649769585254,2.0518638573743924,0.4723880597014925,-0.1864722834378708,0.2731755424063116,2024-11-07,-0.95603,amc,991510534.0,2025-04-25,2024-09-30,0.0773720489942784,14.366875,34548387.734375
2024-06-30,RIVN,USD,1874178,2024-08-06,2024-08-06 17:17:20,2024,Q2,1158000000.0,1680000000.0,-522000000.0,-0.4507772021,410000000,0.0,0.0,443000000.0,-101000000.0,853000000.0,2533000000.0,95000000.0,75000000.0,274000000.0,-1107000000.0,-0.9559585492,-1375000000.0,-1.1873920553,-81000000.0,-1456000000.0,-1.2573402418,1000000.0,-1457000000.0,-1.2582037997,-1.46,-1.46,1001000000,1001000000,https://www.sec.gov/Archives/edgar/data/1874178/000187417824000057/0001874178-24-000057-index.htm,https://www.sec.gov/Archives/edgar/data/1874178/000187417824000057/rivn-20240630.htm,1.1568431568431568,-1.4555444555444554,-0.7532467532467533,-1.035964035964036,7.859140859140859,6.811188811188811,6.811188811188811,6.811188811188811,5.946053946053946,13933920000.0,14047920000.0,-2.3908579272477697,12.032746113989637,-18.48,-13.436759884281582,2.0436960985626285,2.0436960985626285,12.13119170984456,-12.690081300813008,-18.631193633952257,-13.54669238187078,-0.1045649752546304,-0.0744227037330485,0.8619829862129657,0.3827667057444314,-0.1029810298102981,5.252636625119846,-18.33333333333333,0.5175017158544956,0.0,0.0,0.0,0.3540587219343696,0.0,-0.3753315649867374,0.2443868739205526,1.032846715328467,0.1675302245250431,,-0.1017635062592905,-0.0948938387390908,0.8084415584415584,8871000000.0,6818000000.0,2421000000.0,13059000000.0,319000000.0,894000000.0,2690000000.0,19.35233160621761,41.19642857142857,138.375,4.650602409638554,2.184655396618986,0.6504065040650406,-0.2136990319741859,0.2827172827172827,2024-08-06,-1.24,amc,1147915866.0,2025-04-25,2024-06-30,-0.0241935483870967,10.44952380952381,42963571.571428575
2024-03-31,RIVN,USD,1874178,2024-05-07,2024-05-07 17:17:22,2024,Q1,1204000000.0,1731000000.0,-527000000.0,-0.4377076412,461000000,0.0,0.0,496000000.0,2000000.0,957000000.0,2688000000.0,112000000.0,75000000.0,280000000.0,-1090000000.0,-0.9053156146,-1484000000.0,-1.2325581395,39000000.0,-1445000000.0,-1.200166113,1000000.0,-1446000000.0,-1.2009966777,-1.48,-1.48,978000000,978000000,https://www.sec.gov/Archives/edgar/data/1874178/000187417824000042/0001874178-24-000042-index.htm,https://www.sec.gov/Archives/edgar/data/1874178/000187417824000042/rivn-20240331.htm,1.231083844580777,-1.478527607361963,-1.2975460122699387,-1.5572597137014317,8.03476482617587,8.250511247443763,8.250511247443763,8.250511247443763,5.3343558282208585,10846020000.0,10009020000.0,-1.875176348547718,9.008322259136213,-8.546903073286051,-7.121483913328956,1.344159127525096,1.344159127525096,8.313139534883721,-9.182587155963304,-7.8873286052009455,-6.571910702560736,-0.1333207941715025,-0.1404201725609947,0.6372536869500558,0.3268081860938095,0.7678899082568807,4.712203248646397,-19.786666666666665,0.8775933609958506,0.0,0.0,0.0,0.3828903654485049,0.0,-0.2001576044129235,0.2109634551495016,0.9071428571428573,0.1935215946843853,,-0.1096932330934685,-0.0919028854709546,1.9256134969325152,8913000000.0,8069000000.0,3649000000.0,13122000000.0,275000000.0,1000000000.0,2708500000.0,29.078073089701,52.980935875216645,145.42461005199308,3.095115681233933,1.6987242394504416,0.6188773686092242,-0.1792043623745197,0.2597137014314928,2024-05-07,-1.15,amc,1169482369.0,2025-04-25,2024-03-31,0.0347826086956522,14.412131147540984,43393464.26229508
2023-12-31,RIVN,USD,1874178,2024-02-26,2024-02-26 17:14:54,2023,Q4,1315000000.0,1921000000.0,-606000000.0,-0.4608365019,526000000,429000000.0,20000000.0,449000000.0,-4000000.0,975000000.0,2896000000.0,131000000.0,73000000.0,270000000.0,-1178000000.0,-0.8958174905,-1581000000.0,-1.2022813688,60000000.0,-1521000000.0,-1.1566539924,-116000000.0,-1521000000.0,-1.1566539924,-1.58,-1.58,963000000,963000000,https://www.sec.gov/Archives/edgar/data/1874178/000187417824000014/0001874178-24-000014-index.htm,https://www.sec.gov/Archives/edgar/data/1874178/000187417824000014/rivn-20231231.htm,1.3655244029075804,-1.5794392523364489,-1.1495327102803738,-1.458982346832814,9.727933541017654,9.49221183800623,9.49221183800623,9.49221183800623,5.183800623052959,22591980000.0,19653980000.0,-3.713343195266272,17.180212927756653,-20.40829268292683,-16.07970106761566,2.471499835904168,2.471499835904168,14.945992395437262,-16.684193548387096,-17.75427280939476,-13.988597864768684,-0.0673247763144266,-0.0621902108624388,0.5381249316267367,0.290052479509405,2.494057724957555,4.950944913550463,-21.65753424657534,0.727810650887574,0.0,0.0,0.3262357414448669,0.4,0.0,-0.2691960252935862,0.226615969581749,1.1037037037037036,0.1634980988593156,,-0.1003038504887617,-0.0896868919157969,3.09527518172378,9826000000.0,9141000000.0,4495000000.0,14056000000.0,199000000.0,1057500000.0,2575000000.0,11.019011406844106,45.96043727225403,122.74856845393025,8.167701863354038,1.9582059123343527,0.733206106870229,-0.1663931736133902,0.3094496365524403,2024-02-21,-1.39,amc,1261630000.0,2025-04-25,2023-12-31,-0.0215827338129495,18.80238095238095,41551157.76190476
2023-09-30,RIVN,USD,1874178,2023-11-07,2023-11-07 16:02:19,2023,Q3,1337000000.0,1814000000.0,-477000000.0,-0.3567688856,529000000,0.0,0.0,434000000.0,2000000.0,963000000.0,2777000000.0,126000000.0,55000000.0,256000000.0,-1056000000.0,-0.7898279731,-1440000000.0,-1.0770381451,73000000.0,-1367000000.0,-1.0224382947,57000000.0,-1367000000.0,-1.0224382947,-1.44,-1.44,952000000,952000000,https://www.sec.gov/Archives/edgar/data/1874178/000187417823000058/0001874178-23-000058-index.htm,https://www.sec.gov/Archives/edgar/data/1874178/000187417823000058/rivn-20230930.htm,1.4044117647058822,-1.4359243697478992,-0.921218487394958,-1.120798319327731,9.593487394957982,11.084033613445378,11.084033613445378,11.084033613445378,3.642857142857143,23114560000.0,18586560000.0,-4.227242136064374,17.288376963350785,-26.356396807297607,-21.663130271790067,2.1905382865807432,2.1905382865807432,13.901690351533285,-17.60090909090909,-21.1933409350057,-17.41945641986879,-0.0591402129220716,-0.0461613805324436,0.3234457922668688,0.2074015556635877,4.287878787878788,4.605945121951219,-26.181818181818183,0.6415508412582297,0.0,0.0,0.0,0.3956619296933433,0.0,-0.2166476624857468,0.1421091997008227,0.7421875,0.1810022438294689,,-0.10684834331033,-0.0830700048614487,4.907300420168068,9462000000.0,10552000000.0,6182000000.0,13617000000.0,289500000.0,1070500000.0,2345500000.0,15.953627524308152,56.26240352811466,125.5237045203969,5.641350210970464,1.599647266313933,0.71699604743083,-0.1295489006823351,0.1995798319327731,2023-11-07,-1.36,amc,1276830000.0,2025-04-25,2023-09-30,-0.1250000000000001,23.34857142857143,47937907.85714286
2023-06-30,RIVN,USD,1874178,2023-08-08,2023-08-08 17:20:35,2023,Q2,1121000000.0,1533000000.0,-412000000.0,-0.367528992,444000000,429000000.0,0.0,429000000.0,3000000.0,873000000.0,2406000000.0,141000000.0,54000000.0,223000000.0,-918000000.0,-0.818911686,-1285000000.0,-1.1462979483,90000000.0,-1195000000.0,-1.0660124888,57000000.0,-1195000000.0,-1.0660124888,-1.27,-1.27,942000000,942000000,https://www.sec.gov/Archives/edgar/data/1874178/000187417823000041/0001874178-23-000041-index.htm,https://www.sec.gov/Archives/edgar/data/1874178/000187417823000041/rivn-20230630.htm,1.1900212314225054,-1.2685774946921444,-1.4447983014861996,-1.7154989384288748,10.830148619957535,12.435244161358812,12.435244161358812,12.435244161358812,3.610403397027601,15693720000.0,9780720000.0,-3.283205020920502,13.999750223015164,-11.531021307861868,-9.711460396039604,1.339740481475158,1.339740481475158,8.7249955396967,-10.65437908496732,-7.186421748714181,-6.052425742574258,-0.0761451077246185,-0.1029711247556347,0.2857264811336862,0.1942880362222093,6.441176470588236,5.655672823218997,-23.796296296296298,1.1389121338912134,0.0,0.0,0.3826940231935771,0.3960749330954505,0.0,-0.1873622336517266,0.2274754683318465,1.1434977578475336,0.1614629794826048,,-0.0888466235748227,-0.0693678527892262,6.397027600849257,10587000000.0,11714000000.0,7348000000.0,14773000000.0,249500000.0,995500000.0,1992000000.0,27.457627118644066,59.11937377690803,126.86888454011742,3.2777777777777777,1.522343594836147,0.7093937991670523,-0.1020146832849581,0.2707006369426751,2023-08-08,-1.41,amc,983050000.0,2025-04-25,2023-06-30,-0.2340425531914892,13.972096774193547,26471711.532258064
2023-03-31,RIVN,USD,1874178,2023-05-09,2023-05-09 17:01:23,2023,Q1,661000000.0,1196000000.0,-535000000.0,-0.8093797277,496000000,0.0,0.0,402000000.0,0.0,898000000.0,2094000000.0,124000000.0,38000000.0,188000000.0,-1122000000.0,-1.6974281392,-1433000000.0,-2.1679273828,85000000.0,-1348000000.0,-2.0393343419,1000000.0,-1349000000.0,-2.0408472012,-1.45,-1.45,930000406,930000000,https://www.sec.gov/Archives/edgar/data/1874178/000187417823000029/0001874178-23-000029-index.htm,https://www.sec.gov/Archives/edgar/data/1874178/000187417823000029/rivn-20230331.htm,0.7107523778865963,-1.4505370011634169,-1.6354831569826218,-1.939784099406081,12.09031730250664,13.70106928749018,13.70106928749018,13.70106928749018,3.5978478916922105,14396406284.88,6460406284.880001,-2.667977443454411,21.77973719346445,-9.465092889467456,-7.98026955924612,1.1298388231737562,1.1298388231737562,9.77368575624811,-5.757937865311944,-4.247472902616701,-3.581156477206209,-0.0937039406436315,-0.12530905034923,0.2596138753727829,0.1818481666758287,7.073083778966132,5.883649184662847,-37.71052631578947,1.1275018532246108,0.0,0.0,0.0,0.7503782148260212,0.0,-0.1860618014464168,0.4281391830559758,1.50531914893617,0.2768532526475037,,-0.0884623438640319,-0.0741575504370293,7.33790002237913,11081000000.0,12742000000.0,7901000000.0,15232000000.0,129500000.0,992000000.0,1585500000.0,21.376701966717096,74.04682274247492,137.18227424749165,4.210191082802548,1.2154471544715446,0.6560614371914427,-0.1058703500235441,0.3043009424234595,2023-05-09,-1.51,amc,945550000.0,2025-04-25,2023-03-31,-0.1721854304635761,16.885645161290324,32069665.22580645
2022-12-31,RIVN,USD,1874178,2023-02-28,2023-02-28 17:15:26,2022,Q4,663000000.0,1663000000.0,-1000000000.0,-1.5082956259,402000000,0.0,0.0,393000000.0,0.0,795000000.0,2458000000.0,99000000.0,33000000.0,199000000.0,-1491000000.0,-2.2488687783,-1795000000.0,-2.7073906486,72000000.0,-1723000000.0,-2.5987933635,0.0,-1723000000.0,-2.5987933635,0.0,0.0,0,0,https://www.sec.gov/Archives/edgar/data/1874178/000187417823000009/0001874178-23-000009-index.htm,https://www.sec.gov/Archives/edgar/data/1874178/000187417823000009/rivn-20221231.htm,0.0,0.0,0.0,0.0,0.0,0.0,0.0,0.0,0.0,0.0,-9756000000.0,0.0,0.0,0.0,0.0,0.0,0.0,-14.714932126696832,6.543259557344064,6.746887966804979,5.606896551724138,,0.0,0.1313138633234292,0.1013649586037144,6.543259557344064,5.416666666666667,-54.39393939393939,0.8392338943702844,,0.0,0.0,0.6063348416289592,0.0,-0.2033195020746888,0.4434389140271493,1.4773869346733668,0.2036199095022624,,-0.1141712250349828,-0.0963862161557395,0.0,10706000000.0,13799000000.0,9053000000.0,14794000000.0,104000000.0,914000000.0,1148500000.0,13.846153846153843,54.119061936259776,72.95249549007818,6.5,1.663,1.233679525222552,-0.1248641205884484,0.0,2023-02-28,-1.89,amc,624910000.0,2025-04-25,2022-12-31,-0.0846560846560846,29.435396825396825,15527051.301587302
2022-09-30,RIVN,USD,1874178,2022-11-09,2022-11-09 17:25:42,2022,Q3,536000000.0,1453000000.0,-917000000.0,-1.7108208955,452000000,0.0,0.0,405000000.0,6000000.0,857000000.0,2310000000.0,69000000.0,24000000.0,174000000.0,-1525000000.0,-2.8451492537,-1774000000.0,-3.3097014925,51000000.0,-1723000000.0,-3.2145522388,1000000.0,-1724000000.0,-3.2164179104,-1.88,-1.88,917021276,918000000,https://www.sec.gov/Archives/edgar/data/1874178/000187417822000059/0001874178-22-000059-index.htm,https://www.sec.gov/Archives/edgar/data/1874178/000187417822000059/rivn-20220930.htm,0.5845011604725298,-1.8800000012213456,-1.491786543892576,-1.816751741319468,14.472946645133236,16.72480279508804,16.72480279508804,16.72480279508804,1.9465197228422864,30179170193.16,18668170193.16,-4.376329784390951,56.30442200216417,-22.06079692482456,-18.11474801510204,1.9677362061133208,1.9677362061133208,34.82867573350745,-12.241423077481963,-13.646323240614032,-11.205384269603838,-0.057125493808002,-0.055203638447872,0.1148203690421855,0.0925721495032329,7.548196721311475,6.839260312944523,-73.91666666666667,0.7935034802784223,0.0,0.0,0.0,0.8432835820895522,0.0,-0.2178362573099415,0.5559701492537313,1.7126436781609196,0.5466417910447762,,-0.1033857300678952,-0.0906271355727277,11.057540610431811,12315000000.0,15337000000.0,10738000000.0,16274000000.0,84000000.0,780000000.0,802000000.0,17.798507462686565,51.2869924294563,58.78183069511356,5.056603773584905,1.7548309178743962,1.5310853530031612,-0.1124079024581078,0.3249651974268915,2022-11-09,-1.78,amc,550349308.0,2025-04-25,2022-09-30,-0.1179775280898876,34.084453125,17098727.015625
2022-06-30,RIVN,USD,1874178,2022-08-11,2022-08-11 17:23:32,2022,Q2,364000000.0,1068000000.0,-704000000.0,-1.9340659341,543000000,0.0,0.0,461000000.0,1000000.0,1004000000.0,2072000000.0,22000000.0,24000000.0,161000000.0,-1524000000.0,-4.1868131868,-1708000000.0,-4.6923076923,-1000000.0,-1709000000.0,-4.6950549451,3000000.0,-1712000000.0,-4.7032967033,-1.89,-1.89,905820105,908000000,https://www.sec.gov/Archives/edgar/data/1874178/000187417822000048/0001874178-22-000048-index.htm,https://www.sec.gov/Archives/edgar/data/1874178/000187417822000048/rivn-20220630.htm,0.401845794756344,-1.8900000017111565,-1.329182244194061,-1.7255081791323237,16.474573613046488,18.62179908228025,18.62179908228025,18.62179908228025,1.8535689269118176,23315809502.7,10047809502.699997,-3.4047619016793225,64.05442171071428,-19.36529028463455,-14.917344531477925,1.382250978343609,1.382250978343609,27.603872260164827,-6.593050854790024,-8.345356729817274,-6.428540948624439,-0.0734265734930519,-0.0670360597953505,0.0981147735356888,0.0820484854494075,8.706036745406823,8.97432972047918,-71.16666666666667,0.7032710280373832,0.0,0.0,0.0,1.4917582417582418,0.0,-0.298172757475083,0.9862637362637364,2.229813664596273,0.6648351648351648,,-0.0921377622287279,-0.0848743245253086,13.24103973161426,13979000000.0,16868000000.0,12429000000.0,17791000000.0,42000000.0,651500000.0,574500000.0,15.32967032967033,61.68539325842697,55.19662921348315,5.870967741935484,1.459016393442623,1.630534351145038,-0.1014939530471899,0.3963259349382624,2022-08-11,-1.67,amc,335377693.0,2025-04-25,2022-06-30,0.1317365269461077,31.23354838709677,20207736.35483871
2022-03-31,RIVN,USD,1874178,2022-05-11,2022-05-11 16:17:24,2022,Q1,95000000.0,597000000.0,-502000000.0,-5.2842105263,547000000,0.0,0.0,530000000.0,5000000.0,1077000000.0,1674000000.0,3000000.0,22000000.0,118000000.0,-1453000000.0,-15.2947368421,-1579000000.0,-16.6210526316,-14000000.0,-1593000000.0,-16.7684210526,14000000.0,-1607000000.0,-16.9157894737,-1.79,-1.78,900000000,901000000,https://www.sec.gov/Archives/edgar/data/1874178/000187417822000029/0001874178-22-000029-index.htm,https://www.sec.gov/Archives/edgar/data/1874178/000187417822000029/rivn-20220331.htm,0.1055555555555555,-1.7855555555555556,-1.1488888888888888,-1.6133333333333333,18.25777777777778,20.288888888888888,20.288888888888888,20.288888888888888,1.8122222222222224,45216000000.0,30393000000.0,-7.034225264467953,475.9578947368421,-43.72920696324952,-31.1404958677686,2.4762322015334064,2.4762322015334064,319.9263157894737,-20.91741225051617,-29.3936170212766,-20.931818181818183,-0.0355405166312809,-0.0321125265392781,0.0881161007667031,0.0755505470254026,10.201651754989676,11.18503937007874,-71.77272727272727,0.6490897677338355,0.0,0.0,0.0,5.757894736842105,0.0,-0.4042553191489361,4.4,3.542372881355932,3.336842105263158,,-0.0800480909446439,-0.0754566370850354,15.176111111111112,15522000000.0,18260000000.0,14009000000.0,19188000000.0,24000000.0,527000000.0,384000000.0,20.842105263157897,86.08040201005025,74.47236180904522,4.318181818181818,1.0455341506129596,1.208502024291498,-0.0880065717415115,0.4644444444444444,2022-05-11,-1.5,amc,132835538.0,2025-04-25,2022-03-31,-0.0466666666666667,60.84887096774194,19343056.741935484
2021-12-31,RIVN,USD,1874178,2022-03-31,2022-03-31 08:22:02,2021,Q4,54000000.0,437000000.0,-383000000.0,-7.0925925926,726000000,0.0,0.0,682000000.0,455000000.0,2071000000.0,2508000000.0,1000000.0,22000000.0,113000000.0,-2326000000.0,-43.0740740741,-2454000000.0,-45.4444444444,-7000000.0,-2461000000.0,-45.5740740741,22000000.0,-2461000000.0,-45.5740740741,-24.37,-24.37,101000000,101000000,https://www.sec.gov/Archives/edgar/data/1874178/000187417822000008/0001874178-22-000008-index.htm,https://www.sec.gov/Archives/edgar/data/1874178/000187417822000008/rivn-20211231.htm,0.5346534653465347,-24.36633663366337,-10.752475247524751,-15.257425742574258,179.53465346534654,193.2079207920792,193.2079207920792,193.2079207920792,15.396039603960396,10472690000.0,-6127310000.0,-1.0638652986590815,193.9387037037037,-9.643360957642724,-6.796035042180402,0.5366757199959004,0.5366757199959004,-113.46870370370372,2.63426913155632,5.642090239410681,3.976190785204413,-0.2349921557880544,-0.1471446209140154,0.0785589832940453,0.068762895846416,7.136715391229579,14.134805788271136,-111.54545454545456,0.4412840308817554,0.0,0.0,0.0,13.444444444444445,0.0,-0.4189686924493554,8.425925925925926,4.026548672566372,10.555555555555555,,-0.1175100818135481,-0.1103884453216112,153.55940594059405,17246000000.0,19514000000.0,15779000000.0,20657000000.0,13000000.0,450000000.0,200000000.0,43.333333333333336,99.4736842105263,56.430205949656745,2.076923076923077,0.9047619047619048,1.594890510948905,-0.1261145844009429,4.5049504950495045,2022-03-10,-1.58,amc,60537986.0,2025-04-25,2021-12-31,0.5379746835443038,115.2175,27437123.472222224
2021-09-30,RIVN,USD,1874178,2021-12-17,2021-12-16 20:47:07,2021,Q3,1000000.0,83000000.0,-82000000.0,-82.0,441000000,0.0,0.0,253000000.0,-457000000.0,694000000.0,777000000.0,1000000.0,1000000.0,49000000.0,-1183000000.0,-1183.0,-776000000.0,-776.0,-457000000.0,-1233000000.0,-1233.0,-456000000.0,-1233000000.0,-1233.0,-1.45,-1.45,852858598,852858598,https://www.sec.gov/Archives/edgar/data/1874178/000187417821000006/0001874178-21-000006-index.htm,https://www.sec.gov/Archives/edgar/data/1874178/000187417821000006/rivn-20210930.htm,0.0011725273126694,-1.4457261765214684,-0.8031812091785935,-1.3530965188205797,6.045550824123837,-4.229306016798813,-4.229306016798813,-4.229306016798813,3.742707182040979,85908446576.54001,83943446576.54001,-17.41858203092863,85908.44657654001,-125.41379062268614,-74.44406115818025,-23.81714626463543,-23.81714626463543,83943.44657654001,-70.95811206808116,-122.545177484,-72.7412881945754,-0.014352488598446,-0.0134329049818383,-0.8846686997504851,0.375942507068803,1.661031276415892,5.105062082139446,-776.0,0.5555555555555556,0.0,0.0,0.0,441.0,0.0,-0.6846715328467153,469.0,9.571428571428571,0.0,,-0.0653497481558361,-0.1452639019792648,-8.062297801915342,4298000000.0,-3607000000.0,-6750000000.0,7349000000.0,0.0,310000000.0,63000000.0,0.0,452.1686746987952,136.6265060240964,0.0,0.1990407673860911,0.6587301587301587,0.3418353202107014,0.5499153096419859,2021-12-16,-11.92,amc,,2025-04-25,2021-09-30,-0.3557046979865772,,
2021-06-30,RIVN,USD,1874178,2021-06-30,2021-06-30 00:00:00,2021,Q2,0.0,21000000.0,-21000000.0,,394000000,0.0,0.0,186000000.0,1000000.0,580000000.0,580000000.0,0.0,1000000.0,21000000.0,-558000000.0,,-580000000.0,,0.0,-580000000.0,,2000000.0,-580000000.0,,-0.8,-0.8,723000000,723000000,,,0.0,-0.8022130013831259,-0.6763485477178424,-1.2710926694329183,5.059474412171507,-3.284923928077455,-3.284923928077455,-3.284923928077455,0.2641770401106501,72827790000.0,69359790000.0,-31.39128879310345,0.0,-148.93208588957054,-79.24677910772579,-30.66433263157895,-30.66433263157895,0.0,-124.30069892473118,-141.84006134969326,-75.47311207834603,-0.0079639928659101,-0.0126188093858127,-0.08,0.0292712987213064,6.21505376344086,4.711843711843712,-580.0,0.843103448275862,0.0,0.0,0.0,0.0,0.0,-0.8793456032719836,0.0,20.47619047619047,0.0,,-0.1019442984760903,-0.0893544908334617,-7.203319502074689,3040000000.0,-2375000000.0,-5007000000.0,5581000000.0,0.0,101500000.0,0.0,0.0,870.0,0.0,0.0,0.1034482758620689,0.0,0.2442105263157894,0.5947441217150761,2021-11-12,,amc,,2025-04-25,2021-06-30,,,
2021-03-31,RIVN,USD,1874178,2021-03-31,2021-03-31 00:00:00,2021,Q1,0.0,14000000.0,-14000000.0,,289000000,0.0,0.0,121000000.0,0.0,410000000.0,410000000.0,1000000.0,5000000.0,14000000.0,-395000000.0,,-410000000.0,,-4000000.0,-414000000.0,,1000000.0,-414000000.0,,-0.57,-0.57,723000000,723000000,,,0.0,-0.5726141078838174,-0.5006915629322268,-1.1092669432918396,4.1203319502074685,0.0,0.0,5.338865836791148,0.0069156293222683,72827790000.0,75806790000.0,-43.97813405797102,0.0,-201.1817403314917,-90.80771820448878,18.867303108808297,18.867303108808297,0.0,-191.91592405063287,-209.4110220994475,-94.52218204488778,-0.0056846431835979,-0.0110122797904481,0.0,0.0,-7.541772151898734,0.0,-82.0,0.8743961352657005,0.0,0.0,0.0,0.0,0.0,-1.2154696132596683,0.0,31.428571428571427,0.0,,0.0,0.0,4.1203319502074685,2979000000.0,0.0,2979000000.0,2979000000.0,0.0,45000000.0,0.0,0.0,0.0,0.0,0.0,0.0,0.0,-0.1072538860103626,0.6085753803596127,2021-03-31,,amc,,2025-04-25,2021-03-31,,,
2020-12-31,RIVN,USD,1874178,2020-12-31,2020-12-31 00:00:00,2020,Q4,0.0,0.0,0.0,0.0,255000000,95000000.0,3000000.0,98000000.0,0.0,353000000.0,353000000.0,1000000.0,2000000.0,12000000.0,-339000000.0,,-353000000.0,,0.0,-353000000.0,,2000000.0,-353000000.0,,-0.49,-0.49,723000000,723000000,,,0.0,-0.4882434301521438,-0.3706777316735823,-0.7939142461964038,4.1203319502074685,-1.9142461964038728,-1.9142461964038728,-1.9142461964038728,0.2517289073305671,72827790000.0,70028790000.0,-51.57775495750708,0.0,-271.74548507462686,-126.87768292682928,-52.62123554913295,-52.62123554913295,0.0,-206.5746017699115,-261.3014552238806,-122.00137630662022,-0.004847050830459,-0.0078816067328144,-0.130057803468208,0.0391134289439374,8.256637168141593,4.9361702127659575,-176.5,0.7592067988668555,0.0,0.0,0.0,0.0,0.0,-1.1417910447761197,0.0,25.5,0.0,,-0.0878495421925266,-0.0767057800956106,-4.159059474412172,2405000000.0,-1384000000.0,-2970000000.0,3930000000.0,,,,0.0,0.0,0.0,0.0,0.0,0.0,0.2550578034682081,0.4232365145228215,2020-12-31,,amc,,2025-04-25,2020-12-31,,,
2020-09-30,RIVN,USD,1874178,2020-09-30,2020-09-29 20:00:00,2020,Q3,0.0,0.0,0.0,0.0,220000000,67000000.0,1000000.0,68000000.0,1000000.0,288000000.0,288000000.0,1000000.0,2000000.0,7000000.0,-279000000.0,,-288000000.0,,0.0,-288000000.0,,3000000.0,-288000000.0,,-0.4,-0.4,723000000,723000000,,,0.0,-0.3983402489626556,-0.3153526970954357,-0.6016597510373444,,,,,,72827790000.0,,-63.21856770833334,0.0,-319.4201315789474,-167.42020689655172,0.0,0.0,0.0,,,,-0.0039545343885898,-0.0059729946494325,0.0,0.0,,0.0,-144.0,0.7916666666666666,0.0,0.0,0.0,0.0,0.0,-0.9078947368421052,0.0,29.571428571428573,0.0,,0.0,0.0,,,,,,,,,0.0,0.0,0.0,0.0,0.0,0.0,0.0,0.2863070539419087,2020-09-29,,amc,,2025-04-25,2020-09-30,,,
2020-06-30,RIVN,USD,1874178,2020-06-30,2020-06-29 20:00:00,2020,Q2,0.0,0.0,0.0,0.0,151000000,0.0,0.0,48000000.0,0.0,202000000.0,202000000.0,2000000.0,0.0,5000000.0,-194000000.0,,-199000000.0,,-1000000.0,-200000000.0,,0.0,-200000000.0,,-2.0,-2.0,100000000,100000000,,,0.0,-2.0,-1.76,-3.765,,,,,,10073000000.0,,-12.59125,0.0,-57.23295454545455,-26.754316069057104,0.0,0.0,0.0,,,,-0.0198550580760448,-0.0373771468281544,0.0,0.0,,0.0,0.0,0.88,0.0,0.0,0.0,0.0,0.0,-1.1392045454545454,0.0,40.1,0.0,,0.0,0.0,,,,,,,,,0.0,0.0,0.0,0.0,0.0,0.0,0.0,2.005,2020-06-29,,amc,,2025-04-25,2020-06-30,,,
2020-03-31,RIVN,USD,1874178,2020-03-31,2020-03-30 20:00:00,2020,Q1,0.0,0.0,0.0,0.0,146000000,0.0,0.0,44500000.0,0.0,190500000.0,190500000.0,2000000.0,0.0,5000000.0,-185500000.0,,-190500000.0,,2000000.0,-188500000.0,,0.0,-188500000.0,,-1.88,-1.88,100000000,100000000,,,0.0,-1.885,-1.76,-3.765,22.64,0.0,0.0,23.75,0.0,10073000000.0,12337000000.0,-13.359416445623342,0.0,-57.23295454545455,-26.754316069057104,4.241263157894737,4.241263157894737,0.0,-66.50673854447439,-70.0965909090909,-32.767596281540506,-0.0187133922366722,-0.0373771468281544,0.0,0.0,-12.204851752021565,0.0,0.0,0.93368700265252,0.0,0.0,0.0,0.0,0.0,-1.1392045454545454,0.0,40.1,0.0,,0.0,0.0,22.64,2264000000.0,0.0,2264000000.0,2264000000.0,,,,0.0,0.0,0.0,0.0,0.0,0.0,-0.0793684210526315,2.005,2020-03-30,,amc,,2025-04-25,2020-03-31,,,
