date,symbol,reportedCurrency,cik,fillingDate,acceptedDate,calendarYear,period,revenue,costOfRevenue,grossProfit,grossProfitRatio,researchAndDevelopmentExpenses,generalAndAdministrativeExpenses,sellingAndMarketingExpenses,sellingGeneralAndAdministrativeExpenses,otherExpenses,operatingExpenses,costAndExpenses,interestIncome,interestExpense,depreciationAndAmortization,ebitda,ebitdaratio,operatingIncome,operatingIncomeRatio,totalOtherIncomeExpensesNet,incomeBeforeTax,incomeBeforeTaxRatio,incomeTaxExpense,netIncome,netIncomeRatio,eps,epsdiluted,weightedAverageShsOut,weightedAverageShsOutDil,link,finalLink,revenuePerShare,netIncomePerShare,operatingCashFlowPerShare,freeCashFlowPerShare,cashPerShare,bookValuePerShare,tangibleBookValuePerShare,shareholdersEquityPerShare,interestDebtPerShare,marketCap,enterpriseValue,peRatio,priceToSalesRatio,pocfratio,pfcfRatio,pbRatio,ptbRatio,evToSales,enterpriseValueOverEBITDA,evToOperatingCashFlow,evToFreeCashFlow,earningsYield,freeCashFlowYield,debtToEquity,debtToAssets,netDebtToEBITDA,currentRatio,interestCoverage,incomeQuality,dividendYield,payoutRatio,salesGeneralAndAdministrativeToRevenue,researchAndDdevelopementToRevenue,intangiblesToTotalAssets,capexToOperatingCashFlow,capexToRevenue,capexToDepreciation,stockBasedCompensationToRevenue,grahamNumber,roic,returnOnTangibleAssets,grahamNetNet,workingCapital,tangibleAssetValue,netCurrentAssetValue,investedCapital,averageReceivables,averagePayables,averageInventory,daysSalesOutstanding,daysPayablesOutstanding,daysOfInventoryOnHand,receivablesTurnover,payablesTurnover,inventoryTurnover,roe,capexPerShare,report_date,epsEstimated,time,revenueEstimated,updatedFromDate,fiscalDateEnding,surprise(%),QuarterAvgPrice,QuarterAvgVolume
2025-03-31,RMD,USD,943819,2025-04-23,2025-04-23 16:05:31,2025,Q3,1291736000.0,525328000.0,766408000.0,0.5933162813,83944000,0.0,0.0,245302000.0,10894000.0,340139000.0,865467000.0,0.0,0.0,51910000.0,478179000.0,0.3701832263,426268000.0,0.3299962221,-8575000.0,417693000.0,0.3233578688,52652000.0,365041000.0,0.282597218,2.49,2.48,146719000,147220000,https://www.sec.gov/Archives/edgar/data/943819/000119312525091357/0001193125-25-091357-index.htm,https://www.sec.gov/Archives/edgar/data/943819/000119312525091357/d830100dex991.htm,8.804149428499377,2.488028135415317,3.944008615107791,3.7818755580395176,6.357124844089722,37.80105507807441,15.452006897538832,37.80105507807441,5.72367587020086,32843048150.0,32750109150.0,22.492711880309336,25.42551121126917,56.756975413929744,59.19020775925302,5.921792382187734,5.921792382187734,25.35356229910756,68.48922506007165,56.59636497016387,59.02271177368515,0.0111147113487394,0.0168946864330556,0.1514157702312584,0.110980805416065,-0.1943602709445626,3.4113401579558453,0.0,1.5851945397914209,0.0023659192546657,0.2128637605090935,0.0,0.0649854149764348,0.4333430864370802,0.0411086974930054,0.0184155276310329,0.4582458438481246,0.0186725460930097,46.00138033917294,0.0558945632767281,0.0851349599047715,0.1650178231858177,2267904000.0,2267103000.0,1187731000.0,6234876000.0,883881000.0,221437000.0,872372000.0,63.251508048084126,38.12949243139524,147.78898136021684,1.4228909756836394,2.3603776043421805,0.6089763876282254,0.0658190129951806,0.1621330570682733,2025-04-23,2.38,amc,1288149759.0,2025-05-12,2025-03-31,-0.0042016806722688,,
2024-12-31,RMD,USD,943819,2025-01-30,2025-01-30 16:05:28,2025,Q2,1282089000.0,530814000.0,751275000.0,0.5859772605,81373000,0.0,0.0,241613000.0,11047000.0,334033000.0,864847000.0,0.0,-2436000.0,-53710000.0,362177000.0,0.2824897492,417242000.0,0.3254391856,1081000.0,418323000.0,0.3262823408,73701000.0,344622000.0,0.268797252,2.43,2.34,146861000,147599000,https://www.sec.gov/Archives/edgar/data/943819/000094381925000004/0000943819-25-000004-index.htm,https://www.sec.gov/Archives/edgar/data/943819/000094381925000004/rmd-20241231.htm,8.729948727027597,2.346586227793628,2.1014632884155766,1.972926781105944,3.554000040854958,35.768577089901335,13.684048181613909,35.768577089901335,5.701309401406772,33585642090.0,33903434090.0,24.364116401448545,26.196030142993195,108.8241708816258,115.91408368018884,6.39360071341968,6.39360071341968,26.44390061064404,93.61012457997056,109.85388026815887,117.01087880419402,0.0102609918570712,0.0086270793699153,0.1598580927616914,0.1175881144895337,0.8774494239004685,3.329002535330297,-171.2816091954023,0.89554062131843,0.0023133397239153,0.2254499132382726,0.0,0.0634690727398799,0.4541666865042301,0.0611652404389821,0.0147236268308986,0.3376802261099781,0.0176540006193017,43.457060803810535,0.0543269250370443,0.0884104528039922,-1.9091300617590783,1984217000.0,2009653000.0,947852000.0,5898747000.0,835567500.0,234795500.0,900042500.0,60.365801438121686,37.35427098757757,149.56137177994552,1.4909103806441637,2.409363042580329,0.6017596584525844,0.0656046848577643,0.1285365073096329,2025-01-30,2.32,amc,1266669710.0,2025-04-30,2024-12-31,0.0474137931034484,224.53142857142856,1256557.357142857
2024-09-30,RMD,USD,943819,2024-10-25,2024-10-24 19:37:22,2025,Q1,1224509000.0,507290000.0,717219000.0,0.585719664,79524000,0.0,0.0,238979000.0,11404000.0,329907000.0,837197000.0,0.0,0.0,53710000.0,442709000.0,0.3615400132,387312000.0,0.3162998394,-3815000.0,383497000.0,0.3131843049,72142000.0,311355000.0,0.2542692622,2.12,2.11,146861000,147599000,https://www.sec.gov/Archives/edgar/data/943819/000094381924000027/0000943819-24-000027-index.htm,https://www.sec.gov/Archives/edgar/data/943819/000094381924000027/rmd-20240930.htm,8.337877312560856,2.120065912665718,2.216640224429903,2.0831330305527,2.9031601310082324,35.37376158408291,12.463458644568671,35.37376158408291,5.789433546006087,35851707320.0,36275588320.0,28.78684084084084,29.278435127875746,110.13063703776518,117.18886716285698,6.901160325280374,6.901160325280374,29.624599182202825,81.94002904842685,111.4327308025484,118.57441161569112,0.0086845236468364,0.0085332337807336,0.1636646284349683,0.1177226404955571,0.9574709346320044,2.921343156958629,0.0,1.045552504376034,0.002172588303948,0.2501678148736972,0.0,0.0649435814681639,0.4658592822873562,0.0602295277356253,0.0160121322097265,0.3650530627443679,0.0164604751782142,41.077742003261456,0.0494693216469346,0.080708188399204,-3.633643377070835,1737046000.0,1830396000.0,613734000.0,5818955000.0,824236500.0,243503000.0,870116000.0,59.62211792645052,44.22523605827041,162.86222870547417,1.509506926792226,2.035037187397203,0.5526143214137096,0.059933290035507,0.1335071938772036,2024-10-24,2.04,amc,1185205482.0,2025-04-24,2024-09-30,0.0784313725490196,233.440125,945729.8166666668
2024-06-30,RMD,USD,943819,2024-08-09,2024-08-08 20:09:34,2024,Q4,1223195000.0,518930000.0,704265000.0,0.5757585675,80861000,0.0,0.0,242187000.0,-2957000.0,323048000.0,841978000.0,3629000.0,9550000.0,54754000.0,422036000.0,0.3450275712,381217000.0,0.3116567677,-23484000.0,357732000.0,0.292457049,65495000.0,292236000.0,0.2389120296,1.99,1.98,146915000,147533000,https://www.sec.gov/Archives/edgar/data/943819/000094381924000013/0000943819-24-000013-index.htm,https://www.sec.gov/Archives/edgar/data/943819/000094381924000013/rmd-20240630.htm,8.325868699588197,1.9891501888847287,2.995704999489501,2.816533369635504,1.7042984038389546,33.107871898716944,10.455596773644624,33.107871898716944,6.013579280536365,27464290100.0,28099864100.0,23.494957927839145,22.452912332048445,62.402673171042046,66.37237180122332,5.646391304517662,5.646391304517662,22.972513867371923,66.58167573382366,63.8467853783338,67.90835010911306,0.0106405808756003,0.0150665099477666,0.1796725481250885,0.1271660210401208,1.505971054601977,2.589036462765812,39.91801047120419,1.506017376307586,0.0025688994597388,0.2414247389096483,0.0,0.0661063853269511,0.4842503209216468,0.0598095039012619,0.02151987213813,0.480750264820835,0.0174886260980465,38.49379062810449,0.0517124192458539,0.0824492479055195,-4.893188238096859,1447064000.0,1536084000.0,349368000.0,5474169000.0,827232500.0,207586500.0,825854000.0,61.604854499895765,41.23006964567489,142.60593941881552,1.4609238302827623,2.182872858897563,0.6311097585892369,0.0600808833310067,0.1791716298539972,2024-08-01,2.07,amc,1218355307.0,2025-04-24,2024-06-30,0.0048309178743962,240.7809375,895230.796875
2024-03-31,RMD,USD,943819,2024-04-26,2024-04-25 19:18:46,2024,Q3,1196980000.0,515403000.0,681577000.0,0.5694138582,77074000,0.0,0.0,229919000.0,-2496000.0,306993000.0,822396000.0,3351000.0,14377000.0,54642000.0,429226000.0,0.3585907868,374584000.0,0.3129409013,837000.0,375421000.0,0.3136401611,74929000.0,300492000.0,0.2510417885,2.04,2.04,146959000,147450000,https://www.sec.gov/Archives/edgar/data/943819/000094381924000008/0000943819-24-000008-index.htm,https://www.sec.gov/Archives/edgar/data/943819/000094381924000008/rmd-20240331.htm,8.144992821126982,2.04473356514402,2.735667771283147,2.5784198313815416,1.7654379793003492,31.50484148640097,8.797712287100484,31.50484148640097,8.041848406698467,27822277880.0,28751812880.0,23.14727004379484,23.24372828284516,69.20430981690467,73.4248153445828,6.009235122853094,6.009235122853094,24.020295142775986,66.98525457451319,71.51640764020685,75.87791914958751,0.0108004097039088,0.0136193737131921,0.2521523050074299,0.171316219589755,2.1656073956377293,3.0416620312277662,26.05439243235724,1.3379091623071495,0.0025336530784444,0.2345886080161867,0.0,0.0643903824625307,0.4896891392286107,0.0574806420400416,0.0193060869855803,0.4229164379049083,0.0170779795819479,38.07134951857081,0.0491527760147609,0.0864092341004933,-6.107645669880715,1578266000.0,1292903000.0,166654000.0,5602101000.0,773465000.0,189920000.0,881336000.0,61.44388377416498,30.985558873347653,144.84048404840485,1.46475115946108,2.9045788835977344,0.6213732340878019,0.0649022013339323,0.1572479399016052,2024-04-25,1.91,amc,1174185799.0,2025-04-24,2024-03-31,0.1151832460732984,223.45125,989642.578125
2023-12-31,RMD,USD,943819,2024-01-25,2024-01-24 19:50:30,2024,Q2,1162801000.0,515867000.0,646934000.0,0.5563583107,73880000,0.0,0.0,222155000.0,-686000.0,307612000.0,823479000.0,0.0,13805000.0,53370000.0,392692000.0,0.3377121279,275094000.0,0.2365787439,-15640000.0,259454000.0,0.2231284631,50654000.0,208800000.0,0.179566409,1.42,1.42,147132000,147545000,https://www.sec.gov/Archives/edgar/data/943819/000094381924000003/0000943819-24-000003-index.htm,https://www.sec.gov/Archives/edgar/data/943819/000094381924000003/rmd-20231231.htm,7.90311421036892,1.4191338390017127,1.854334882962238,1.6874235380474676,1.480738384579833,30.461449582687656,7.420697061142375,30.461449582687656,9.550458092053397,25309646640.0,26490772640.0,30.30369568965517,21.766103262725093,92.76641537649544,101.94239686797653,5.647137689001025,5.647137689001025,22.78186262309716,67.45941511413525,97.0955483227774,106.6997456036476,0.0082498188524689,0.0098094613303538,0.3104458556659811,0.2014996767600934,3.0077669012865043,3.112368844338172,19.927127852227457,1.3066666666666666,0.0027925320730593,0.3384961685823754,0.0,0.0635362370689395,0.4909469654840025,0.0900114356087262,0.021119692879521,0.4601461495222035,0.0170622488284753,31.18733176269372,0.0357131135002463,0.0594016140852379,-8.097884892477504,1614004000.0,1091822000.0,-45157000.0,5709243000.0,711064000.0,189721500.0,945723500.0,56.4813755750124,35.310554852316585,162.8118487904828,1.5934456107654782,2.5488129647471527,0.5527853204088237,0.0465878629692087,0.1669113449147704,2024-01-24,1.81,amc,1145660000.0,2025-04-24,2023-12-31,0.0386740331491711,202.90412698412695,1176239.238095238
2023-09-30,RMD,USD,943819,2023-10-27,2023-10-26 19:38:03,2024,Q1,963037000.0,362977000.0,600060000.0,0.6230913246,75710000,0.0,0.0,222874000.0,12479000.0,311063000.0,674040000.0,17970000.0,14957000.0,53442000.0,342439000.0,0.355582392,288997000.0,0.300089197,-16806000.0,272191000.0,0.2826381541,52769000.0,219422000.0,0.22784379,1.49,1.49,147075000,147486000,https://www.sec.gov/Archives/edgar/data/943819/000094381923000029/0000943819-23-000029-index.htm,https://www.sec.gov/Archives/edgar/data/943819/000094381923000029/rmd-20230930.htm,6.547931327553969,1.4919054903960565,1.9465102838687744,1.6686520482746898,1.5020975692673806,28.89937786843447,5.949046404895461,28.89937786843447,10.271058983511814,21747980250.0,23034539250.0,24.77871436091185,22.582704766275853,75.96671912059047,88.61643753285225,5.116719144376874,5.116719144376874,23.918644091556192,67.26610943846933,80.46073029135506,93.85877608315644,0.0100893047298035,0.0112845881400871,0.3518886329115354,0.2218819882429141,3.757045780416366,2.989853425393292,19.3218559871632,1.304714203680579,0.0032461405237849,0.3217407552569933,0.0,0.0786158787253241,0.5007457587290266,0.1427468623704516,0.0424345066700448,0.7646794655888627,0.0192204453203771,31.14627845339347,0.0386769609550952,0.0652000406493677,-8.642403535611082,1533783000.0,874956000.0,-185825000.0,5566604000.0,698648500.0,163902000.0,978122500.0,64.70667274466089,43.898979825167984,237.59348388465384,1.390892100960733,2.050161538113958,0.3787982672272819,0.0516241386644381,0.2778582355940846,2023-10-26,1.62,amc,1097190000.0,2025-04-24,2023-09-30,0.0123456790123455,183.23688524590165,986387.4098360656
2023-06-30,RMD,USD,943819,2023-08-11,2023-08-10 20:15:16,2023,Q4,1122057000.0,504671000.0,617386000.0,0.5502269493,78144000,0.0,0.0,240687000.0,61000.0,331150000.0,835821000.0,14943000.0,0.0,55200000.0,326004000.0,0.2905413896,275267000.0,0.2453235442,1535000.0,276801000.0,0.2466906761,47137000.0,229664000.0,0.2046812239,1.56,1.56,147015000,147554000,https://www.sec.gov/Archives/edgar/data/943819/000094381923000011/0000943819-23-000011-index.htm,https://www.sec.gov/Archives/edgar/data/943819/000094381923000011/rmd-20230630.htm,7.6322620140801956,1.5621807298574977,1.6150528857599564,1.351583171785192,1.6346223174506005,28.091711730095568,5.49102472536816,28.091711730095568,10.746576879910211,32122777500.0,33474794500.0,34.96714493782221,28.628472082969047,135.28968736970228,161.66226730346295,7.778094909250895,7.778094909250895,29.83341710804353,102.68215880786738,140.98390099268437,168.46647760728322,0.0071495685577002,0.0061857353399779,0.382553294835254,0.2340012334656653,4.147240524656139,3.121591282119565,0.0,1.0338450954437788,0.0020143027793907,0.281737668942455,0.0,0.0696435207837035,0.492118438771345,0.1631337997026579,0.0345205279232695,0.7017028985507247,0.0177593473415343,31.422880859383504,0.0377698757053416,0.0669756330291496,-9.208606264666871,1609297000.0,807263000.0,-253975000.0,5597748000.0,695586500.0,156326000.0,1004640500.0,56.5406302888356,26.884921067388458,177.9794757376588,1.591775676009244,3.3476014221656185,0.5056762844534936,0.0556100228019883,0.2634697139747645,2023-08-03,1.69,amc,1140270000.0,2025-04-24,2023-06-30,-0.0532544378698224,153.64349206349206,1260667.7142857143
2023-03-31,RMD,USD,943819,2023-04-28,2023-04-27 19:15:37,2023,Q3,1116898000.0,499146000.0,617752000.0,0.5530961646,76436000,0.0,0.0,228457000.0,12188000.0,317081000.0,816227000.0,14964000.0,14964000.0,52790000.0,353461000.0,0.3164666782,300671000.0,0.269201843,-11293000.0,289378000.0,0.2590908033,56878000.0,232500000.0,0.2081658307,1.58,1.58,146914000,147395000,https://www.sec.gov/Archives/edgar/data/943819/000094381923000008/0000943819-23-000008-index.htm,https://www.sec.gov/Archives/edgar/data/943819/000094381923000008/rmd-20230331.htm,7.602393236859659,1.5825585036143597,1.9233224879861688,1.7107967926814327,1.6336700382536722,26.76742175694624,3.942490164313816,26.76742175694624,11.837176851763616,32172696860.0,33668885860.0,34.594297698924734,28.80540287474773,113.8602607560084,128.00468234264343,8.181213789974798,8.181213789974798,30.144996105284456,95.25488203790518,119.15532415779845,133.95753107344632,0.0072266245199066,0.007812214222939,0.4384180684646875,0.2567938743012795,4.23296771072339,3.069243302073938,20.092956428762363,1.2153247311827955,0.002009157027814,0.278021505376344,0.0,0.068435971771818,0.4994582118623228,0.110499251494357,0.0279551042261692,0.5914567152869862,0.0159656477135781,30.87268607894305,0.0402062882555195,0.0691845477725997,-10.353189621138895,1576124000.0,579207000.0,-443555000.0,5585712000.0,679267500.0,178949500.0,1000112000.0,55.29937380136772,29.19113846449736,182.33985647485903,1.6275048669316765,3.0831274398379205,0.4935838041114678,0.0591225601772303,0.2125256953047361,2023-04-27,1.59,amc,1126010000.0,2025-04-24,2023-03-31,0.0566037735849055,180.81174603174605,1402477.1904761903
2022-12-31,RMD,USD,943819,2023-01-27,2023-01-26 18:09:53,2023,Q2,1033744000.0,454029000.0,579715000.0,0.5607916467,69874000,0.0,0.0,211672000.0,9563000.0,291109000.0,745138000.0,12464000.0,10338000.0,45539000.0,334145000.0,0.3232376681,280194000.0,0.2710477642,-6503000.0,273691000.0,0.2647570385,48777000.0,224914000.0,0.2175722423,1.53,1.53,146704000,147405000,https://www.sec.gov/Archives/edgar/data/943819/000094381923000003/0000943819-23-000003-index.htm,https://www.sec.gov/Archives/edgar/data/943819/000094381923000003/rmd-20221231.htm,7.046460900861599,1.5331142981786454,0.8768472570618389,0.6609703893554368,1.759863398407678,25.480743538008507,2.618135838150289,25.480743538008507,13.290714636274403,30533503520.0,32219767520.0,33.939087295588536,29.536813292265784,237.36175066271755,314.88551280332484,8.168128990802078,8.168128990802078,31.168033400919377,96.42450888087508,250.47045189175745,332.2755939649571,0.0073661379819278,0.0031757574081364,0.5188328272420921,0.2905082065827614,5.046503763336276,3.1733473087725907,27.103308183401044,0.571938607645589,0.0021124336405663,0.2867762789332811,0.0,0.0675931371790307,0.5023942107552548,0.2461966619246406,0.0306362116732962,0.6954478578800588,0.0159265736971629,29.64726084384085,0.0383881892094282,0.0677030090895189,-11.45924616915694,1592442000.0,384091000.0,-612821000.0,5597445000.0,646377000.0,188744000.0,926903500.0,58.529374777507776,38.85273848146264,196.0358259053937,1.537689413941699,2.3164390340964167,0.4590997568140108,0.0601675652004332,0.215876867706402,2023-01-26,1.62,amc,996100465.0,2025-04-24,2022-12-31,0.0246913580246912,222.87790322580645,614024.9193548387
2022-09-30,RMD,USD,943819,2022-10-28,2022-10-27 18:26:57,2023,Q1,950294000.0,409484000.0,540810000.0,0.5690975635,63188000,0.0,0.0,193933000.0,7950000.0,265071000.0,674555000.0,7134000.0,7134000.0,44034000.0,319773000.0,0.3364990203,275739000.0,0.2901617815,-13946000.0,261793000.0,0.2754863232,51315000.0,210478000.0,0.221487245,1.44,1.43,146431000,147134000,https://www.sec.gov/Archives/edgar/data/943819/000094381922000019/0000943819-22-000019-index.htm,https://www.sec.gov/Archives/edgar/data/943819/000094381922000019/rmd-20220930.htm,6.489705048794312,1.437386892119838,0.3050037218894906,0.083923486147059,1.4147482431998688,23.443717518831395,7.893772493529376,23.443717518831395,6.404149394595406,31965887300.0,32689356300.0,37.96820487176807,33.637892378569155,715.7289709372621,2601.1788835543985,9.311663127857107,9.311663127857107,34.39920308872833,102.22675554221276,731.9277305091576,2660.0501505411344,0.0065844566748503,0.000384441072593,0.2710931061814735,0.1797433540123146,2.262445547310123,2.9360724396853284,38.65138772077376,0.2121931983390188,0.0020156174422851,0.3061175039671605,0.0,0.0664931063439314,0.4397812869382489,0.7248443867269715,0.034066299482055,0.7351819048916746,0.0178039638259317,27.53539678201297,0.0488632129396905,0.0725644581092104,-4.368759005948194,1341038000.0,1155893000.0,289024000.0,4230727000.0,598216500.0,170365000.0,804381000.0,58.76441396031123,39.88837170683104,190.0847896376904,1.5315391396702247,2.256296663636113,0.4734729179096539,0.0613122424361768,0.2210802357424316,2022-10-27,1.52,amc,949775218.0,2025-04-24,2022-09-30,-0.006578947368421,216.95306451612905,645431.8064516129
2022-06-30,RMD,USD,943819,2022-08-12,2022-08-11 21:09:45,2022,Q4,914737000.0,392231000.0,522506000.0,0.5712089923,64318000,0.0,0.0,194889000.0,7903000.0,267110000.0,659341000.0,0.0,5542000.0,45007000.0,300404000.0,0.3284047765,255396000.0,0.2792015629,-17308000.0,238089000.0,0.2602813705,43028000.0,195061000.0,0.2132427135,1.33,1.33,146357000,147000000,https://www.sec.gov/Archives/edgar/data/943819/000094381922000010/0000943819-22-000010-index.htm,https://www.sec.gov/Archives/edgar/data/943819/000094381922000010/rmd-20220630.htm,6.250039287495644,1.3327753370183866,0.5430966745697166,0.3217543404141927,1.9327876357126752,22.962693960657845,7.368045259194982,22.962693960657845,6.307125726818669,30680817910.0,31324657910.0,39.32208118229682,33.54058916387989,385.99021098055,651.5219024866748,9.129155331650574,9.129155331650574,34.24444174664412,104.27510256188332,394.0902537553783,665.1941540846447,0.006357750975616,0.001534867816697,0.273019334071462,0.180058176717421,2.14324709391353,2.802090239504192,46.083724287260914,0.4074930406385694,0.0020041186705116,0.3152244682432675,0.0,0.0703131063901427,0.4478908634138386,0.4075560476058677,0.0354145508490418,0.7197769235896638,0.0174826206876949,26.24104655117591,0.0469129373082645,0.0693311846202567,-4.429630970845262,1242179000.0,1078365000.0,196376000.0,4155060000.0,542265000.0,154521000.0,704426500.0,56.6671075948606,36.53981964709572,170.6950750960531,1.5882229360187516,2.463066344312223,0.527255985267035,0.0580408962163516,0.2213423341555238,2022-08-11,1.45,amc,910559676.0,2025-04-24,2022-06-30,0.0275862068965517,219.7046031746032,534481.3174603175
2022-03-31,RMD,USD,943819,2022-04-29,2022-04-28 18:47:02,2022,Q3,864500000.0,373303000.0,491197000.0,0.5681862348,66801000,0.0,0.0,182401000.0,7730000.0,256932000.0,630235000.0,0.0,5462000.0,51609000.0,285874000.0,0.3306813187,234265000.0,0.2709832273,-7946000.0,226319000.0,0.2617917872,47307000.0,179012000.0,0.2070699826,1.22,1.22,146240000,146962000,https://www.sec.gov/Archives/edgar/data/943819/000094381922000006/0000943819-22-000006-index.htm,https://www.sec.gov/Archives/edgar/data/943819/000094381922000006/rmd-20220331.htm,5.911515317286652,1.224097374179431,0.8030566192560175,0.4464031728665208,1.5017163566739606,22.4207056892779,6.677400164113785,22.4207056892779,5.7272155361050325,35464662400.0,36094979400.0,49.52833106160481,41.02332261422788,301.9836885532064,543.2533071903434,10.816341080467144,10.816341080467144,41.75243423944477,126.26184752723228,307.3508749223001,552.908602677614,0.0050476160743038,0.0018407619185457,0.253777291963777,0.1696312369731782,2.2048769737716616,2.5541576435149453,42.889967045038446,0.6560398185596497,0.0017318365901038,0.3430999039170558,0.0,0.0772712550607287,0.4693531275788622,0.4441199260892889,0.060331983805668,1.010618303009165,0.0183470213996529,24.849856269878813,0.0431101258497087,0.068772395151218,-4.738392368708972,1037035000.0,976503000.0,77840000.0,3993759000.0,529649500.0,156583000.0,628544500.0,52.94644303065356,36.114711105991645,160.31178426104265,1.6998309017263753,2.492059253523101,0.5614060152524352,0.0545967371029192,0.3566534463894967,2022-04-28,1.42,amc,904594569.0,2025-04-24,2022-03-31,-0.0704225352112675,227.60875,475734.953125
2021-12-31,RMD,USD,943819,2022-01-28,2022-01-27 18:21:07,2022,Q2,894874000.0,390556000.0,504318000.0,0.5635631385,62507000,0.0,0.0,185362000.0,841000.0,255607000.0,646163000.0,0.0,5948000.0,49606000.0,298317000.0,0.3333620152,248711000.0,0.2779285128,-11425000.0,237286000.0,0.2651613523,35535000.0,201751000.0,0.2254518513,1.38,1.37,145990000,147040000,https://www.sec.gov/Archives/edgar/data/943819/000094381922000003/0000943819-22-000003-index.htm,https://www.sec.gov/Archives/edgar/data/943819/000094381922000003/rmd-20211231x10q.htm,6.129693814644838,1.3819508185492158,1.5061237071032263,1.2342489211589835,1.466141516542229,21.548290978834167,5.633009110213028,21.548290978834167,5.773059798616344,38027475200.0,38669860200.0,47.12179270486888,42.49478161171293,172.9472810045525,211.04332807956132,12.088197632742975,12.088197632742975,43.21263127546448,129.6267400114643,175.86881966899978,214.60841010500144,0.0053054008697374,0.0047383634872503,0.266021898796345,0.17674901821472,2.153363703711153,2.4912730411036543,41.814223268325485,1.089853334060302,0.0016105460506618,0.3035672685637245,0.0,0.0698500571030111,0.4907283226836858,0.1805129184687942,0.0443537302458223,0.8001249848808611,0.0179924771532081,25.884749622549425,0.0509604654451879,0.0836700162155212,-4.560262689225289,926176000.0,822363000.0,-41667000.0,3873471000.0,576036000.0,168532500.0,549395000.0,55.38736179618584,37.64686754268274,136.45454173025124,1.6249194235172566,2.390637146582277,0.6595603111394825,0.0641327342343129,0.2718747859442427,2022-01-27,1.52,amc,931600000.0,2025-04-24,2021-12-31,-0.0328947368421052,212.88919354838708,591349.5483870967
2021-09-30,RMD,USD,943819,2021-10-29,2021-10-28 18:28:40,2022,Q1,904015000.0,397726000.0,506289000.0,0.5600449108,59950000,0.0,0.0,176719000.0,3621000.0,244376000.0,642102000.0,0.0,5360000.0,47619000.0,309532000.0,0.3423969735,261913000.0,0.2897219626,-3125000.0,258788000.0,0.2862651615,55175000.0,203613000.0,0.2252318822,1.4,1.39,145680000,146860000,https://www.sec.gov/Archives/edgar/data/943819/000094381921000031/0000943819-21-000031-index.htm,https://www.sec.gov/Archives/edgar/data/943819/000094381921000031/rmd-20210930x10q.htm,6.205484623833058,1.3976729818780889,-0.4506933003844042,-0.668931905546403,2.12305737918726,20.771890444810545,5.001455244371225,20.771890444810545,6.55865595826469,38393964000.0,39067920000.0,47.140855446361485,42.47049440551319,-584.7657370882008,-393.9862904053361,12.687819661875931,12.687819661875931,43.21600858392837,126.21609397412868,-595.0305374902905,-400.9022062596203,0.0053032554804708,-0.0025381593835947,0.313975418111207,0.200903245751313,2.1773386919607667,2.5414318169437866,48.86436567164179,-0.3224597643568927,0.0015937140535944,0.3005161752933261,0.0,0.0663152713174007,0.4858016221461411,-0.4842286427951323,0.0351686642367659,0.6676536676536676,0.0191401691343617,25.55830542676832,0.0497766466261227,0.0837317465343603,-4.73293692339374,962097000.0,728612000.0,-116863000.0,3861253000.0,607822500.0,155852000.0,481838500.0,59.86822121314359,39.30504920472888,114.64666629790358,1.5033017212851687,2.289782148120855,0.7850206456604638,0.0672867491570691,0.2182386051619989,2021-10-28,1.36,amc,866330000.0,2025-04-24,2021-09-30,0.1102941176470587,241.8832258064516,619934.0161290322
2021-06-30,RMD,USD,943819,2021-08-17,2021-08-16 21:43:33,2021,Q4,876103000.0,385407000.0,490696000.0,0.5600893959,59875000,0.0,0.0,181483000.0,4169000.0,249059000.0,634466000.0,59000.0,5345000.0,45679000.0,287316000.0,0.3279477413,241637000.0,0.2758088946,-2427000.0,239210000.0,0.2730386724,44112000.0,195098000.0,0.2226884282,1.34,1.33,145600000,146544000,https://www.sec.gov/Archives/edgar/data/943819/000094381921000017/0000943819-21-000017-index.htm,https://www.sec.gov/Archives/edgar/data/943819/000094381921000017/c819-20210630x10k.htm,6.017190934065934,1.3399587912087911,1.5558035714285714,1.3437706043956044,2.0280082417582417,19.8192239010989,3.8818406593406594,19.8192239010989,5.48804945054945,35893312000.0,36391749000.0,45.993951757578245,40.96928329203301,158.45187948350073,183.45393119451276,12.438428529299344,12.438428529299344,41.53820840700237,126.66105959988306,160.65224147445093,186.0014873270535,0.0054354972870711,0.0054509597776878,0.2750531157484945,0.1678709847984137,1.734804187723621,1.727150387270418,45.20804490177736,1.1610712455151204,0.0015823560667792,0.291115234395022,0.0,0.0683424209253934,0.4907829213483146,0.1362851782363977,0.0352378658673694,0.6758466691477484,0.0192842622385724,24.44445180971112,0.0511631124947498,0.0810328113565056,-5.892393543956044,662991000.0,565196000.0,-267689000.0,3575539000.0,569653000.0,127615000.0,470547000.0,63.10477192750167,32.22754127454873,106.72605842654647,1.426199592376264,2.7926424555098257,0.8432804633363455,0.0676090445264355,0.212032967032967,2021-08-05,1.3,amc,876103000.0,2025-04-24,2021-06-30,0.0384615384615384,259.48828125,531935.0625
2021-03-31,RMD,USD,943819,2021-04-30,2021-04-29 19:50:11,2021,Q3,768767000.0,321509000.0,447258000.0,0.5817861589,55941000,0.0,0.0,160446000.0,5371000.0,223832000.0,545341000.0,55000.0,5878000.0,47882000.0,271308000.0,0.3529131714,223426000.0,0.2906290202,-5421000.0,218005000.0,0.2835774689,296486000.0,-78481000.0,-0.1020868482,-0.54,-0.54,145335185,145513000,https://www.sec.gov/Archives/edgar/data/943819/000094381921000009/0000943819-21-000009-index.htm,https://www.sec.gov/Archives/edgar/data/943819/000094381921000009/rmd-20210331x10q.htm,5.2896137986131855,-0.5400000006880646,1.3505194905142894,1.149989935334654,1.7521290525759472,18.641280843314025,2.571187424435452,18.641280843314025,6.018356807403521,28197932593.7,28836098593.7,-89.8240739596208,36.67942639798535,143.66323578648652,168.71452004798545,10.40808309422516,10.40808309422516,37.50954267508881,106.28547110184736,146.9145731752922,172.53280956418203,-0.0027832182284716,0.0059271721231556,0.3206814176996154,0.1894577606502266,2.352182759078244,1.6726542169733076,38.01054780537598,-2.500962016284196,0.0020126298199847,-0.723130439214587,0.0,0.0727671713275934,0.5093088899375541,0.1484832737240037,0.0379100559727459,0.6086629631176642,0.0202805271298065,,-0.0214849324692115,-0.0348777472319918,-6.784681906174337,589609000.0,373684000.0,-410340000.0,3509020000.0,521915500.0,119694000.0,479441000.0,61.46369446139077,32.81394922070611,135.50317409465987,1.4642790477968206,2.74273600518674,0.6641910833551969,-0.0289679665912948,0.2005295551796352,2021-04-29,1.22,amc,803190000.0,2025-04-24,2021-03-31,0.0655737704918033,273.4509375,473670.46875
2020-12-31,RMD,USD,943819,2021-01-29,2021-01-28 17:55:49,2021,Q2,800011000.0,337528000.0,462483000.0,0.5780958012,54935000,0.0,0.0,169470000.0,-2692000.0,232094000.0,569622000.0,132000.0,5924000.0,48069000.0,264585000.0,0.3307267025,221716000.0,0.2771411893,-11124000.0,210592000.0,0.2632363805,31078000.0,179514000.0,0.2243894146,1.24,1.23,145246000,146421000,https://www.sec.gov/Archives/edgar/data/943819/000094381921000002/0000943819-21-000002-index.htm,https://www.sec.gov/Archives/edgar/data/943819/000094381921000002/rmd-20201231x10q.htm,5.507972680831141,1.235930765735373,1.169849772110764,0.907728956391226,1.7615975655095493,19.725045784393373,3.7281164369414648,19.725045784393373,6.690235875686766,30873489760.0,31583430760.0,42.99593591586172,38.59133156919092,181.69854375102992,234.1668165407603,10.77614735719292,10.77614735719292,39.47874561724776,119.36969503184233,185.87673179688787,239.55152119171143,0.0058145030378969,0.0042704599002221,0.3371069437036996,0.2112041140153986,2.683224672600488,2.5141122571817056,37.426738690074274,0.946533418006395,0.0018350371286307,0.3155965551433314,0.0,0.06866780581767,0.5081047817818886,0.2240636549824619,0.0475893456464973,0.7920281262352036,0.0192122358317573,23.420563532088387,0.0468979005077716,0.0798064876947548,-5.68334928328491,874150000.0,541494000.0,-256387000.0,3788403000.0,496647500.0,119877500.0,476413500.0,58.36610996598796,32.574897489986014,126.60842952288404,1.5419907211984187,2.76286364454922,0.7108531425526672,0.0626579415452232,0.2621208157195379,2021-01-28,1.27,amc,630111133.0,2025-04-24,2020-12-31,0.1102362204724408,210.22809523809525,630483.8412698413
2020-09-30,RMD,USD,943819,2020-10-30,2020-10-29 19:21:40,2021,Q1,751944000.0,313283000.0,438661000.0,0.5833692403,54533000,0.0,0.0,158989000.0,7971000.0,221765000.0,535048000.0,117000.0,6842000.0,49888000.0,266784000.0,0.3547923782,216896000.0,0.288447012,-1042000.0,215854000.0,0.2870612705,37482000.0,178372000.0,0.2372144734,1.23,1.22,144900000,146100000,https://www.sec.gov/Archives/edgar/data/943819/000094381920000024/0000943819-20-000024-index.htm,https://www.sec.gov/Archives/edgar/data/943819/000094381920000024/rmd-20200930x10q.htm,5.189399585921325,1.231000690131125,0.9937819185645272,0.8644651483781919,2.9222498274672186,18.487646652864044,2.389392684610076,18.487646652864044,8.252429261559696,24840207000.0,25607728000.0,34.81517138340098,33.03465018671604,172.5026354349683,198.30758975259656,9.27267830345744,9.27267830345744,34.055365825114635,95.986745831834,177.8326793936069,204.4349637955948,0.0071807775192855,0.0050426713432782,0.4438212523237496,0.2572982338291446,2.876937897325177,2.6108169036968585,31.70067231803566,0.8072959881595766,0.0022749810418246,0.3168154194604534,0.0,0.0725226878597342,0.5048075632936321,0.1301259036521087,0.0249194088921515,0.3756013470173188,0.0213726022150585,22.62878432976373,0.0441101343424383,0.0779527376675274,-6.3746618357487925,951756000.0,346223000.0,-399375000.0,3833685000.0,479286500.0,126687500.0,447460500.0,56.79015990552488,33.7809903505776,137.32165486157885,1.5847815915595664,2.6642202927144547,0.6553955389681301,0.0665850399050342,0.1293167701863354,2020-10-29,1.03,amc,535114196.0,2025-04-24,2020-09-30,0.233009708737864,200.5245901639344,676792.3606557377
2020-06-30,RMD,USD,943819,2020-08-13,2020-08-12 21:23:23,2020,Q4,770343000.0,320971000.0,449372000.0,0.5833401485,52520000,511303000.0,-345918000.0,165385000.0,3765000.0,226125000.0,547096000.0,255000.0,9197000.0,45508000.0,266799000.0,0.34633793,223247000.0,0.2898020752,-11153000.0,212094000.0,0.2753241089,34259000.0,177835000.0,0.2308517115,1.23,1.22,144792000,145866000,https://www.sec.gov/Archives/edgar/data/943819/000094381921000004/0000943819-21-000004-index.htm,https://www.sec.gov/Archives/edgar/data/943819/000094381921000004/rmd-20200630x10ka.htm,5.320342284104094,1.2282101221061936,2.2809616553400742,2.134634510193933,3.198767887728604,17.245614398585555,1.0949154649428146,17.245614398585555,9.03682523896348,27800064000.0,28636171000.0,39.08126071920601,36.08790370004012,84.17502308752061,89.94514006173199,11.133265279069873,11.133265279069873,37.17327346389855,107.33237755763702,86.7066476920049,92.65030510097776,0.006396927719303,0.0111178880739267,0.5203239692642491,0.283225748227309,3.133846078883354,2.527467769148966,24.273893660976405,1.8571428571428568,0.0020317579124997,0.317614642786853,0.6637342067105173,0.0681774222651468,0.5097668035059695,0.0641515146927467,0.0275033329309151,0.4655664938032873,0.0209491096823103,21.830663268471017,0.0465885450374439,0.0790769999697627,-7.290901776341235,920698000.0,158535000.0,-566890000.0,3794873000.0,523749500.0,125967000.0,387843500.0,56.55733874391019,38.07428085403354,116.90261737041664,1.5913054255879528,2.363800391792968,0.7698715565522948,0.0712186932700367,0.1463271451461406,2020-08-05,1.08,amc,625542496.0,2025-04-24,2020-06-30,0.2314814814814814,199.3871875,478579.296875
2020-03-31,RMD,USD,943819,2020-05-01,2020-04-30 19:23:21,2020,Q3,769455000.0,319793000.0,449662000.0,0.5843902502,51449000,172441000.0,0.0,172441000.0,-10698000.0,232162000.0,551955000.0,116000.0,9968000.0,46465000.0,263965000.0,0.3430544996,217500000.0,0.2826676024,-25845000.0,191655000.0,0.2490788935,28518000.0,163137000.0,0.2120162972,1.13,1.12,144638000,145680000,https://www.sec.gov/Archives/edgar/data/943819/000094381920000008/0000943819-20-000008-index.htm,https://www.sec.gov/Archives/edgar/data/943819/000094381920000008/rmd-20200331x10q.htm,5.31986753135414,1.1278986158547546,1.6572062666795724,1.435210663864268,2.4396147623722677,15.60054066013081,-0.6429154164189217,15.60054066013081,10.487216360845698,21303731020.0,22457752020.0,32.64699458124153,27.68677962973793,88.87849567158264,102.6260490591851,9.441339451549814,9.441339451549814,29.18656974092052,85.07852184948761,93.69303498195625,108.18529197537406,0.0076576727262866,0.009744114765865,0.6678165651863496,0.3340799544533773,4.371871270812418,2.664927228255056,21.81982343499197,1.4692865505679276,0.0026477991083835,0.3457707325744619,0.2241079725260086,0.0668642090830523,0.5208732075051717,0.1339577379586558,0.0417295358403025,0.6910362638545141,0.0183402538160126,19.89739015262593,0.0463558569446901,0.0754871774939128,-8.983199435832907,918239000.0,-92990000.0,-784354000.0,3791146000.0,549617500.0,115235000.0,368278000.0,65.89905842446927,32.68776990115481,100.96993992989216,1.3657251279721123,2.7533233460756965,0.8913543977790909,0.0722986876177467,0.2219956028153044,2020-04-30,1.05,amc,626300581.0,2025-04-24,2020-03-31,0.2285714285714285,184.66875,595353.984375
2019-12-31,RMD,USD,943819,2020-01-31,2020-01-30 18:15:18,2020,Q2,736157000.0,309027000.0,427130000.0,0.580215905,49943000,171422000.0,0.0,171422000.0,-2115000.0,229921000.0,538948000.0,202000.0,10220000.0,45483000.0,234455000.0,0.3184850514,197809000.0,0.2687049094,-19057000.0,178752000.0,0.2428177685,18198000.0,160554000.0,0.2180974982,1.11,1.1,144212000,145575000,https://www.sec.gov/Archives/edgar/data/943819/000094381920000003/0000943819-20-000003-index.htm,https://www.sec.gov/Archives/edgar/data/943819/000094381920000003/rmd-20191231x10q.htm,5.104686156491831,1.113319279948964,0.4849249715696336,0.2914459268299448,1.4152428369345131,15.658239258868887,-0.6476714836490722,15.658239258868887,9.771787368596234,22348533640.0,23543427640.0,34.79909195660027,30.358379584789656,319.5752107761826,531.728137996669,9.897025932352156,9.897025932352156,31.98153062458144,100.41768202853426,336.6617233884345,560.1576883178682,0.0071840955020259,0.0018806603008965,0.6195408895773715,0.3213157097515606,5.096474803267151,2.600735933765961,19.355088062622308,0.4355668497826276,0.0025124690910145,0.3497265717453318,0.2328606533660618,0.067842865041017,0.5400874931872036,0.3989875879425728,0.037902240962186,0.6134599740562408,0.0190896778812128,19.80489692680655,0.0457217515360179,0.0801795417669822,-9.021251698887747,800440000.0,-93402000.0,-795348000.0,3657057000.0,514833500.0,112032000.0,367408500.0,65.50883846788118,33.29476065198186,110.02456096069275,1.373860414944264,2.7031280068578227,0.8179991741312496,0.0711011794840454,0.1934790447396888,2020-01-30,1.02,amc,620562099.0,2025-04-24,2019-12-31,0.1862745098039215,163.61047619047616,723109.619047619
2019-09-30,RMD,USD,943819,2019-10-25,2019-10-24 20:46:56,2020,Q1,681056000.0,276001000.0,405055000.0,0.5947455129,48033000,167440000.0,0.0,167440000.0,-3109000.0,233953000.0,509954000.0,449000.0,10992000.0,43917000.0,215019000.0,0.3157141263,171102000.0,0.2512304421,-20515000.0,150587000.0,0.2211081027,30439000.0,120148000.0,0.1764142743,0.84,0.83,143719000,145099000,https://www.sec.gov/Archives/edgar/data/943819/000094381919000029/0000943819-19-000029-index.htm,https://www.sec.gov/Archives/edgar/data/943819/000094381919000029/rmd-20190930x10q.htm,4.738802802691363,0.8359924575038791,1.129725366861723,0.9575838963533004,1.197851362728658,14.731879570550866,-1.6422532859260084,14.731879570550866,9.16079293621581,19417874090.000004,20551308090.000004,40.404072664547066,28.51142063207725,119.59543793844657,141.09468686193443,9.171266935285423,9.171266935285423,30.175650886270738,95.57903296917948,126.57630180521429,149.3304759378883,0.0061874950596097,0.0070874390966864,0.6166429960358975,0.3142543683347302,5.271320208911771,2.109334607426193,15.566048034934498,1.3513583247328296,0.0028866187791827,0.4665246196357825,0.2458534980970727,0.0705272400507447,0.5664318562889241,0.1523746173697209,0.0363259408917915,0.5633353826536421,0.019463891368698,16.646445705654713,0.0375494135129744,0.0667013086220718,-9.158562890084122,610641000.0,-236023000.0,-876209000.0,3428535000.0,511160000.0,112733500.0,353337000.0,65.25930319973688,35.78530512570607,116.42338252397636,1.3791137138645218,2.5149988154034006,0.7730405872846488,0.0567471688524412,0.1721414705084226,2019-10-24,0.87,amc,637116903.0,2025-04-24,2019-09-30,0.0689655172413793,159.27709677419355,764567.7419354839
2019-06-30,RMD,USD,943819,2019-08-08,2019-08-07 18:56:46,2019,Q4,704964000.0,287114000.0,417850000.0,0.5927253023,51138000,171600000.0,0.0,171600000.0,-6587000.0,246175000.0,533289000.0,285000.0,12548000.0,42592000.0,150900000.0,0.2140534836,121075000.0,0.1717463587,-25311000.0,95761000.0,0.1358381421,26964000.0,68797000.0,0.0975893805,0.48,0.48,143435000,144687000,https://www.sec.gov/Archives/edgar/data/943819/000094381919000017/0000943819-19-000017-index.htm,https://www.sec.gov/Archives/edgar/data/943819/000094381919000017/rmd-20190630x10k.htm,4.914867361522641,0.4796388608080315,0.988726600899362,0.8194582912120473,1.0257468539756684,14.44691323596054,-2.134806706870708,14.44691323596054,8.947613901767351,17751515600.0,18875240600.0,64.50686657848453,25.18074057682378,125.17110380910746,151.0266005325892,8.566535839084487,8.566535839084487,26.77475814367826,125.08443074884028,133.0948158907896,160.58704430018972,0.0038755564060118,0.0066213501229157,0.6132889166211835,0.3093844654965988,7.446819085487077,2.060044137405102,9.64894803952821,2.061278179096234,0.0029924205457701,0.7721266915708533,0.2434166851073246,0.0725398743765639,0.5790124454619417,0.1711982964080723,0.034440056513524,0.570036626596544,0.0201669872504127,12.48636346781933,0.0244082273761371,0.0397835403459121,-9.183096873148116,589375000.0,-306206000.0,-890123000.0,3355234000.0,519943500.0,120095500.0,334785500.0,67.46948780363253,36.27566053901934,109.5999846750768,1.3339363159528008,2.48100237632318,0.8211679980322674,0.0332000928484943,0.1692683096873148,2019-07-25,0.92,amc,697543326.0,2025-04-24,2019-06-30,0.0326086956521738,144.128125,512737.921875
2019-03-31,RMD,USD,943819,2019-05-03,2019-05-02 19:47:39,2019,Q3,662228000.0,270318000.0,391910000.0,0.5918052393,47610000,164529000.0,0.0,164529000.0,-1054000.0,234933000.0,505251000.0,415000.0,12413000.0,41750000.0,198727000.0,0.3000884892,156977000.0,0.2370437372,-19048000.0,137929000.0,0.2082802298,32513000.0,105416000.0,0.159183846,0.74,0.73,143316000,144333000,https://www.sec.gov/Archives/edgar/data/943819/000094381919000014/0000943819-19-000014-index.htm,https://www.sec.gov/Archives/edgar/data/943819/000094381919000014/rmd-20190331x10q.htm,4.620754137709676,0.7355494152781267,0.9743922520862988,0.8558081442406988,1.0223073487956682,14.104000948951969,-3.03006642663764,14.104000948951969,9.406542186496972,15000885720.0,16190067720.0,35.57544803445397,22.652146571875548,107.42080489237073,122.30544977211764,7.421298422968255,7.421298422968255,24.44787553531412,81.46888807258199,115.9364945648282,132.00110655436973,0.0070273183842373,0.0081762505420913,0.6608003941960957,0.325896432034346,5.983998148213378,2.3817923014283893,12.646177394666882,1.324738649515245,0.0035347912776446,0.5030071336419519,0.2484476645505777,0.0718936680418224,0.5991388123437548,0.1217005857668676,0.0256633666954583,0.4070658682634731,0.0193966428480825,15.278064901988886,0.0328884714033827,0.0641630248213568,-9.679078051299228,639727000.0,-434257000.0,-974501000.0,3477809000.0,494297000.0,117400500.0,308220500.0,69.50215031680932,41.439859720773306,106.51787894257872,1.2949239640752988,2.1718220236851837,0.8449285781264652,0.0521518268426367,0.1185841078455999,2019-05-02,0.85,amc,632464943.0,2025-04-24,2019-03-31,0.0470588235294118,131.01609375,513807.046875
2018-12-31,RMD,USD,943819,2019-02-01,2019-01-31 20:55:18,2019,Q2,651100000.0,267369000.0,383731000.0,0.5893580095,43111000,161579000.0,0.0,161579000.0,-621000.0,220530000.0,487899000.0,678000.0,7487000.0,36029000.0,199230000.0,0.3059898633,157078000.0,0.241250192,-10805000.0,149648000.0,0.2298387344,21634000.0,124639000.0,0.191428352,0.87,0.86,142923000,144349000,https://www.sec.gov/Archives/edgar/data/943819/000094381919000011/0000943819-19-000011-index.htm,https://www.sec.gov/Archives/edgar/data/943819/000094381919000011/rmd-20181231x10q.htm,4.555599868460639,0.8720709752803958,0.9058583992779328,0.7626834029512395,1.0457938890171632,13.685998754574142,-2.0145602877073667,13.685998754574142,8.430868369681576,16274642010.0,17322652010.0,32.64355861728672,24.995610520657348,125.70397325980166,149.3017935874501,8.320181964209395,8.320181964209395,26.605209660574413,86.94800988806907,133.7987148175611,158.91612320535756,0.0076584787501571,0.006697843180392,0.6121937952316001,0.310242249889632,5.260302163328816,2.4368336758752003,20.98009883798584,1.0387355584082156,0.0032427134168341,0.4234148220059532,0.2481631085854707,0.0662125633543234,0.5813673501534788,0.1580544999536565,0.031428352019659,0.5679591440228705,0.0192504991552756,16.387225248214673,0.0391138708254059,0.0771354925750923,-8.733060808967066,627096000.0,-287927000.0,-840233000.0,3252572000.0,470467000.0,104522000.0,289533000.0,65.96097373675319,37.14024438136059,99.80958899498448,1.3644431684587512,2.423247382970046,0.9017169683418154,0.0637199367703385,0.1431749963266934,2019-01-24,0.95,amc,618545000.0,2025-04-24,2018-12-31,0.0526315789473684,110.77174603174603,637767.0
2018-09-30,RMD,USD,943819,2018-10-26,2018-10-25 19:18:22,2019,Q1,588279000.0,245186000.0,343093000.0,0.5832147671,38791000,147303000.0,0.0,147303000.0,-2465000.0,198961000.0,444147000.0,922000.0,3708000.0,30424000.0,174556000.0,0.2967231535,144132000.0,0.245006196,-5251000.0,138881000.0,0.2360801592,33144000.0,105737000.0,0.1797395454,0.74,0.73,142668000,144030000,https://www.sec.gov/Archives/edgar/data/943819/000094381918000016/0000943819-18-000016-index.htm,https://www.sec.gov/Archives/edgar/data/943819/000094381918000016/rmd-20180930x10q.htm,4.123412398014972,0.7411402697171054,0.3372795581349707,0.2278997392547733,1.6134522107270026,13.319426921243728,3.2665559200381304,13.319426921243728,3.738189362716237,16431073560.0,16730497560.0,38.84892128583183,27.930749797290066,341.4674777115069,505.3538032847389,8.646768414361013,8.646768414361013,28.439732779854456,95.84601824056465,347.6900509154388,514.5628824506366,0.0064351851151958,0.0019788116632349,0.2787056059815098,0.1726505099529329,1.7153463644904787,2.58423729779534,38.8705501618123,0.4550819486083395,0.003212997605252,0.4992859642320096,0.2503964955403813,0.06593980067281,0.467548568265495,0.3243001724890376,0.0265265290788894,0.5129174336050486,0.0212093241472158,14.903361445324228,0.041278453427566,0.0647376654227751,-3.14022240446351,667135000.0,466033000.0,-79039000.0,2483180000.0,473712000.0,95716000.0,275628000.0,70.94740760761476,36.2329415219466,103.71697405235209,1.268545293406046,2.4839275040776423,0.8677461025287112,0.0556435553946415,0.1093798188801973,2018-10-25,0.79,amc,573774074.0,2025-04-24,2018-09-30,0.0253164556962025,103.2172131147541,1170087.3770491802
2018-06-30,RMD,USD,943819,2018-08-17,2018-08-17 16:26:51,2018,Q4,623631000.0,261159000.0,362472000.0,0.5812283225,39657000,156810000.0,0.0,156810000.0,-3185000.0,208078000.0,469237000.0,2701000.0,5482000.0,31704000.0,186098000.0,0.2984104382,146884000.0,0.2355303056,-5966000.0,140919000.0,0.2259653545,31107000.0,109812000.0,0.1760848964,0.77,0.76,142793000,144004000,https://www.sec.gov/Archives/edgar/data/943819/000094381918000013/0000943819-18-000013-index.htm,https://www.sec.gov/Archives/edgar/data/943819/000094381918000013/rmd-20180630x10k.htm,4.367377952700763,0.7690292941530747,0.906318937202804,0.7679858256357104,1.3215003536587928,14.41933428109221,5.426400453803758,14.41933428109221,2.009454244955985,14790498940.0,14883251940.0,33.672319373110405,23.716747467653143,114.28647879705754,134.87228089692968,7.183410688787652,7.183410688787652,23.8654780471144,79.97534600049437,115.00318306855412,135.71808121244177,0.0074244959852584,0.0074144219505281,0.1366958396876123,0.0918606636002275,0.4984094401874281,2.084536106672091,26.793870850054724,1.1785340266457822,0.0033785202380738,0.4550504498597603,0.2514467690028238,0.0635904886062431,0.4191123601996525,0.1526318229585213,0.0316741791219487,0.623044410799899,0.0200102304086871,15.795570121011,0.0446388508602212,0.061699240642883,-2.234918728509101,554468000.0,774852000.0,60774000.0,2225146000.0,491053000.0,90440000.0,278702000.0,69.80296040446996,31.95398205690786,92.59910629156953,1.2893435962959057,2.816550370458246,0.971931626603548,0.0533332038193668,0.1383331115670936,2018-08-02,0.95,amc,623600000.0,2025-04-24,2018-06-30,0.0,107.14111111111112,874765.7142857143
2018-03-31,RMD,USD,943819,2018-04-27,2018-04-26 19:56:54,2018,Q3,591634000.0,247339000.0,344295000.0,0.5819391719,37434000,147893000.0,0.0,147893000.0,-2739000.0,197000000.0,444339000.0,4228000.0,7719000.0,29311000.0,176606000.0,0.298505495,136373000.0,0.2305023038,-6230000.0,130143000.0,0.2199721449,20018000.0,110125000.0,0.1861370374,0.77,0.76,142898000,143985000,https://www.sec.gov/Archives/edgar/data/943819/000094381918000009/0000943819-18-000009-index.htm,https://www.sec.gov/Archives/edgar/data/943819/000094381918000009/rmd-20180331x10q.htm,4.140253887388207,0.7706545927864631,1.0432336351803384,0.9377038167084214,4.928557432574284,14.464611121219331,5.303034332180996,14.464611121219331,5.722396394631136,14071166060.0,14176885060.0,31.94362329171396,23.78356561658052,94.38921127478602,105.01183662198872,6.807649315614592,6.807649315614592,23.96225548227451,80.27408502542383,95.09837304462154,105.8008079345652,0.0078262881363507,0.0095227360283174,0.3918791038450597,0.2291885480424468,0.598614996092998,3.476804056689637,17.667184868506283,1.353685778108712,0.0035515180324721,0.4537934165720771,0.2499738013704418,0.0632722257341532,0.370428395838615,0.1011564571091255,0.0254887312088216,0.5144826174473747,0.0202405541263686,15.83705867111539,0.0375548954692074,0.0494935589835135,-1.7130593150358997,1142946000.0,757793000.0,137162000.0,2850098000.0,490679500.0,83254000.0,292382500.0,75.82094673396053,32.07795778263841,105.05124545664049,1.1870070722776749,2.805664893315335,0.8567247309518778,0.0532786250752311,0.105529818471917,2018-04-26,0.85,amc,546586956.0,2025-04-24,2018-03-31,0.0823529411764706,109.53746031746032,687693.9206349206
2017-12-31,RMD,USD,943819,2018-01-24,2018-01-23 19:08:28,2018,Q2,601273000.0,251481000.0,349792000.0,0.581752382,40643000,151816000.0,0.0,151816000.0,-1460000.0,203776000.0,455257000.0,4579000.0,7370000.0,29374000.0,175390000.0,0.2916977812,146016000.0,0.2428447644,-4251000.0,141765000.0,0.2357747645,132238000.0,9527000.0,0.0158447161,0.07,0.07,142715000,143855000,https://www.sec.gov/Archives/edgar/data/943819/000094381918000006/0000943819-18-000006-index.htm,https://www.sec.gov/Archives/edgar/data/943819/000094381918000006/rmd-20171231x10q.htm,4.213103037522335,0.0667554216445363,0.9287811372315454,0.8001891882423011,6.018281189783835,14.150776022142033,4.934211540482781,14.150776022142033,7.192670707353817,12086533350.0,12246766350.0,317.16525007872366,20.10157341174475,91.18402237629287,105.8374709936164,5.98483078719384,5.98483078719384,20.368063009647862,69.82590997206226,92.39286274716902,107.24057434828676,0.0007882326324776,0.0094484495010308,0.5046387076584231,0.2859517396184063,0.913581161981869,1.2933756803800618,19.81221166892809,13.91465462943523,0.0041248386577281,5.233021937650887,0.2524909650025861,0.0675949194459089,0.3690634118967452,0.1384523692767312,0.0305219093489978,0.6247702049431471,0.0199742878858688,4.610251939861684,0.0030410683026539,0.0042367492077496,-1.2286129699050556,397938000.0,704186000.0,209877000.0,2114817000.0,457144000.0,81716500.0,298267000.0,72.28673165101377,28.040249561597097,105.95464468488672,1.2450417655414612,3.2096718612398054,0.8494200539076274,0.0047174389263233,0.1285919489892443,2018-01-22,0.78,amc,469014000.0,2025-04-24,2017-12-31,0.282051282051282,101.18296875,659637.96875
2017-09-30,RMD,USD,943819,2017-10-27,2017-10-26 20:38:41,2018,Q1,523659000.0,218054000.0,305605000.0,0.5835954314,37415000,143849000.0,0.0,143849000.0,-1158000.0,193047000.0,411101000.0,4870000.0,7785000.0,29571000.0,142129000.0,0.2714151767,112558000.0,0.214945222,-4073000.0,108485000.0,0.2071672596,22360000.0,86125000.0,0.1644677166,0.61,0.6,142247000,143480000,https://www.sec.gov/Archives/edgar/data/943819/000094381917000007/0000943819-17-000007-index.htm,https://www.sec.gov/Archives/edgar/data/943819/000094381917000007/rmd-20170930x10q.htm,3.68133598599619,0.6054609236047157,0.6607028619232743,0.5322502407783644,5.702067530422434,14.4082335655585,5.105239477809725,14.4082335655585,7.21741759052915,10947329120.0,11155098120.0,31.777443018867924,20.905453969090573,116.48201398125192,144.59364055421273,5.34139036890445,5.34139036890445,21.30221789370564,78.48572859866741,118.69272230084164,147.337878511709,0.0078672157433045,0.0069159334820473,0.4971247038342486,0.2919721562566895,1.461833967733538,4.715633488345635,14.458317276814387,1.0912394775036285,0.0045397374515036,0.5770449927431059,0.27469975690287,0.0714491682564417,0.3792172608054122,0.1944181394507517,0.0348929360518963,0.617902674917994,0.022816374778243,14.010050108675523,0.0284759709552598,0.0397568381761663,-1.0913094828010432,1306361000.0,726205000.0,217857000.0,3030479000.0,440942000.0,88922500.0,284395500.0,74.13576392270542,35.116897649206166,124.01735349959183,1.2139889742531655,2.562868761900285,0.7257048909715381,0.0420218704013802,0.1284526211449099,2017-10-26,0.66,amc,523700000.0,2025-04-24,2017-09-30,0.0,94.49819672131149,717787.1147540984
2017-06-30,RMD,USD,943819,2017-08-04,2017-08-04 06:09:15,2017,Q4,556686000.0,232910000.0,323776000.0,0.5816133332,36706000,147940000.0,0.0,147940000.0,-2428000.0,196415000.0,429325000.0,0.0,7841000.0,28168000.0,155529000.0,0.27938371,127361000.0,0.2287842698,-5739000.0,121623000.0,0.2184768433,20010000.0,101613000.0,0.1825319839,0.72,0.71,142019000,143119000,https://www.sec.gov/Archives/edgar/data/943819/000119312517248016/0001193125-17-248016-index.htm,https://www.sec.gov/Archives/edgar/data/943819/000119312517248016/d380137d10k.htm,3.9197994634520734,0.7154887726290144,0.9879875227962456,0.8426618973517628,5.787500264049177,13.802843281532752,4.461318555967863,13.802843281532752,7.650046824720636,11059019530.0,11315695530.0,27.20867293062896,19.86581219933679,78.81678483105628,92.40954200578236,5.641591258533281,5.641591258533281,20.326890796607064,72.75617749744421,80.64609501614248,94.55433536106422,0.0091882467269682,0.010821393313879,0.5502370596643517,0.3109744969492461,1.650341736910801,4.56507722297196,16.24295370488458,1.3808703696413809,0.0042318398907827,0.4605709899323905,0.2657512493578067,0.0659366321409196,0.3824935771706799,0.1470925716077626,0.0370747602777867,0.7327108775915933,0.0209489730296792,14.90654341091946,0.0342324963817987,0.0474425171571934,-1.508453094304283,1283877000.0,633592000.0,135782000.0,3004792000.0,432071000.0,87804500.0,264094500.0,72.83764994988198,35.84504744321841,103.68258125456184,1.2356247086764478,2.510807110593664,0.8680339446703365,0.0518363324161108,0.1453256254444827,2017-08-01,0.75,amc,542240259.0,2025-04-24,2017-06-30,0.0266666666666666,82.61492063492064,602192.5079365079
2017-03-31,RMD,USD,943819,2017-04-28,2017-04-28 06:11:55,2017,Q3,514204000.0,214490000.0,299714000.0,0.5828698338,35130000,137864000.0,0.0,137864000.0,3504000.0,184372000.0,398862000.0,0.0,2911000.0,28485000.0,143827000.0,0.2797080536,107397000.0,0.2088606856,593000.0,107990000.0,0.2100139244,20167000.0,87823000.0,0.1707940817,0.62,0.62,141714000,142724000,https://www.sec.gov/Archives/edgar/data/943819/000119312517145062/0001193125-17-145062-index.htm,https://www.sec.gov/Archives/edgar/data/943819/000119312517145062/d363171d10q.htm,3.628462960610808,0.6197199994354827,0.4770029778285843,0.357134792610469,5.837884753799907,13.08943364805171,3.7926316383702394,13.08943364805171,8.264963235812976,10199156580.0,10540196580.0,29.033273117520466,19.83484488646529,150.8795612296222,201.5205504732173,5.498328035813248,5.498328035813248,20.49808360106105,73.28385198884772,155.92468090771916,208.2590065400802,0.0086108100519033,0.0049622730667009,0.6298532148471446,0.341366981411299,2.3711820450958445,4.773910276616371,36.893507385778086,0.7697072520865832,0.0045769470871286,0.5315350193001833,0.2681114888254467,0.0683191884932828,0.3849416358442489,0.2512944169945856,0.0330355267559178,0.5963489555906617,0.0222888192234988,13.50981627528966,0.0282996359773674,0.0417196338754515,-2.1180193911681275,1269083000.0,537469000.0,37754000.0,2973982000.0,398802000.0,88473000.0,256489000.0,72.39360253907009,34.76218005501422,109.04144715371346,1.2432037755190857,2.5890205924244984,0.8253742255743256,0.0473450583194426,0.1198681852181153,2017-04-27,0.71,amc,514200000.0,2025-04-24,2017-03-31,0.0,76.49587301587302,1212594.7301587302
2016-12-31,RMD,USD,943819,2017-01-25,2017-01-24 20:17:59,2017,Q2,530397000.0,221326000.0,309071000.0,0.5827163427,38190000,139307000.0,0.0,139307000.0,1749000.0,189187000.0,410513000.0,0.0,2437000.0,27729000.0,147613000.0,0.2783066269,96895000.0,0.1826839141,-688000.0,96207000.0,0.1813867725,19464000.0,76743000.0,0.1446897324,0.54,0.54,141310000,142097000,https://www.sec.gov/Archives/edgar/data/943819/000119312517017051/0001193125-17-017051-index.htm,https://www.sec.gov/Archives/edgar/data/943819/000119312517017051/d328302d10q.htm,3.7534286320854857,0.5430825843889321,0.8484820607175713,0.7294600523671361,5.577425518363881,12.102115915363385,2.748736819757979,12.102115915363385,8.286313778218101,8768285500.0,9148641500.0,28.563795720782352,16.53155183758581,73.13059741949475,85.06291715172681,5.127202584568606,5.127202584568606,17.248667507546234,61.977207292040674,76.30290077481881,88.75282790065968,0.008752338185156,0.0117560040671577,0.6832745665584891,0.3516861947227598,2.5767107233102777,2.2278504385290043,39.75995075913008,1.5623648067551017,0.0053017206157349,0.6057490585460563,0.262646659012023,0.072002669698358,0.3978023036384485,0.1402763993027465,0.0317102095223012,0.6065491002199863,0.0202734932512815,12.160595739005734,0.0262898469049231,0.0383553140574677,-2.899483405279174,837879000.0,388424000.0,-92146000.0,2535533000.0,365564500.0,87294500.0,253468000.0,65.15738211188977,38.26482202723584,102.92383181370468,1.3812709639784162,2.352029755579171,0.8744330483429998,0.0448750109639505,0.1190220083504352,2017-01-23,0.7,amc,508602739.0,2025-04-24,2016-12-31,0.0428571428571429,71.54619047619047,726941.3968253968
2016-09-30,RMD,USD,943819,2016-10-28,2016-10-27 20:11:59,2017,Q1,465450000.0,196266000.0,269184000.0,0.5783306478,34446000,128851000.0,0.0,128851000.0,1272000.0,175038000.0,371304000.0,0.0,2493000.0,27775000.0,121921000.0,0.2619422065,94146000.0,0.2022687722,-1221000.0,92925000.0,0.1996455044,16818000.0,76107000.0,0.1635127296,0.54,0.54,140785000,142090000,https://www.sec.gov/Archives/edgar/data/943819/000119312516750066/0001193125-16-750066-index.htm,https://www.sec.gov/Archives/edgar/data/943819/000119312516750066/d265875d10q.htm,3.306105053805448,0.5405902617466349,0.6125865681713251,0.4916148737436516,5.55213978761942,12.590602692048158,2.9842454806975174,12.590602692048158,8.350527399936073,9121460150.0,9512938150.0,29.96261891153245,19.59707841873456,105.76464350729916,131.7901541640178,5.14590139842308,5.14590139842308,20.43815264797508,78.02542753094217,110.30388727201048,137.4463698491591,0.0083437299235473,0.0075878202460819,0.6618284883852129,0.3531134190419545,3.210915264802618,2.376666048940061,37.76413959085439,1.1331809163414666,0.0050844929690341,0.6093789007581432,0.2768310237404662,0.0740058008378988,0.4070811350332183,0.1974768966756722,0.0365903963905897,0.6131773177317732,0.0258867762380492,12.37509745856369,0.0256909153476323,0.0386362701812793,-2.704629399438861,854297000.0,420137000.0,-74844000.0,2597525000.0,364611500.0,86530000.0,239142000.0,67.12284885594586,36.90914371312402,116.39570786585551,1.3408250921106075,2.438420156791611,0.773224388168366,0.0429360114816469,0.1209716944276734,2016-10-25,0.64,amc,480516129.0,2025-04-24,2016-09-30,-0.03125,69.10790322580644,778375.1290322581
2016-06-30,RMD,USD,943819,2016-08-05,2016-08-05 17:12:07,2016,Q4,518647000.0,217158000.0,301489000.0,0.5812990338,34380000,135843000.0,-1914000.0,133929000.0,1168000.0,180938000.0,398096000.0,0.0,0.0,27022000.0,155059000.0,0.2989682771,118637000.0,0.2287432493,-1205000.0,117431000.0,0.2264179683,34305000.0,83126000.0,0.1602747148,0.59,0.59,140551000,141654000,https://www.sec.gov/Archives/edgar/data/943819/000119312517009237/0001193125-17-009237-index.htm,https://www.sec.gov/Archives/edgar/data/943819/000119312517009237/d328866d10ka.htm,3.690098256149013,0.5914294455393416,1.1118455222659391,0.9922803822100162,5.204046929584279,12.058476994116017,2.389011817774331,12.058476994116017,8.359954749521526,8887039730.0,9330605730.0,26.727617502345836,17.135045088470577,56.86941102315848,63.72190878063471,5.243614100756949,5.243614100756949,17.99028188729521,60.17455117084464,59.7078519366997,66.90236853426642,0.0093536208372503,0.0156931896601299,0.6932844631706642,0.3605472339890179,2.8606272451131507,2.2233447289253325,0.0,1.6797734088637122,0.0047376855825083,0.506508192382648,0.2619180290255222,0.0662878605294159,0.4170236595697674,0.1075375469536894,0.0324016142000242,0.6219006735252757,0.0224218013407963,12.66744303955128,0.0287563869792984,0.0437532436224986,-3.086975546243001,781168000.0,335778000.0,-144385000.0,2524497000.0,370128500.0,85106500.0,228693000.0,66.30278397445662,38.3655679274998,93.02461802005914,1.3574090649749009,2.3458534530252453,0.9674858324125888,0.0490467781153401,0.1195651400559227,2016-07-28,0.74,amc,518600000.0,2025-04-24,2016-06-30,0.0,61.24714285714286,896142.0158730159
2016-03-31,RMD,USD,943819,2016-04-29,2016-04-28 21:09:01,2016,Q3,453879000.0,193999000.0,259880000.0,0.5725755102,28109000,122901000.0,-3550000.0,119351000.0,2553000.0,152018000.0,346017000.0,0.0,0.0,19907000.0,124219000.0,0.2736830741,104312000.0,0.229823367,4684000.0,108996000.0,0.2401432981,20538000.0,88458000.0,0.1948933526,0.63,0.63,140187000,141040000,https://www.sec.gov/Archives/edgar/data/943819/000119312516565229/0001193125-16-565229-index.htm,https://www.sec.gov/Archives/edgar/data/943819/000119312516565229/d179904d10q.htm,3.2376682573990454,0.6310000213999871,0.871329010535927,0.7629880088738613,5.125261258176579,11.936991304471883,7.850307089815746,11.936991304471883,3.107342335594599,8105612340.0,7822726340.0,22.908081631960933,17.858531326631105,66.35840113304243,75.78100747001244,4.843766618003587,4.843766618003587,17.235268298379083,62.97528027113405,64.04249187467765,73.13624910013931,0.0109131792009683,0.0131959185208208,0.2603120213743067,0.1781916133861843,-2.277316674582793,4.886753598503358,0.0,1.380870017409392,0.005178140557361,0.4744850663591761,0.2707792164872135,0.0619306026496048,0.2343523097753834,0.1243399454764263,0.0334626629564267,0.762947706836791,0.0240989338568208,13.018273303049734,0.0392273400992988,0.0472605264704468,2.37104189404153,1113586000.0,1100511000.0,628895000.0,2073257000.0,344959000.0,72611000.0,235196500.0,71.02199044238662,36.01967020448559,108.06086629312522,1.2672131467930123,2.498634759537364,0.8328639505430816,0.0528608931099413,0.1083410016620656,2016-04-26,0.68,amc,453900000.0,2025-04-24,2016-03-31,0.0,66.5625,960835.1875
2015-12-31,RMD,USD,943819,2016-01-28,2016-01-28 06:47:57,2016,Q2,454540000.0,188031000.0,266509000.0,0.5863268359,28970000,118219000.0,0.0,118219000.0,3242000.0,151618000.0,339649000.0,0.0,0.0,21517000.0,136408000.0,0.3001012012,107977000.0,0.2375522506,5718000.0,113695000.0,0.2501320016,23178000.0,90517000.0,0.1991397897,0.65,0.64,139926000,141148000,https://www.sec.gov/Archives/edgar/data/943819/000119312516440418/0001193125-16-440418-index.htm,https://www.sec.gov/Archives/edgar/data/943819/000119312516440418/d119394d10q.htm,3.248431313694381,0.6468919285908266,1.0536998127581725,0.9321355573660364,4.708231493789574,10.893407944199076,7.560088904135043,10.893407944199076,2.86991695610537,7512626940.0,7255398940.0,20.7492154512412,16.527977603731244,50.953790965816594,57.598918500345015,4.928668812829215,4.928668812829215,15.962069212830556,53.188954753386895,49.20916264243082,55.62676485471134,0.0120486483254018,0.0173614370900733,0.2634544644620281,0.1793541880767892,-1.8857251774089496,5.086572278495312,0.0,1.6288832913518052,0.005587260000428,0.4637250461239325,0.2600849210190522,0.0637347648171778,0.2083142959101138,0.1153689636462289,0.0374224490693888,0.7905377143653856,0.0252079024948299,12.591834563075604,0.0435390733231598,0.05106473962156,2.2269324500092904,1085271000.0,1057853000.0,636101000.0,1926913000.0,329457500.0,72531000.0,248036000.0,65.6866942403309,32.3467938797326,113.66035387781804,1.3701404986329944,2.7823468481799347,0.7918328329044946,0.0593837972381551,0.1215642553921358,2016-01-21,0.66,amc,434739130.0,2025-04-24,2015-12-31,0.0454545454545453,58.94890625,862204.875
2015-09-30,RMD,USD,943819,2015-10-27,2015-10-27 17:17:57,2016,Q1,411647000.0,173028000.0,238619000.0,0.5796689882,27192000,111095000.0,0.0,111095000.0,-2003000.0,140594000.0,313622000.0,0.0,0.0,18403000.0,116428000.0,0.2828345646,98025000.0,0.2381287851,1419000.0,99444000.0,0.2415759133,19041000.0,80403000.0,0.1953202623,0.57,0.57,140309000,141946000,https://www.sec.gov/Archives/edgar/data/943819/000119312515354886/0001193125-15-354886-index.htm,https://www.sec.gov/Archives/edgar/data/943819/000119312515354886/d87082d10q.htm,2.9338602655567354,0.5730423565131246,0.8700225929911838,0.7358473084406559,5.858875767056996,10.411399126214285,8.234646387615905,10.411399126214285,3.56774690148173,7150146640.0,6828680640.0,22.23221347462159,17.36960706624851,58.57319155907989,69.25349785948124,4.894635138104603,4.894635138104603,16.588680690008673,58.651532621019,55.939778491382135,66.13990508106852,0.0112449442015919,0.0144397038548009,0.3426769887726902,0.2220214052643414,-2.761071219981448,5.957086282145453,0.0,1.5182518065246322,0.0058850541280647,0.5233511187393505,0.2698792897798356,0.0660565970358098,0.135459637491634,0.1542204600563601,0.0457333589216003,1.0229853828180189,0.0300815990399541,11.586150591218884,0.0396799907356533,0.041247939603778,2.8712876579549422,1275493000.0,1155395000.0,738934000.0,1949895000.0,344868000.0,79297000.0,252734000.0,71.53002451129244,40.30203204105694,134.51470282266453,1.2582129059076683,2.233138019152836,0.6690718420472606,0.0550398990151374,0.1341752845505277,2015-10-22,0.59,amc,418696551.0,2025-04-24,2015-09-30,-0.0169491525423729,56.60180327868853,1265293.6721311477
2015-06-30,RMD,USD,943819,2015-08-07,2015-08-07 06:07:19,2015,Q4,453064000.0,193634000.0,259430000.0,0.5726122579,28523000,129250000.0,-6000000.0,123250000.0,-97000.0,153883000.0,347517000.0,0.0,0.0,17746000.0,117293000.0,0.258888369,99547000.0,0.2197195098,4569000.0,104116000.0,0.2298041778,16654000.0,87462000.0,0.1930455741,0.62,0.61,140819000,142702000,https://www.sec.gov/Archives/edgar/data/943819/000119312515281887/0001193125-15-281887-index.htm,https://www.sec.gov/Archives/edgar/data/943819/000119312515281887/d91689d10k.htm,3.217349931472316,0.6210951647149887,0.7080081523089924,0.6045491020387874,5.093410690318778,11.271966140932689,9.060595516230054,11.271966140932689,2.1346125167768557,7937967030.0,7521312030.0,22.689759638471564,17.52063070559568,79.61772730464088,93.2430464455199,5.0009021758235805,5.0009021758235805,16.600992420496883,64.12413383577878,75.43868195905758,88.34882335666964,0.0110181863529357,0.0107246603164588,0.1893735742361118,0.1376182322617271,-3.552258020512733,5.403679576740166,0.0,1.1399350575106904,0.004963487483772,0.4504813519013971,0.2852797838715943,0.0629557854960888,0.1425668189684378,0.1461269194892729,0.0321566048063849,0.8209737405612533,0.0288104991789239,12.55076422002653,0.0436222202753793,0.0466997747291971,3.6618034498185614,1176923000.0,1275904000.0,847229000.0,1876084000.0,354026500.0,76006000.0,236025000.0,72.02320202002366,37.70040385469494,114.73868225621533,1.2495973169171024,2.387242331590887,0.7843910896503672,0.0551008721060261,0.103459050270205,2015-07-30,0.65,amc,433110294.0,2025-04-24,2015-06-30,0.0461538461538461,56.368125,855081.109375
2015-03-31,RMD,USD,943819,2015-04-29,2015-04-28 18:54:24,2015,Q3,422497000.0,171066000.0,251431000.0,0.5951071842,27024000,116336000.0,0.0,116336000.0,3729000.0,145563000.0,316629000.0,0.0,0.0,17859000.0,123727000.0,0.2928470498,105868000.0,0.2505769272,8490000.0,114358000.0,0.2706717444,23375000.0,90983000.0,0.2153459078,0.65,0.64,140792000,142813000,https://www.sec.gov/Archives/edgar/data/943819/000119312515153557/0001193125-15-153557-index.htm,https://www.sec.gov/Archives/edgar/data/943819/000119312515153557/d912752d10q.htm,3.000859423830899,0.6462227967498153,0.6459244843457015,0.554370986987897,6.153226035570203,10.911664015000852,8.764247968634582,10.911664015000852,3.271357747599295,10106049760.0,9700305760.0,27.769060593737297,23.91981424720176,111.12754159290088,129.48008046021192,6.578281726904363,6.578281726904363,22.95946659976284,78.40088064852458,106.6659236208091,124.28163329105328,0.0090028252542465,0.0077231956950111,0.2998037460741078,0.2021839932678644,-3.2793488890864566,6.055950765198671,0.0,0.9995273894311087,0.0038971705993262,0.4328830660672872,0.2753534344622565,0.0639625843497113,0.1327195571259189,0.1417402491725404,0.0305090923722535,0.7217649364466096,0.0277351081782829,12.595861853473298,0.0416636976141836,0.0460512529799715,3.5249179640888686,1296366000.0,1233936000.0,811016000.0,1982865000.0,342956000.0,75452000.0,221626500.0,73.59496043758891,37.30139244502122,118.4758514257655,1.2229098224235495,2.41277856135402,0.7596484761824407,0.059223120860523,0.0915534973578044,2015-04-23,0.66,amc,429000000.0,2025-04-24,2015-03-31,-0.0151515151515151,53.8259375,856445.421875
2014-12-31,RMD,USD,943819,2015-01-30,2015-01-29 20:48:21,2015,Q2,422952000.0,159730000.0,263222000.0,0.6223448524,29294000,122520000.0,0.0,122520000.0,947000.0,154076000.0,313806000.0,0.0,0.0,18869000.0,109146000.0,0.2580576519,109146000.0,0.2580576519,6365000.0,115511000.0,0.2731066409,24330000.0,91181000.0,0.2155823829,0.65,0.64,140048000,142202000,https://www.sec.gov/Archives/edgar/data/943819/000119312515026185/0001193125-15-026185-index.htm,https://www.sec.gov/Archives/edgar/data/943819/000119312515026185/d858748d10q.htm,3.020050268479378,0.6510696332685936,0.7568976350965383,0.6038215468982063,6.288522506569176,11.342168399405915,9.050339883468524,11.342168399405915,3.210777733348566,7851090880.0,7420058880.0,21.52611530911045,18.56260492916454,74.06549763212016,92.8419999053971,4.9426174983380005,4.9426174983380005,17.54350110650854,67.98287504810071,69.99923473142016,87.74489002412373,0.0116138000939813,0.0107709872796683,0.2830832359636576,0.1932735942562459,-3.949132354827479,6.003200955279072,0.0,1.1625575784163191,0.0050028716518945,0.4307695682214496,0.2896782613629915,0.0692608144659441,0.1379572089632685,0.2022414671421294,0.0506866027350621,1.1361492394933488,0.0277029071856853,12.890003179057654,0.0416829493067149,0.0454632937042156,3.6197036016223008,1298881000.0,1267482000.0,820377000.0,2028066000.0,334509000.0,78126000.0,207644000.0,72.43949668047438,45.078319664433735,122.86721342265072,1.2424161420803872,1.996525173741313,0.732498096871532,0.0574025715667116,0.153076088198332,2015-01-22,0.61,amc,396969230.0,2025-04-24,2014-12-31,0.0655737704918033,63.11698412698413,1064935.857142857
2014-09-30,RMD,USD,943819,2014-10-31,2014-10-31 06:08:14,2015,Q1,380399000.0,143086000.0,237313000.0,0.6238528492,30024000,110520000.0,0.0,110520000.0,1671000.0,142638000.0,285724000.0,0.0,0.0,18582000.0,113257000.0,0.2977321181,94675000.0,0.2488834093,7255000.0,101930000.0,0.2679554888,18670000.0,83260000.0,0.2188754439,0.59,0.58,140127000,142683000,https://www.sec.gov/Archives/edgar/data/943819/000119312514390717/0001193125-14-390717-index.htm,https://www.sec.gov/Archives/edgar/data/943819/000119312514390717/d806516d10q.htm,2.7146731179572816,0.5941752838496507,0.6175540759453924,0.4530818471814853,6.292106446295146,11.79794757612737,9.487571988267783,11.79794757612737,2.6811463886331683,6904057290.0,6398064290.0,20.73041463487869,18.14951482522299,79.7824869418508,108.7441492227,4.176150104251666,4.176150104251666,16.819350970954183,56.49155716644446,73.93529039937135,100.77437493109042,0.0120595754789862,0.0091958970404198,0.2272553231257232,0.1626796475182651,-4.467653213487908,6.0352895837921166,0.0,1.0393466250300265,0.0056776759452411,0.4708023060293058,0.2905370413697197,0.0789276522808945,0.1401829783935849,0.2663284644541,0.0605863842964886,1.2402862985685073,0.029881782023612,12.558905172127764,0.0376291745465481,0.0419296502454793,4.071365618331941,1280454000.0,1329465000.0,878508000.0,2023986000.0,344092000.0,80826500.0,181322000.0,77.74255452827163,47.95940902673916,124.05364605901346,1.157667130262241,1.876586926870213,0.7254925821139201,0.0503625973937991,0.164472228763907,2014-10-23,0.57,amc,367505084.0,2025-04-24,2014-09-30,0.0350877192982456,64.95180327868853,1056894.7704918033
2014-06-30,RMD,USD,943819,2014-08-08,2014-08-08 08:22:38,2014,Q4,415211000.0,153953000.0,261258000.0,0.629217434,31796000,122242000.0,0.0,122242000.0,2224000.0,156446000.0,310399000.0,0.0,0.0,2408000.0,118352000.0,0.2850406179,98486000.0,0.2371950647,8149000.0,106635000.0,0.2568212307,18897000.0,87738000.0,0.2113094306,0.62,0.61,140537000,143086000,https://www.sec.gov/Archives/edgar/data/943819/000119312514301852/0001193125-14-301852-index.htm,https://www.sec.gov/Archives/edgar/data/943819/000119312514301852/d765496d10k.htm,2.954460391213701,0.6243053430769121,0.8224382191166739,0.6711969089990536,6.444779666564677,12.510925948326776,10.130698677216676,12.510925948326776,2.1402762261895445,7115388310.0,6510446310.0,20.27453415281862,17.13680107222593,61.56085505653946,75.43240935883301,4.046862734949791,4.046862734949791,15.679850268899427,55.00917863660944,56.32702309163112,69.01923405563565,0.0123307395432927,0.0132569012245517,0.1710725676923846,0.1274006104291386,-5.111379613356767,5.773187959548594,0.0,1.3173653377100003,0.0049373271660559,0.4004080330073628,0.2944093484999193,0.0765779326655604,0.1416837712762848,0.183893825216511,0.051190840319741,1.0722393179639813,0.0259578864721792,13.256672022741974,0.0387454566625962,0.0432963623120606,4.6636810946583465,1286651000.0,1423738000.0,953495000.0,2055438000.0,348582500.0,70444000.0,165153000.0,77.94439453675359,49.927250524510725,96.7023702038934,1.1546693066883948,1.8026227972601137,0.930690734986519,0.0499008103521232,0.1512413101176202,2014-07-31,0.67,amc,427975384.0,2025-04-24,2014-06-30,-0.0298507462686567,52.21734375,1025145.78125
2014-03-31,RMD,USD,943819,2014-05-01,2014-04-30 21:50:22,2014,Q3,397758000.0,145970000.0,251788000.0,0.6330180663,29530000,115101000.0,0.0,115101000.0,2199000.0,147090000.0,293060000.0,0.0,0.0,2459000.0,104698000.0,0.2632203501,104698000.0,0.2632203501,8214000.0,112912000.0,0.2838710975,22943000.0,89969000.0,0.2261902966,0.64,0.63,140959000,143375000,https://www.sec.gov/Archives/edgar/data/943819/000119312514173967/0001193125-14-173967-index.htm,https://www.sec.gov/Archives/edgar/data/943819/000119312514173967/d714081d10q.htm,2.8217992465894337,0.6382636085670301,0.717194361480998,0.5743726899311147,6.658411311090459,11.995722160344496,9.605395895260324,11.995722160344496,2.807929965450947,6299457710.0,5756697710.0,17.504522974580134,15.837412974723325,62.312257876255,77.80662413695144,3.725494755766882,3.725494755766882,14.472864681540033,54.98383646296968,56.94344636233246,71.10282116522362,0.014282023015597,0.0128523761452475,0.2340776093275494,0.1673892798932235,-5.184053181531644,6.334356722777571,0.0,1.1236648178817148,0.0055976246882368,0.3919349998332759,0.2893744437572594,0.0742411214859286,0.1424946480664951,0.199139423314704,0.0506136897309419,1.1717595017752167,0.0282055923450942,13.125156782002712,0.0393938460071691,0.0443715513891108,4.260281358409183,1317010000.0,1353967000.0,890241000.0,2082997000.0,319599500.0,55859000.0,171482500.0,76.38182010166986,34.20887853668562,101.6641775707337,1.1782908535068075,2.630895950110845,0.8852675755664451,0.0532076018463485,0.1428216715498833,2014-04-23,0.64,amc,397800000.0,2025-04-24,2014-03-31,0.0,50.93140625,829329.6875
2013-12-31,RMD,USD,943819,2014-01-29,2014-01-29 06:06:18,2014,Q2,384341000.0,135582000.0,248759000.0,0.6472351375,29537000,111748000.0,0.0,111748000.0,-2311000.0,143739000.0,279321000.0,0.0,0.0,2454000.0,105020000.0,0.2732469344,105020000.0,0.2732469344,4441000.0,109461000.0,0.2848017776,22825000.0,86636000.0,0.2254144106,0.61,0.6,142202000,145335000,https://www.sec.gov/Archives/edgar/data/943819/000119312514025205/0001193125-14-025205-index.htm,https://www.sec.gov/Archives/edgar/data/943819/000119312514025205/d652770d10q.htm,2.7027819580596617,0.6092460021659329,0.591869312667895,0.4418151643436801,6.840093669568642,11.52552003487996,9.15743097846725,11.52552003487996,3.064738892561286,6694870160.0,6158007160.0,19.318961401726764,17.419089194231166,79.54458694231569,106.56039855476148,4.084848220082101,4.084848220082101,16.022248888356955,58.63651837745192,73.16589033446206,98.01529851815302,0.0129406542516128,0.0093843492851248,0.2659089466927646,0.1858007459110466,-5.112007236716816,6.441767465230159,0.0,0.971478369269126,0.005324524471435,0.41145713098481,0.2907522226356283,0.0768510255216071,0.1435661335238754,0.2535258123923246,0.0555184068314335,1.1484391819160389,0.027694157011612,12.569496115318804,0.0395288390552066,0.0431273555249021,4.08783104316395,1321321000.0,1302205000.0,857496000.0,2072412000.0,292026000.0,56680000.0,176716000.0,70.63110623118533,37.32907023056158,118.2083904943134,1.2742261137099795,2.4109895972259268,0.7613672737074412,0.0528606084863986,0.1500541483242148,2014-01-23,0.63,amc,396900000.0,2025-04-24,2013-12-31,-0.0317460317460317,49.56095238095239,888094.380952381
2013-09-30,RMD,USD,943819,2013-10-30,2013-10-30 06:10:17,2014,Q1,357662000.0,129680000.0,227982000.0,0.6374230419,27363000,101323000.0,0.0,101323000.0,-1228000.0,131098000.0,260778000.0,0.0,0.0,2412000.0,96884000.0,0.2708814467,96884000.0,0.2708814467,5186000.0,102070000.0,0.2853811699,21140000.0,80930000.0,0.2262750865,0.57,0.56,142005000,145456000,https://www.sec.gov/Archives/edgar/data/943819/000119312513416916/0001193125-13-416916-index.htm,https://www.sec.gov/Archives/edgar/data/943819/000119312513416916/d604032d10q.htm,2.5186577937396573,0.5699095102285131,0.636773353050949,0.5069821485158973,6.8770395408612375,11.9188408858843,9.580064082250624,11.9188408858843,2.5408119432414358,7500704100.0,6884938100.0,23.170345051278883,20.97148732602289,82.94945092618191,104.18512792732729,4.431638991217316,4.431638991217316,19.249845105155146,71.06372672474299,76.13976333978435,95.63210962024613,0.0107896537339741,0.0095982989116981,0.2131760938473945,0.1545457855296438,-6.35570372816977,2.549467992838931,0.0,1.117323612998888,0.0047299559517352,0.4383788459162239,0.2832926058681101,0.076505192052832,0.142256926671621,0.2038263754492673,0.0515318932399863,1.031393396754337,0.0302408419121964,12.362639983625373,0.0368684757098146,0.0404141388063122,4.464422027393401,946852000.0,1360417000.0,915834000.0,1695715000.0,300387000.0,58906500.0,160601000.0,71.06779585194961,39.6456662553979,121.69918260333128,1.2663963884217049,2.270109409190372,0.7395283852755838,0.0478158501892132,0.1297912045350515,2013-10-24,0.57,amc,357700000.0,2025-04-24,2013-09-30,0.0,44.91704918032787,1171373.8852459015
2013-06-30,RMD,USD,943819,2013-08-13,2013-08-12 21:14:02,2013,Q4,414607000.0,154759000.0,259848000.0,0.6267332679,31390000,115057000.0,0.0,115057000.0,-5777000.0,173683000.0,328442000.0,0.0,0.0,2471000.0,88636000.0,0.213783173,86165000.0,0.2078233122,-23104000.0,87827000.0,0.2118319276,14814000.0,73013000.0,0.176101706,0.51,0.5,142669000,146115000,https://www.sec.gov/Archives/edgar/data/943819/000119312513331415/0001193125-13-331415-index.htm,https://www.sec.gov/Archives/edgar/data/943819/000119312513331415/d579332d10k.htm,2.90607630249038,0.5117649944977536,0.8685979434915784,0.7399575240591859,6.140422937008039,11.288478926746524,9.01420771155612,11.288478926746524,2.1082786029200458,6375877610.0,5800615610.0,21.83130952707052,15.378123403608718,51.45073199270509,60.395358580643936,3.9589036122584313,3.9589036122584313,13.990635975755351,65.44311126404621,46.80860226594148,54.94620210478455,0.0114514431527803,0.016557563751604,0.1867637452841201,0.1360578743314963,-6.49016201092107,2.523911721821656,0.0,1.6972593921630394,0.0038057505937602,0.3323380767808472,0.277508580414706,0.0757102509123097,0.1467702165944956,0.1481012249640903,0.04426601576915,0.933567322854672,0.0253227755440694,11.40103451473922,0.036986492772707,0.0387079569919835,4.118121315772873,874800000.0,1286048000.0,848644000.0,1610701000.0,305919000.0,55036500.0,156165000.0,69.10498375570118,35.29306857759484,84.81723195419976,1.302366270979334,2.5500757975217505,1.0611051307191783,0.0453351596631141,0.1286404194323924,2013-08-01,0.61,amc,401438095.0,2025-04-24,2013-06-30,0.0327868852459016,50.61875,1264797.953125
2013-03-31,RMD,USD,943819,2013-05-01,2013-05-01 06:05:34,2013,Q3,383581000.0,144132000.0,239449000.0,0.6242462479,31189000,109628000.0,0.0,109628000.0,3815000.0,143350000.0,287482000.0,0.0,0.0,2533000.0,96099000.0,0.2505311786,96099000.0,0.2505311786,11893000.0,107992000.0,0.2815363639,23079000.0,84913000.0,0.2213691502,0.59,0.58,143293000,146643000,https://www.sec.gov/Archives/edgar/data/943819/000119312513189467/0001193125-13-189467-index.htm,https://www.sec.gov/Archives/edgar/data/943819/000119312513189467/d527292d10q.htm,2.6768997787749576,0.592583029177978,0.7467217519348468,0.6002177356884146,7.067323595709491,12.33945831268799,10.052451969042451,12.33945831268799,2.3784692901956133,6641630550.0,5969750550.0,19.554221821158126,17.31480586890383,62.07131355140187,77.22197669957096,3.756242683063391,3.756242683063391,15.563207119226448,62.12083944682047,55.79206121495327,69.41005441417559,0.0127849628733112,0.0129496814603757,0.1927531363147411,0.1435049744079469,-6.991539974401398,2.7219466559617933,0.0,1.260113292428721,0.003651362390219,0.2855982005111114,0.2858014343776152,0.0813100753165563,0.1379865563825182,0.196196261682243,0.0547289881407056,1.015430008706588,0.0266306203904781,12.82666970301842,0.0353987241085112,0.0414767365296955,4.949706196394799,999454000.0,1440446000.0,973077000.0,1771661000.0,287464000.0,50752000.0,180643500.0,68.86162244741007,30.83735742236283,103.9565814669886,1.3069689153596895,2.9185380176166853,0.8657460521494688,0.0480234232461126,0.1465040162464321,2013-04-25,0.56,amc,364094915.0,2025-04-24,2013-03-31,0.0535714285714284,48.510625,1007213.765625
2012-12-31,RMD,USD,943819,2013-01-31,2013-01-31 06:15:11,2013,Q2,376537000.0,143825000.0,232712000.0,0.6180322253,30326000,107815000.0,0.0,107815000.0,-2168000.0,140642000.0,284467000.0,0.0,0.0,2501000.0,92070000.0,0.244517803,92070000.0,0.244517803,6330000.0,98400000.0,0.2613288999,20458000.0,77942000.0,0.2069969219,0.54,0.53,143214000,146689000,https://www.sec.gov/Archives/edgar/data/943819/000119312513030914/0001193125-13-030914-index.htm,https://www.sec.gov/Archives/edgar/data/943819/000119312513030914/d453946d10q.htm,2.629191280182105,0.5442345022134708,0.6538955688689653,0.5312120323432067,6.691245269317245,12.23003337662519,9.872847626628682,12.23003337662519,2.100716410406804,5953405980.0,5295977980.0,19.095628736752968,15.810945484773075,63.57284248294126,78.25500453487913,3.3990095300517496,3.3990095300517496,14.06496036246106,57.5212119039861,56.55256420387199,69.61339143236458,0.0130920014965954,0.0127787354424634,0.1717670218645376,0.1291002521053478,-7.140523514717063,6.093373110073765,0.0,1.2014959841933746,0.0043412124230775,0.3315927227938723,0.2863330828046115,0.0805392298764796,0.1448616638952958,0.1876194645850908,0.0466620810172705,0.910504223454423,0.0252883514767473,12.237652464937431,0.0350723362469199,0.0391119398753407,4.803289133743908,1278783000.0,1413930000.0,950988000.0,2055940000.0,275533500.0,52516500.0,193988000.0,67.26964415183635,32.614010081696506,121.90064314270816,1.3378991539907406,2.7595502599819643,0.7383061949446623,0.0444998378543795,0.1226835365257586,2013-01-24,0.51,amc,355583333.0,2025-04-24,2012-12-31,0.0588235294117647,47.44703125,1047541.28125
2012-09-30,RMD,USD,943819,2012-10-31,2012-10-31 06:10:03,2013,Q1,339731000.0,131083000.0,208648000.0,0.6141564944,27220000,98303000.0,0.0,98303000.0,1941000.0,128159000.0,259242000.0,0.0,0.0,2636000.0,80489000.0,0.2369197983,80489000.0,0.2369197983,10412000.0,90901000.0,0.2675675755,19636000.0,71265000.0,0.2097689054,0.5,0.49,142651000,146055000,https://www.sec.gov/Archives/edgar/data/943819/000119312512442372/0001193125-12-442372-index.htm,https://www.sec.gov/Archives/edgar/data/943819/000119312512442372/d411741d10q.htm,2.381553581818564,0.4995758880063932,0.5485695859124717,0.4443572074503508,6.243412243867901,11.909646620072763,9.57565667257853,11.909646620072763,1.8635551100237644,5760247380.0,5135456380.0,20.207140181014523,16.955318708036653,73.60962225573134,90.87283681453904,3.3905288114882195,3.3905288114882195,15.11624308644192,63.80320764328045,65.62548086998747,81.01622357544015,0.0123718644875283,0.011004388495551,0.1564744252682434,0.1184313519336344,-7.762439588018238,5.731380739909339,0.0,1.0980705816319372,0.0039656282956375,0.3205360275029818,0.2893554017737563,0.0801222143401691,0.1483280979427164,0.1899711196871725,0.0437581498303069,0.7971045576407507,0.0233155055028831,11.570215055757036,0.031682860119867,0.037278085151903,4.5124114096641454,1197186000.0,1365977000.0,904481000.0,1968489000.0,277535000.0,53960000.0,183761500.0,71.42863029867748,36.33011145610033,132.62955531991182,1.2599989615321852,2.4772838946214613,0.6785817820388048,0.0419471629967926,0.1042123784621208,2012-10-25,0.46,amc,312524000.0,2025-04-24,2012-09-30,0.0869565217391303,44.184333333333335,1082996.566666667
2012-06-30,RMD,USD,943819,2012-08-14,2012-08-13 21:40:41,2012,Q4,371929000.0,145460000.0,226469000.0,0.6089038499,27911000,105909000.0,0.0,105909000.0,1454000.0,136739000.0,282199000.0,0.0,0.0,2919000.0,92649000.0,0.2491039957,89730000.0,0.2412557235,8780000.0,98510000.0,0.2648623796,21663000.0,76847000.0,0.206617392,0.54,0.53,142788000,146099000,https://www.sec.gov/Archives/edgar/data/943819/000119312512353206/0001193125-12-353206-index.htm,https://www.sec.gov/Archives/edgar/data/943819/000119312512353206/d372956d10k.htm,2.6047637056335264,0.5381894837101157,0.6791677171751127,0.5843838417794213,5.669531053029666,11.25883827772642,9.0805319774771,11.25883827772642,1.7566952404964002,4454985600.0,3896279600.0,14.493036813408462,11.978053875874158,45.93857925075018,53.38956653044593,2.7711562445766336,2.7711562445766336,10.475869319144245,42.05420026120088,40.17735751776194,46.6939060196781,0.0172496629394267,0.018730251339084,0.1560281085102452,0.1173294528336394,-6.030351110103725,5.383192539509278,0.0,1.261949067627884,0.0416127046516154,2.412377841685427,0.2847559614872731,0.0750438927859887,0.1454888021670177,0.1395588644730193,0.0363886655786453,0.1075168019828723,0.0218885862624318,11.67631097979874,0.0371327415719704,0.042065695112799,4.065859876180071,1108299000.0,1296591000.0,830909000.0,1853698000.0,278277000.0,54866000.0,178919500.0,69.07173143261214,34.03368623676612,107.87563591365324,1.302993252569699,2.6444387884958003,0.8342940390361971,0.0478015111714346,0.0947838753956915,2012-08-02,0.49,amc,331329090.0,2025-04-24,2012-06-30,0.1224489795918368,40.85387096774193,1197721.6290322582
2012-03-31,RMD,USD,943819,2012-05-01,2012-05-01 16:42:09,2012,Q3,349073000.0,138577000.0,210496000.0,0.6030142692,28398000,100958000.0,0.0,100958000.0,3592000.0,132948000.0,271525000.0,7650000.0,0.0,3592000.0,76548000.0,0.219289375,76548000.0,0.219289375,7459000.0,84007000.0,0.2406573983,19394000.0,64613000.0,0.1850988189,0.45,0.44,144024000,147157000,https://www.sec.gov/Archives/edgar/data/943819/000119312512201017/0001193125-12-201017-index.htm,https://www.sec.gov/Archives/edgar/data/943819/000119312512201017/d318698d10q.htm,2.4237141032050213,0.4486266177859245,0.5973032272399045,0.5167402655113037,5.388456090651558,11.171422818419153,8.89935010831528,11.171422818419153,1.6384908070877076,4451781840.0,3911696840.0,17.224791605404487,12.753154325885989,51.74925999116546,59.81728551657418,2.7668812202718165,2.7668812202718165,11.2059564618289,51.10122851021581,45.47109990003023,52.560321943485214,0.0145139636941418,0.0167175757201974,0.1466680505894205,0.1108498841859169,-7.055507655327376,5.14935586979909,0.0,1.3314038970485815,0.0,0.0,0.2892174416239583,0.0813526110584319,0.15371401272898,0.1348778276335061,0.0332394656705044,-0.2646247177686044,0.0225024565062322,10.6191076265799,0.0314450414207715,0.0358640327262837,3.8275218019219017,1068372000.0,1281720000.0,805961000.0,1838695000.0,255986500.0,50244500.0,183954000.0,69.8996484975922,35.54226170287998,119.16782727292409,1.287560122753696,2.532196762050945,0.7552373997209627,0.040158413577028,0.0805629617286008,2012-04-26,0.41,amc,311154347.0,2025-04-24,2012-03-31,0.1219512195121952,35.60460317460318,826754.4126984127
2011-12-31,RMD,USD,943819,2012-02-02,2012-02-01 19:59:45,2012,Q2,332738000.0,134023000.0,198715000.0,0.59721162,27218000,100552000.0,0.0,100552000.0,3691000.0,131461000.0,265484000.0,0.0,0.0,3691000.0,67254000.0,0.2021229917,67254000.0,0.2021229917,15677000.0,82931000.0,0.2492381393,20059000.0,62872000.0,0.1889534709,0.43,0.42,146369000,149515000,https://www.sec.gov/Archives/edgar/data/943819/000119312512034956/0001193125-12-034956-index.htm,https://www.sec.gov/Archives/edgar/data/943819/000119312512034956/d268359d10q.htm,2.2732819107871203,0.4295445073751955,0.7558499409027868,0.6574274607328054,4.941162404607533,10.665338972050092,8.460268226195437,10.665338972050092,1.5471172174435843,3717772600.0,3220989600.0,14.783101380582773,11.17327326605317,33.60455379497979,38.63544119633783,2.3815464343481256,2.3815464343481256,9.68025774032422,47.892907485056654,29.11418473692298,33.47282571419664,0.0169112010777636,0.0258829708949923,0.14506029498903,0.1109245360469228,-7.386668450947155,5.459727531890855,0.0,1.7596545362005345,0.0,0.0,0.3021957215587038,0.0818000949696157,0.1580982014011417,0.1302143121853335,0.0432953254512559,-0.1406272879023047,0.0221946396263727,10.152726231491789,0.0280985899941284,0.0365806260923801,3.5231896781422294,1018410000.0,1238321000.0,766364000.0,1782164000.0,247203000.0,46225500.0,186185000.0,65.14882580288395,30.7310685479358,123.84292248345432,1.3814523729453918,2.9286323012040296,0.7267270361132199,0.040274810627292,0.0984224801699813,2012-01-26,0.38,amc,287331818.0,2025-04-24,2011-12-31,0.1578947368421052,31.824444444444445,1069472.9206349207
2011-09-30,RMD,USD,943819,2011-11-03,2011-11-02 18:42:43,2012,Q1,314774000.0,129720000.0,185054000.0,0.5878948071,26206000,94203000.0,0.0,94203000.0,3771000.0,124180000.0,253900000.0,0.0,0.0,3771000.0,60874000.0,0.193389543,60874000.0,0.193389543,5623000.0,66497000.0,0.2112531531,15979000.0,50518000.0,0.1604897482,0.34,0.33,150366000,154051000,https://www.sec.gov/Archives/edgar/data/943819/000119312511293193/0001193125-11-293193-index.htm,https://www.sec.gov/Archives/edgar/data/943819/000119312511293193/d239703d10q.htm,2.093385472779751,0.3359669074125799,0.5953673037787798,0.451957224372531,4.057187130069297,10.301650639107246,8.096178657409254,10.301650639107246,0.8917906973650959,4329037140.0,3853069140.0,21.42324092402708,13.752842166125538,48.35670319359271,63.70071866860901,2.794697763357172,2.794697763357172,12.240747774593835,63.29581003384039,43.03999128715525,56.69696640621551,0.0116695695523647,0.015698410016413,0.086567748082979,0.0692892855445069,-7.818904622663206,5.063039953215131,0.0,1.772101033295063,0.0,0.0,0.2992718585397777,0.0832533817913804,0.1713581206350256,0.2408766462249924,0.0685062934041566,1.0565409113179811,0.0228894381365678,8.824557121775461,0.0269865881806254,0.0315016113100998,3.3779095673224,917085000.0,1217390000.0,756525000.0,1681400000.0,268595500.0,50941000.0,194363500.0,72.49343973771659,32.392229417206295,130.40009250693802,1.2414916484253289,2.778444139821796,0.6901835594573025,0.0326129199273346,0.1434100794062487,2011-10-24,0.35,amc,314800000.0,2025-04-24,2011-09-30,0.0,28.98483870967742,924071.4838709678
2011-06-30,RMD,USD,943819,2011-08-17,2011-08-16 20:19:34,2011,Q4,341893000.0,143021000.0,198872000.0,0.5816790633,26976000,103329000.0,-1000000.0,102329000.0,2870000.0,132175000.0,275196000.0,0.0,0.0,2870000.0,85205000.0,0.2492153978,66697000.0,0.1950815021,10512000.0,77209000.0,0.2258279637,18737000.0,58472000.0,0.1710242678,0.38,0.37,152653000,156723000,https://www.sec.gov/Archives/edgar/data/943819/000119312511224622/0001193125-11-224622-index.htm,https://www.sec.gov/Archives/edgar/data/943819/000119312511224622/d10k.htm,2.2396742939870165,0.3830386562989263,0.4869082166744184,0.350382894538594,4.816590568151297,11.337720188925209,9.481235219746743,11.337720188925209,0.6561482578134724,4724610350.0,4089506350.0,20.20031104631277,13.818973626251488,63.56434116349155,88.33193766709668,2.7298257043097824,2.7298257043097824,11.961363204277362,47.9960841499912,55.0197280970832,76.45794959522874,0.0123760470532771,0.0113209335876767,0.0578730332800419,0.0484131349562719,-7.453834868845725,6.188718636276575,0.0,1.2711725270214804,0.0166564000351902,1.345857846490628,0.3022261350773487,0.0789018786579427,0.1369785811161561,0.2803923151436874,0.0609576680423407,-0.6317751909785376,0.0222672005568993,9.884971669146564,0.0271528971999212,0.0327478096065916,4.652414299096644,1083612000.0,1447339000.0,954267000.0,1829117000.0,271443500.0,53782000.0,202888500.0,74.66704495266063,34.7323819578943,126.34459275211331,1.205351036150695,2.5912418016451064,0.712337568546198,0.0337844513637831,0.1365253221358243,2011-08-04,0.36,amc,315600000.0,2025-04-24,2011-06-30,0.0833333333333334,27.237142857142857,1163772.2063492064
2011-03-31,RMD,USD,943819,2011-05-03,2011-05-03 11:10:05,2011,Q3,901255000.0,358800000.0,542455000.0,0.6018884777,65032000,92549000.0,176371000.0,268920000.0,2673000.0,341228000.0,700028000.0,0.0,0.0,7276000.0,63962000.0,0.0709699253,200227000.0,0.2221646482,7061000.0,226498000.0,0.251314001,57984000.0,168514000.0,0.1869770487,1.11,1.07,152407000,157356000,https://www.sec.gov/Archives/edgar/data/943819/000119312511123186/0001193125-11-123186-index.htm,https://www.sec.gov/Archives/edgar/data/943819/000119312511123186/d10q.htm,5.913475102849606,1.105684122120375,0.5341486939576267,0.4272179099385199,4.407304126450885,10.914131240691043,9.076348199229692,10.914131240691043,0.5264521970775621,4572210000.0,3980741000.0,6.783130778451642,5.073159094817782,56.164136202830186,70.22177512248314,2.748730003186264,2.748730003186264,4.416886452779735,62.23603076826866,48.89864632468554,61.13776474021287,0.0368561374040125,0.0142405969979506,0.0482358316450141,0.040891181601491,-9.247193646227448,6.2844318104624,0.0,1.5259231490159326,0.0,0.0,0.1026890280775141,0.0721571586288009,0.1427463319741162,0.2001891705974842,0.0180825626487509,0.0,0.0074263110884266,16.477881734019267,0.0841143426063596,0.1001826323311542,4.395242672580656,1011287000.0,1383299000.0,903889000.0,1739047000.0,249950500.0,48349500.0,209943000.0,25.888000621355776,13.13628762541806,51.42140468227425,3.4765141316381283,6.8512507160588125,1.7502439024390244,0.1013075706839646,0.1069307840191067,2011-04-28,0.35,bmo,313300000.0,2025-04-24,2011-03-31,0.0,29.76546875,1208550.78125
2010-12-31,RMD,USD,943819,2011-02-03,2011-02-03 17:24:11,2011,Q2,305986000.0,119987000.0,185999000.0,0.6078676802,21972000,91581000.0,0.0,91581000.0,2573000.0,116126000.0,236113000.0,0.0,0.0,2573000.0,69873000.0,0.2283535848,69873000.0,0.2283535848,9048000.0,78921000.0,0.2579235651,20465000.0,58456000.0,0.1910414202,0.38,0.37,152420000,157593000,https://www.sec.gov/Archives/edgar/data/943819/000119312511023363/0001193125-11-023363-index.htm,https://www.sec.gov/Archives/edgar/data/943819/000119312511023363/d10q.htm,2.007518698333552,0.3835192231990552,0.4481760923763285,0.3099986878362419,4.042783099330796,10.568180028867603,8.797762760792548,10.568180028867603,0.4222411756987272,5279828800.0,4727985800.0,22.580354454632545,17.255131934140778,77.29104829383262,111.74240846560846,3.2777639958231983,3.2777639958231983,15.45164092474819,67.66541868819144,69.2126568195459,100.06319153439154,0.0110715711085177,0.0089491538058961,0.0399540104867016,0.0341564718601048,-7.897800294820603,4.644327472099663,0.0,1.168588339947995,0.0,0.0,0.2992980070983639,0.0718072068656735,0.1432148522644226,0.3083105209995462,0.068829946468139,1.2141704139282832,0.0266450099024138,9.549594462291534,0.0304083053783601,0.0362099253947684,4.138105235533395,898662000.0,1340955000.0,871845000.0,1609558000.0,239330500.0,43700000.0,214547000.0,70.78559149765022,33.25035212147982,161.1819613791494,1.271445192387601,2.7067382526111574,0.5583751384455014,0.0362899971566958,0.1381774045400866,2011-01-27,0.36,amc,289894736.0,2025-04-24,2010-12-31,0.0555555555555556,31.56047619047619,985029.1428571428
2010-09-30,RMD,USD,943819,2010-11-03,2010-11-03 09:21:41,2011,Q1,282012000.0,108058000.0,173954000.0,0.6168319079,19739000,84791000.0,0.0,84791000.0,2030000.0,106560000.0,214618000.0,0.0,0.0,2030000.0,83036000.0,0.2944413713,66394000.0,0.235429698,10160000.0,76554000.0,0.2714565338,19846000.0,56708000.0,0.2010836418,0.37,0.36,151474000,156752000,https://www.sec.gov/Archives/edgar/data/943819/000119312510245458/0001193125-10-245458-index.htm,https://www.sec.gov/Archives/edgar/data/943819/000119312510245458/d10q.htm,1.8617848607681848,0.3743744801087975,0.390449846178222,0.2795595283679047,3.564994652547632,9.749825052484256,7.952077584271888,9.749825052484256,0.6192481878078085,4969861940.0,4523657940.0,21.9098801756366,17.62287399117768,84.03127910319058,117.36319699617437,3.3651885878342007,3.3651885878342007,16.040657631590147,54.47827376077846,76.486785249311,106.82609786048268,0.0114103773273025,0.008520558621393,0.0635137742958807,0.0523370326353202,-5.373621080013488,3.7319420917520914,0.0,1.0429392678281724,0.0,0.0,0.3006645107300398,0.0699934754549451,0.1519403201598009,0.2840065603706271,0.0595612952640313,1.0738396624472577,0.0296086691346467,9.062390849905409,0.0307441620028404,0.0373099075081682,3.3683916051599616,782196000.0,1204533000.0,753126000.0,1478448000.0,235114500.0,50303000.0,199925000.0,75.95453384962343,35.873234744303986,178.41085343056506,1.1849193910949951,2.508834250423719,0.5044536151777711,0.0383980715647207,0.1108903178103172,2010-10-28,0.32,amc,243891891.0,2025-04-24,2010-09-30,0.1562499999999999,31.85983870967742,1220305.8709677418
2010-06-30,RMD,USD,943819,2010-08-17,2010-08-17 06:01:40,2010,Q4,291572000.0,117055000.0,174517000.0,0.5985382684,19950000,86874000.0,0.0,86874000.0,2074000.0,108898000.0,225953000.0,0.0,10058000.0,15473000.0,81092000.0,0.2781199841,68619000.0,0.235341528,3309000.0,71928000.0,0.2466903544,18762000.0,53166000.0,0.1823426118,0.35,0.35,151474000,151474000,https://www.sec.gov/Archives/edgar/data/943819/000119312510190619/0001193125-10-190619-index.htm,https://www.sec.gov/Archives/edgar/data/943819/000119312510190619/d10k.htm,1.924898002297424,0.3509909291363534,0.3892549216367165,0.2728653102182553,3.226797998336348,8.500046212551329,6.984604618614416,8.500046212551329,0.8697664285619975,4606324340.0,4239237340.0,21.660103919798367,15.79823968007902,78.12361080017638,111.4469258685764,3.5776276080824148,3.5776276080824148,14.539247047041554,52.27688723918512,71.8977873884875,102.56550227426692,0.0115419575513434,0.0089728809673875,0.094513085459358,0.0748212152383458,-4.526796724707739,3.151356693276021,6.822330483197455,1.109017040966031,0.0,0.0,0.2979504204793327,0.068422207893762,0.1411402013161608,0.2990061395475051,0.0604653396073697,1.139404123311575,0.0270396334353092,8.193130058257344,0.0353348465205044,0.0380614340725934,2.752333733842112,672669000.0,1057986000.0,646480000.0,1289367000.0,231663500.0,54695500.0,191727000.0,71.68219170565075,44.23689718508394,142.73444107470849,1.2555419673768882,2.034500738680803,0.6305415800303811,0.0412928259870015,0.1163896114184612,2010-08-05,0.33,amc,274937142.0,2025-04-24,2010-06-30,0.0606060606060604,33.019375,995835.09375
2010-03-31,RMD,USD,943819,2010-05-04,2010-05-04 06:20:12,2010,Q3,278659000.0,112076000.0,166583000.0,0.5978023319,18279000,84133000.0,0.0,84133000.0,1992000.0,104404000.0,216480000.0,0.0,0.0,1992000.0,62784000.0,0.2253076341,61179000.0,0.2195479062,6479000.0,67658000.0,0.2427985459,18824000.0,48834000.0,0.1752464482,0.33,0.32,150876000,155660000,https://www.sec.gov/Archives/edgar/data/943819/000119312510105302/0001193125-10-105302-index.htm,https://www.sec.gov/Archives/edgar/data/943819/000119312510105302/d10q.htm,1.846940533948408,0.3236697685516583,0.3548742013308942,0.269817598557756,3.4772064476788884,8.829972957925714,7.163107452477531,8.829972957925714,0.952417879583234,4800874320.0,4423635320.0,24.577519351271658,17.228491884346102,89.66557693026036,117.93152177651132,3.60363504527368,3.60363504527368,15.874726170696084,70.45800395005097,82.6199118449068,108.66479943010144,0.010171897188927,0.0084794971262651,0.1078619248463667,0.0838619802578824,-6.00852127930683,3.17052741707182,0.0,1.096408240160544,0.0,0.0,0.3019209858644436,0.0655963022906132,0.1467702834092211,0.2396809980949535,0.0460527024068844,0.7962894018366841,0.0288452911982028,8.019033254152735,0.0293846299228012,0.0334020973950823,2.7545418091677933,705378000.0,1080741000.0,649095000.0,1361966000.0,223404000.0,49236500.0,190341000.0,74.63929031540341,41.64174310289446,158.84828152325207,1.2057992462104985,2.1612928108608456,0.5665783673386852,0.0366558051869383,0.0850566027731382,2010-04-29,0.28,amc,243862500.0,2025-04-24,2010-03-31,0.1428571428571427,32.1484375,906032.5625
2009-12-31,RMD,USD,943819,2010-02-05,2010-02-05 06:02:35,2010,Q2,275134000.0,110929000.0,164205000.0,0.5968182776,19059000,84094000.0,0.0,84094000.0,2130000.0,105283000.0,216212000.0,0.0,0.0,2130000.0,60043000.0,0.2182318434,57922000.0,0.2105228725,5175000.0,63097000.0,0.2293318892,17114000.0,45983000.0,0.1671294715,0.31,0.3,150246000,154068000,https://www.sec.gov/Archives/edgar/data/943819/000119312510022556/0001193125-10-022556-index.htm,https://www.sec.gov/Archives/edgar/data/943819/000119312510022556/d10q.htm,1.831223460191952,0.3060514090225363,0.0769937302823369,-0.0279807781904343,3.029544879730575,8.369733636835589,6.608754975174048,8.369733636835589,0.9659092421761644,3927430440.0,3621123440.0,21.35262183850553,14.274609608408994,339.50816390041496,-934.2127592768792,3.123157932404998,3.123157932404998,13.161308453335463,60.308836000866044,313.0293430152144,-861.3519124643196,0.0117081640789034,-0.0010704199766807,0.115405015749265,0.0895136468774094,-5.101460619889079,3.855194311338672,0.0,0.2515712328469217,0.0,0.0,0.3056474299795736,0.0692717003351094,0.1631950655358519,1.3634163208852006,0.0573247944637885,1.011025641025641,0.0264925454505804,7.591791447720301,0.0294947802405237,0.0338940199164129,2.2939895238475567,687014000.0,992939000.0,563902000.0,1354802000.0,214766000.0,46952000.0,178989000.0,70.56129013498877,37.82175986441778,148.3678749470382,1.2754868827911676,2.3795825557200163,0.6066003171651994,0.0365664455169265,0.1049745084727713,2010-02-04,0.27,amc,239603225.0,2025-04-24,2009-12-31,0.148148148148148,31.91190476190476,1333532.6666666667
2009-09-30,RMD,USD,943819,2009-11-06,2009-11-06 06:06:51,2010,Q1,246992000.0,96814000.0,150178000.0,0.6080277904,17914000,76756000.0,0.0,76756000.0,1845000.0,96515000.0,193329000.0,0.0,0.0,14374000.0,67757000.0,0.2743287232,52663000.0,0.2132174321,5243000.0,57906000.0,0.2344448403,15804000.0,42102000.0,0.1704589622,0.28,0.27,150788000,153524000,https://www.sec.gov/Archives/edgar/data/943819/000119312509226367/0001193125-09-226367-index.htm,https://www.sec.gov/Archives/edgar/data/943819/000119312509226367/d10q.htm,1.638008329575298,0.2792131999893891,0.4253720455208637,0.3232021115738653,3.197217285195108,7.97759768681858,6.275758017879407,7.97759768681858,1.083567657903812,3407808800.0,3093373800.0,20.235432996057195,13.79724363542139,53.12996055565084,69.92528572894224,2.832933031624556,2.832933031624556,12.524186208460192,45.65393686261198,48.22771394271994,63.47335180055401,0.0123545663712119,0.0143009783882241,0.1358263101803436,0.1008489410765516,-4.640627536638281,3.2152680844075867,0.0,1.5234668186784477,0.0,0.0,0.3107631016389194,0.072528664896029,0.1583922584276875,0.240189582326437,0.0623744898620198,1.071796298872965,0.0264097622595063,7.079381188578751,0.0274256563996554,0.0308774575198438,2.074523503196541,647514000.0,946309000.0,522600000.0,1301506000.0,213993000.0,47790000.0,166269500.0,77.91373809678046,43.95882826863884,162.7834817278493,1.1551236302923449,2.047370313193901,0.5528816501816022,0.0349996591644041,0.1021699339469984,2009-11-05,0.25,amc,220535714.0,2025-04-24,2009-09-30,0.1200000000000001,28.29786885245902,1200542.262295082
2009-06-30,RMD,USD,943819,2009-08-21,2009-08-21 06:09:02,2009,Q4,251959000.0,95251000.0,156708000.0,0.6219583345,16967000,77586000.0,0.0,77586000.0,1756000.0,96309000.0,191560000.0,0.0,5174000.0,14898000.0,75297000.0,0.2988462409,57899000.0,0.2297953238,4482000.0,62381000.0,0.2475839323,17011000.0,45370000.0,0.1800689795,0.3,0.3,150682000,150788000,https://www.sec.gov/Archives/edgar/data/943819/000119312509179280/0001193125-09-179280-index.htm,https://www.sec.gov/Archives/edgar/data/943819/000119312509179280/d10k.htm,1.672124075868385,0.3010976759002402,0.466080885573592,0.2645505103462922,2.7584582100051764,7.400963618746765,5.753839211053743,7.400963618746765,1.1076970042871743,3067885520.0,2813971520.0,16.90481331276174,12.176129925900645,43.68340481275808,76.96072849509571,2.750993120467148,2.750993120467148,11.168370726983358,37.37162861734199,40.067941335611565,70.59106238868124,0.0147886874214263,0.012993639997362,0.145029734790063,0.1072542653425006,-3.372166221761823,3.1708807134894093,11.190374951681484,1.5479391668503415,0.0,0.0,0.3079310522743779,0.0673403212427418,0.1645870469399881,0.4323935640039869,0.1205235772486793,2.0383272922539937,0.025523993983148,7.080910341411255,0.0322334667052175,0.0360143390571022,1.74016637687315,584184000.0,867000000.0,460508000.0,1209989000.0,206629500.0,49764000.0,152552500.0,76.49923201790767,45.6307020398736,148.75213908515394,1.1764823989204485,1.9723562421054808,0.6050333161829627,0.0406835773570829,0.2015303752272998,2009-08-06,0.27,amc,219483870.0,2025-04-24,2009-06-30,0.148148148148148,24.92640625,1310651.25
2009-03-31,RMD,USD,943819,2009-05-08,2009-05-07 21:02:03,2009,Q3,227865000.0,88922000.0,138943000.0,0.609760165,13882000,70866000.0,0.0,70866000.0,1677000.0,86425000.0,175347000.0,0.0,2218000.0,12936000.0,52518000.0,0.2304785728,52518000.0,0.2304785728,1076000.0,53594000.0,0.2352006671,14396000.0,39198000.0,0.1720229083,0.26,0.26,151642000,154510000,https://www.sec.gov/Archives/edgar/data/943819/000119312509103894/0001193125-09-103894-index.htm,https://www.sec.gov/Archives/edgar/data/943819/000119312509103894/d10q.htm,1.5026509805990425,0.2584903918439482,0.2917925113095316,0.1617230054997955,2.156869468880653,6.411930731591512,4.8546247081943,6.411930731591512,1.0669735297608842,2679514140.0000005,2512022140.0000005,17.089610056635546,11.759217694687646,60.556728891701326,109.26089300277282,2.755800201168753,2.755800201168753,11.02416843306344,47.83164134201608,56.77142786114628,102.43117517533848,0.0146287714682483,0.0091524055178152,0.1641232600856921,0.1203706008497901,-3.18923035911497,3.1853608382735765,23.678088367899008,1.128804306232302,0.0,0.0,0.3109999341715489,0.060922037171132,0.1781293301320999,0.4457602603507503,0.086560024575955,1.5247371675943104,0.0,6.106718100904955,0.0330065647727637,0.0359751318390654,1.2978594320834598,499497000.0,736165000.0,374641000.0,1070396000.0,193463500.0,52845500.0,145369000.0,78.63708774932525,51.85612109489215,149.46424956703626,1.144498131554627,1.7355713867473408,0.6021506832617793,0.0403139713550505,0.130069505809736,2009-05-07,0.23,amc,201603846.0,2025-04-24,2009-03-31,0.1304347826086956,21.6575,1032244.53125
2008-12-31,RMD,USD,943819,2009-02-06,2009-02-06 06:08:14,2009,Q2,222980000.0,91955000.0,131025000.0,0.5876087541,14915000,70086000.0,0.0,70086000.0,2694000.0,87695000.0,179650000.0,0.0,2666000.0,11771000.0,56101000.0,0.2515965557,43330000.0,0.1943223607,3651000.0,46981000.0,0.2106960265,13128000.0,33853000.0,0.1518207911,0.23,0.22,151484000,154716000,https://www.sec.gov/Archives/edgar/data/943819/000119312509020516/0001193125-09-020516-index.htm,https://www.sec.gov/Archives/edgar/data/943819/000119312509020516/d10q.htm,1.4719706371630008,0.2234757466135037,0.3729304745055583,0.17709461065195,2.11563597475641,6.360889598901534,4.724974254706768,6.360889598901534,1.0269665443215126,2838810160.0,2671228160.0,20.96424364162704,12.731232218136157,50.25065335528295,105.81914340030566,2.946128793563124,2.946128793563124,11.979676024755584,47.6146264772464,47.28423273679925,99.57237708278971,0.0119250665215316,0.0094500859472758,0.1586833587076433,0.1169763022443096,-2.9871481791768417,3.1591533170544093,16.252813203300825,1.6687738162053585,0.0,0.0,0.3143151852184052,0.0668894071217149,0.1895874007748284,0.5251270068858088,0.1330433222710557,2.5202616600118937,0.0,5.655426811957987,0.0271242952366653,0.0319575045335986,1.2498696231945288,482791000.0,715758000.0,362838000.0,1058716000.0,187810500.0,51468000.0,144329500.0,75.8130325589739,53.29824370616062,140.02240226197597,1.1871309847682223,1.688610988688115,0.6427542917854946,0.0351327818442401,0.1958358638536083,2009-02-05,0.21,bmo,203608695.0,2025-04-24,2008-12-31,0.0952380952380953,19.025396825396825,1387349.5873015872
2008-09-30,RMD,USD,943819,2008-11-07,2008-11-06 20:42:58,2009,Q1,217931000.0,90804000.0,127127000.0,0.58333601,17293000,71337000.0,0.0,71337000.0,1933000.0,90563000.0,181367000.0,0.0,0.0,14358000.0,50922000.0,0.2336611129,36564000.0,0.1677778746,2163000.0,38727000.0,0.1777030344,10701000.0,28026000.0,0.1286003368,0.19,0.18,151226000,154360000,https://www.sec.gov/Archives/edgar/data/943819/000119312508228366/0001193125-08-228366-index.htm,https://www.sec.gov/Archives/edgar/data/943819/000119312508228366/d10q.htm,1.441094785288244,0.1853252747543411,0.4490365413354846,0.2211458347109624,1.997500429820269,6.442337957758586,4.77196381574597,6.442337957758586,0.959669633528626,3251359000.0,3094412000.0,29.003059658888176,14.919212961900785,47.88029040143728,97.22091319558652,3.3372977544754985,3.3372977544754985,14.199044651747572,60.76768390872314,45.5690513356699,92.52794306730856,0.0086197802211321,0.010285852777254,0.1489629447913213,0.1122668343780483,-3.082105965987196,3.903465796712665,0.0,2.422964390209092,0.0,0.0,0.3273375517939164,0.0793508036947474,0.195408514137497,0.5075103819986452,0.158137208566014,2.4002646608162697,0.0256044344310814,5.1829895978907246,0.0229415375697021,0.0269456673585919,1.3044450028434265,510859000.0,721645000.0,368359000.0,1092594000.0,198552500.0,52394000.0,151923000.0,77.55252809375445,48.05074666314259,144.30586758292586,1.160503754193514,1.873019801980198,0.6236752635736117,0.0287667731760566,0.2278907066245222,2008-11-06,0.19,bmo,217900000.0,2025-04-24,2008-09-30,0.0,18.910819672131147,1989774.6557377048
2008-06-30,RMD,USD,943819,2008-08-28,2008-08-27 19:37:19,2008,Q4,235151000.0,101067000.0,134084000.0,0.5702038265,17589000,77443000.0,0.0,77443000.0,4066000.0,99098000.0,200165000.0,0.0,3122000.0,16551000.0,51537000.0,0.2191655575,36986000.0,0.1572861693,4648000.0,41633000.0,0.1770479394,11999000.0,29634000.0,0.1260211524,0.2,0.2,151226000,151226000,https://www.sec.gov/Archives/edgar/data/943819/000119312508185614/0001193125-08-185614-index.htm,https://www.sec.gov/Archives/edgar/data/943819/000119312508185614/d10k.htm,1.5549640934759896,0.1959583669474826,0.3759406451271607,0.2900823932392578,2.123166651237221,7.153366484599209,5.29245632364805,7.153366484599209,0.9308981259836272,2702408620.0,2518984620.0,22.7982099952757,11.492226781940117,47.53409941602758,61.60318728914015,2.4981244898430823,2.4981244898430823,10.71220033085124,48.877207055125446,44.30775733483431,57.42191620315492,0.0109657731923605,0.016232926314452,0.1272482725150794,0.097904694167852,-3.5590740632943323,3.838353418867768,11.846893017296605,1.918472025376257,0.0,0.0,0.3293330668379041,0.0747987463374597,0.2001550497866287,0.2283824667557869,0.0552155848795029,0.784484321189052,0.0,5.616016855942083,0.020939229245349,0.0263511242399398,1.5405072540436169,546647000.0,800357000.0,415015000.0,1185122000.0,194592000.0,45802000.0,163869500.0,80.11171545092301,50.14218290836772,140.92225949122857,1.1234311922222489,1.7948959295304396,0.6386499927330633,0.0273938665619005,0.0858582518879028,2008-08-05,0.19,bmo,212800000.0,2025-04-24,2008-06-30,0.1052631578947368,17.779375,1499619.9375
2008-03-31,RMD,USD,943819,2008-05-08,2008-05-07 21:35:00,2008,Q3,211827000.0,85269000.0,126558000.0,0.5974592474,15003000,70118000.0,0.0,70118000.0,1987000.0,87108000.0,172377000.0,0.0,2268000.0,14736000.0,54186000.0,0.2558030846,37388000.0,0.1765025233,6175000.0,43563000.0,0.2056536702,13879000.0,29684000.0,0.1401332219,0.19,0.19,155032000,157210000,https://www.sec.gov/Archives/edgar/data/943819/000119312508106378/0001193125-08-106378-index.htm,https://www.sec.gov/Archives/edgar/data/943819/000119312508106378/d10q.htm,1.3663437225863049,0.191470148098457,0.2188838433355694,0.0926969915888332,1.983422777233088,6.897266370813767,5.06205815573559,6.897266370813767,0.8674080189896279,3269624880.0,3094338880.0,27.5369296590756,15.4353546998258,96.35247480403136,227.51547421891308,3.0577331461698667,3.0577331461698667,14.607858677128034,57.1058738419518,91.18697707314196,215.31827151903136,0.0090787173114488,0.0043953054333254,0.123640111213255,0.0968002214116162,-3.234894622227144,5.060088524843955,16.485008818342152,1.1432132870666711,0.0,0.0,0.3310154040797443,0.0708266651559999,0.208317286360488,0.5765014439794895,0.0923536659632624,1.3275651465798046,0.0,5.451051623642904,0.0205468861076978,0.0274530041636378,1.4877880050570205,576967000.0,784781000.0,422589000.0,1196612000.0,175321000.0,39581000.0,167945000.0,76.42184424081915,37.2543362769588,178.8917426028217,1.177673751452446,2.41582615593835,0.5030975644293402,0.0277602948479234,0.1261868517467361,2008-05-01,0.19,bmo,201210000.0,2025-04-24,2008-03-31,0.0526315789473684,21.04453125,1762335.84375
2007-12-31,RMD,USD,943819,2008-02-08,2008-02-08 15:34:42,2008,Q2,202679000.0,81348000.0,121331000.0,0.5986362672,14919000,67644000.0,0.0,67644000.0,1917000.0,84480000.0,165828000.0,0.0,2354000.0,13808000.0,50659000.0,0.2499469605,36833000.0,0.181730717,2014000.0,38847000.0,0.1916676123,11986000.0,26861000.0,0.1325297638,0.18,0.17,154890000,157198000,https://www.sec.gov/Archives/edgar/data/943819/000119312508024227/0001193125-08-024227-index.htm,https://www.sec.gov/Archives/edgar/data/943819/000119312508024227/d10q.htm,1.3085350894182968,0.1734198463425657,0.1221641164697527,-0.0383691652140228,1.862631544967396,6.551430047130221,4.821111756730583,6.551430047130221,0.8714765317321971,4068960300.0,3923086300.0,37.87052138788578,20.075885020155024,215.0385952859106,-684.6643614336194,4.0098115695377485,4.0098115695377485,19.356155793150744,77.44105292248169,207.3293679315083,-660.1188457008245,0.0066014406677794,-0.0014605696693575,0.1307010291194588,0.1005238070334604,-2.87952782328905,4.240917782026768,15.646983857264232,0.7044413834183388,0.0,0.0,0.3337494264329309,0.0736090073465924,0.2031326859075368,1.314078850015855,0.1226816789109873,1.8007676709154117,0.0,5.056019167506319,0.0215319018089181,0.0255485699610983,1.259963522499839,527145000.0,746742000.0,385170000.0,1132220000.0,168594500.0,46008000.0,166737000.0,75.83207929780589,48.53149432069627,184.10016226582093,1.1868328131496195,1.85446587334154,0.488864316534657,0.0264705331652789,0.1605332816837756,2008-02-07,0.19,bmo,213961111.0,2025-04-24,2007-12-31,-0.0526315789473684,20.16765625,1434803.15625
2007-09-30,RMD,USD,943819,2007-11-09,2007-11-09 14:04:51,2008,Q1,185740000.0,73963000.0,111777000.0,0.6017928287,13013000,62882000.0,0.0,62882000.0,1821000.0,77716000.0,151679000.0,0.0,2314000.0,14390000.0,48451000.0,0.2608538818,31764000.0,0.1710132443,2048000.0,33812000.0,0.1820394099,9687000.0,24125000.0,0.129885862,0.16,0.16,155138000,157882000,https://www.sec.gov/Archives/edgar/data/943819/000119312507242056/0001193125-07-242056-index.htm,https://www.sec.gov/Archives/edgar/data/943819/000119312507242056/d10q.htm,1.197256636027279,0.1555067101548299,0.1813095437610385,0.062918176075494,1.7904317446402558,6.329751576016192,4.628685428457245,6.329751576016192,0.7620892366796014,3323055960.0000005,3187656960.0000005,34.435813056994824,17.89090104447077,118.14049914675768,340.4421637127344,3.384019063427649,3.384019063427649,17.161930440400564,65.79135538998165,113.32682593856656,326.5707366048561,0.0072598837607296,0.0029373564927868,0.1180415179457934,0.0900070893734717,-2.7945553239355223,3.713692648268476,13.726879861711325,1.1659274611398964,0.0,0.0,0.3385485086680306,0.0700602993431678,0.2049162824971677,0.6529792377701934,0.0988855389253795,1.2763724808895065,0.0244750726822439,4.706078408067764,0.0200196131900133,0.0235608818068974,1.1618945712849205,491561000.0,718085000.0,366844000.0,1083540000.0,171094500.0,50594500.0,162138000.0,80.63658878001507,58.59010586374268,203.2973243378446,1.116118642438227,1.5360955347871237,0.4427013503160314,0.024567585044578,0.1183913676855444,2007-11-01,0.17,bmo,185700000.0,2025-04-24,2007-09-30,0.0,21.98016393442623,1425588.0327868853
2007-06-30,RMD,USD,943819,2007-08-28,2007-08-27 21:24:46,2007,Q4,191309000.0,74103000.0,117206000.0,0.6126528287,14164000,65211000.0,0.0,65211000.0,1783000.0,81158000.0,155261000.0,0.0,0.0,13137000.0,49185000.0,0.257097157,36048000.0,0.188428145,4394000.0,40442000.0,0.2113962229,12769000.0,27673000.0,0.1446508005,0.18,0.18,155104000,155138000,https://www.sec.gov/Archives/edgar/data/943819/000119312507190078/0001193125-07-190078-index.htm,https://www.sec.gov/Archives/edgar/data/943819/000119312507190078/d10k.htm,1.2334240251702084,0.1784157726428718,0.174760160924283,0.0797980709717351,1.7906823808541366,6.003855477615019,4.370415978956055,6.003855477615019,0.7478723952960594,3199795520.0,3058001520.0,28.90719762945832,16.72579711357019,118.04749944661698,258.52755271875253,3.4361253492722468,3.4361253492722468,15.98461922857785,62.17345776151266,112.8164066996237,247.07130322372143,0.0086483651305318,0.0038680596690128,0.1245653560590278,0.0926470517762183,-2.882870793941242,3.304293908687124,0.0,0.9795107144147726,0.0,0.0,0.340867392542954,0.0740372904568002,0.2023518380373821,0.5433852283627241,0.0769906277279166,1.1211844408921368,0.0,4.909338709254384,0.0228818146505655,0.027709326927602,1.0789776537033215,466396000.0,677869000.0,347979000.0,1030329000.0,164418000.0,48574000.0,157059500.0,82.69119591864471,64.41723007165702,190.9283024978746,1.0883867260614544,1.3971417258998096,0.4713811353400677,0.0297168666547826,0.0949620899525479,2007-08-07,0.2,bmo,182190476.0,2025-04-24,2007-06-30,0.0499999999999999,22.1525,1582617.28125
2007-03-31,RMD,USD,943819,2007-05-08,2007-05-07 21:48:29,2007,Q3,182990000.0,128758000.0,54232000.0,0.2963659216,13059000,61335000.0,0.0,61335000.0,1730000.0,76124000.0,204882000.0,0.0,1608000.0,12258000.0,-9634000.0,-0.0526476857,-21892000.0,-0.1196349527,939000.0,-20953000.0,-0.1145035248,-5588000.0,-15365000.0,-0.083966337,-0.0997,-0.0997,154070000,154070000,https://www.sec.gov/Archives/edgar/data/943819/000119312507104750/0001193125-07-104750-index.htm,https://www.sec.gov/Archives/edgar/data/943819/000119312507104750/d10q.htm,1.1877068864801714,-0.0997273966378918,0.1317907444668008,0.0297786720321931,1.6879080937236322,5.663036282209386,4.031609008892062,5.663036282209386,0.7540663334847797,3881023300.0,3755488300.0,-63.147141230068335,21.20893655391005,191.1363358778626,845.9074324324324,4.448143848051126,4.448143848051126,20.5229154598612,-389.8160992318871,184.95386850529425,818.5458369659982,-0.0039590074092057,0.0011821624466928,0.1313128650413064,0.0961322564242838,13.030413120199292,3.1764199698571947,-13.614427860696518,-1.321509925154572,0.0,0.0,0.3351822503961965,0.071364555440188,0.2109017742820559,0.7740458015267175,0.0858899393409475,1.28218306412139,0.0,,-0.0159033530262024,-0.0163378885897419,0.8697913286168625,437554000.0,621150000.0,319295000.0,981614000.0,148329500.0,44797000.0,149395500.0,75.28099896169189,30.83155998073906,109.6813401885708,1.1955207986254026,2.919086807680972,0.8205589013159991,-0.0176102344516472,0.1020120724346076,2007-04-23,0.21,bmo,213500000.0,2025-04-24,2007-03-31,-0.1428571428571428,21.22285714285714,1506248.253968254
2006-12-31,RMD,USD,943819,2007-02-08,2007-02-07 21:33:33,2007,Q2,178428000.0,66670000.0,111758000.0,0.6263478826,12028000,57336000.0,0.0,57336000.0,1702000.0,71066000.0,137736000.0,0.0,1486000.0,12039000.0,40692000.0,0.2280583765,40692000.0,0.2280583765,1553000.0,42245000.0,0.2367621674,13250000.0,28995000.0,0.162502522,0.19,0.19,152716000,156284000,https://www.sec.gov/Archives/edgar/data/943819/000119312507022934/0001193125-07-022934-index.htm,https://www.sec.gov/Archives/edgar/data/943819/000119312507022934/d10q.htm,1.1683648078786768,0.1898622279263469,0.1150043217475575,-0.0091738914062704,1.6672647266822076,5.571256449880824,3.932194400062862,5.571256449880824,0.8842164540716101,3758340760.0,3659220760.0,32.40507639248146,21.06362656085368,213.99195809371977,-2682.6129621698788,4.417315954020827,4.417315954020827,20.508108368641693,89.92481962056424,208.3482753515914,-2611.8634975017844,0.0077148406308958,-0.0003727708820101,0.1569638701487976,0.117939633079052,-2.4358596284281924,3.610340255756976,27.383580080753703,0.6057251250215554,0.0,0.0,0.3213397000470778,0.0674109444705987,0.2210560060476428,1.0797699709616808,0.1062837671217521,1.5752138881966942,0.0,4.878509110709601,0.0277323322498056,0.0328729942598389,0.993550119175463,427237000.0,600509000.0,309386000.0,959831000.0,136754000.0,40332500.0,132420500.0,72.43056022597351,61.4016799160042,191.52302384880755,1.2425694309033677,1.4657579421787403,0.469917392652739,0.0340788886015843,0.124178213153828,2007-02-06,0.2,bmo,178400000.0,2025-04-24,2006-12-31,0.0,22.53015873015873,1554894.7301587302
2006-09-30,RMD,USD,943819,2006-11-08,2006-11-08 16:47:36,2007,Q1,163605000.0,62309000.0,101296000.0,0.6191497815,10855000,53444000.0,0.0,53444000.0,1681000.0,65980000.0,128289000.0,0.0,1497000.0,10707000.0,35316000.0,0.2158613734,35316000.0,0.2158613734,923000.0,36239000.0,0.2215030103,11240000.0,24999000.0,0.1528009535,0.17,0.16,151794000,156112000,https://www.sec.gov/Archives/edgar/data/943819/000119312506228454/0001193125-06-228454-index.htm,https://www.sec.gov/Archives/edgar/data/943819/000119312506228454/d10q.htm,1.0778093995810112,0.1646903039645836,0.172154367102784,-0.0132679816066511,1.4569416445972831,5.082282567163393,3.495171087131244,5.082282567163393,0.8024427842997747,3055613220.0,2974767220.0,30.55735449417977,18.676771614559456,116.92994106842184,-1517.186305858987,3.9608187333108646,3.9608187333108646,18.18261801289692,84.232846868275,113.83618628501456,-1477.044299900695,0.0081813365109082,-0.0006591148339121,0.155949757602468,0.1166906561345789,-2.2892173519084835,4.271356825360174,23.59118236472946,1.0453218128725148,0.0,0.0,0.3266648329818771,0.0663488279698053,0.2336684099444427,1.0770702586866676,0.1720363069588338,2.6287475483328664,0.0221509122581828,4.339649740295981,0.0266379033323834,0.0316405389738436,0.7939938337483695,396688000.0,530546000.0,258401000.0,902680000.0,134029500.0,40112500.0,119579500.0,71.46529751535711,50.81448907862428,177.61238344380425,1.2593524847589137,1.771148379761228,0.5067214247956736,0.0324047909159256,0.1854223487094351,2006-11-08,0.16,bmo,153976470.0,2025-04-24,2006-09-30,0.0625,24.95,1115543.245901639
2006-06-30,RMD,USD,943819,2006-09-12,2006-09-12 16:03:27,2006,Q4,171172000.0,66988000.0,104184000.0,0.6086509476,11061000,52930000.0,0.0,52930000.0,2426000.0,66417000.0,133405000.0,0.0,1791000.0,11091000.0,48858000.0,0.2854321969,37767000.0,0.2206377211,1096000.0,38861000.0,0.2270289533,15768000.0,23093000.0,0.1349110836,0.15,0.15,151004000,151794000,https://www.sec.gov/Archives/edgar/data/943819/000119312506189387/0001193125-06-189387-index.htm,https://www.sec.gov/Archives/edgar/data/943819/000119312506189387/d10k.htm,1.133559375910572,0.152929723715928,0.2338348653015814,0.0774549018569044,1.4538952610526874,4.888267860454028,3.269045853089984,4.888267860454028,0.8137002993298191,3545573920.0,3447110920.0,38.38364352834192,20.71351576192368,100.4127419994336,303.14414500683995,4.803337433685385,4.803337433685385,20.138287336713947,70.55366408776455,97.62421183800625,294.72562585499315,0.0065131909589407,0.0032987607264439,0.1640335000568991,0.1202129423433387,-2.015289205452536,3.95568992248062,21.08710217755444,1.5290347724418656,0.0,0.0,0.3092211342976655,0.064619213422756,0.2427560585015602,0.6687623902577173,0.1379548056925198,2.129113695789379,0.0,4.101235509007672,0.0254140514575285,0.0302774835062251,0.7428826388704936,381284000.0,493639000.0,241211000.0,871169000.0,132663000.0,40167500.0,112469000.0,72.6358867104433,60.51904818773512,156.10945243924286,1.2390569465858832,1.4871350871350872,0.5765185809938551,0.0312850539458211,0.1563799634446769,2006-08-17,0.18,bmo,171200000.0,2025-04-24,2006-06-30,0.0,22.997777777777777,1295688.888888889
2006-03-31,RMD,USD,943819,2006-05-10,2006-05-10 06:06:28,2006,Q3,162280000.0,61414000.0,100866000.0,0.6215553365,9143000,53408000.0,0.0,53408000.0,1570000.0,64121000.0,125535000.0,0.0,1220000.0,10820000.0,36745000.0,0.2264296278,36745000.0,0.2264296278,1373000.0,38118000.0,0.234890313,11756000.0,26362000.0,0.1624476214,0.18,0.17,145098000,154806000,https://www.sec.gov/Archives/edgar/data/943819/000119312506106188/0001193125-06-106188-index.htm,https://www.sec.gov/Archives/edgar/data/943819/000119312506106188/d10q.htm,1.118416518490951,0.1816841031578657,0.2262677638561523,0.1161697611269624,1.158961529449062,4.647445174985182,3.0164716260734123,4.647445174985182,0.6732966684585591,3190705020.0,3121018020.0,30.25856365222669,19.66172676854819,97.18573969723737,189.2919447081158,4.731631933682813,4.731631933682813,19.23230231698299,84.93721649203974,95.06314215223416,185.1576898433792,0.0082621238361921,0.0052828449807622,0.1430653903475275,0.1072982471750155,-1.8965029255681043,3.914183864576077,30.118852459016395,1.24539109324027,0.0,0.0,0.3291101799359132,0.0563408922849396,0.2632029095115223,0.4865828028387804,0.0984409662312053,1.4764325323475047,0.0,4.358698824572763,0.0321357639062814,0.0397935601514938,0.6418713559111773,322096000.0,437684000.0,207838000.0,781665000.0,121273000.0,36395500.0,108133500.0,70.53309095390684,51.71622105708797,159.36040642198847,1.275996823374928,1.7402663644091811,0.5647575958213786,0.0390933289833688,0.1100980027291899,2006-05-04,0.15,bmo,135250000.0,2025-04-24,2006-03-31,0.2,21.54031746031746,1509273.015873016
2005-12-31,RMD,USD,943819,2006-02-09,2006-02-09 11:04:07,2006,Q2,146416000.0,54690000.0,91726000.0,0.6264752486,8588000,49149000.0,0.0,49149000.0,1545000.0,59282000.0,113972000.0,0.0,0.0,9871000.0,42315000.0,0.2890053,32276000.0,0.220440389,271000.0,32547000.0,0.2222912796,10233000.0,22314000.0,0.1524013769,0.16,0.15,141844000,154366000,https://www.sec.gov/Archives/edgar/data/943819/000119312506024739/0001193125-06-024739-index.htm,https://www.sec.gov/Archives/edgar/data/943819/000119312506024739/d10q.htm,1.0322325935534813,0.1573136685372663,0.1053763289247342,-0.0609119878176024,1.0065987986802405,3.7019331096133774,2.0563153887369223,3.7019331096133774,1.4352457629508475,2717731040.0,2781030040.0,30.448720982342923,18.561708010053547,181.8245159563792,-314.5522037037037,5.175674284941639,5.175674284941639,18.994030980220742,65.72208531253692,186.05941259115545,-321.8784768518519,0.0082105254977696,-0.0031791225374531,0.3877017008286088,0.2367086061375573,1.4958997991256056,1.5650589814005742,0.0,0.6698485255893162,0.0,0.0,0.3356805267183914,0.0586547918260299,0.271404303708277,1.578042416538436,0.1610957818817615,2.3895248708337555,0.0,3.619834976685973,0.0295401537847398,0.0356096439993105,-0.3657909393418121,144854000.0,291676000.0,66254000.0,595735000.0,109179000.0,34844000.0,104203000.0,70.91458583761337,61.71311025781679,176.94404827207902,1.2691324208829216,1.4583611103703902,0.5086353617365587,0.0424950056846639,0.1662883167423366,2006-02-07,0.16,bmo,146400000.0,2025-04-24,2005-12-31,0.0,22.2715873015873,848590.4761904762
2005-09-30,RMD,USD,943819,2005-11-09,2005-11-09 11:00:49,2006,Q1,127127000.0,47008000.0,80119000.0,0.6302280397,8425000,44680000.0,0.0,44680000.0,1545000.0,54650000.0,101658000.0,0.0,0.0,9837000.0,35306000.0,0.2777222777,24513000.0,0.1928229251,-646000.0,23867000.0,0.1877413925,7425000.0,16442000.0,0.1293352317,0.12,0.12,140704000,152554000,https://www.sec.gov/Archives/edgar/data/943819/000119312505220976/0001193125-05-220976-index.htm,https://www.sec.gov/Archives/edgar/data/943819/000119312505220976/d10q.htm,0.9035066522629064,0.1168552422105981,0.1132874687286786,-0.1679625312713213,0.9539743006595406,3.5919590061405504,1.951593415965431,3.5919590061405504,1.3112704685012508,2801416640.0,2856188640.0,42.59543607833597,22.0363623777797,175.74759347553325,-118.5383421486904,5.542936310231637,5.542936310231637,22.46720712358508,80.89810910326857,179.18372898368884,-120.85594888503364,0.0058691733907884,-0.0084360889639036,0.365057191983427,0.2259662607869217,1.5513510451481334,1.609273909909597,0.0,0.9694684344970198,0.0,0.0,0.3514595640579893,0.0662723103667985,0.282677973491668,2.4826223337515683,0.3112871380587916,4.022872827081427,0.0266741132882865,3.0731307965403296,0.0237149742958052,0.028072775451944,-0.3495440783488742,140317000.0,274597000.0,59524000.0,576882000.0,103471000.0,33301500.0,94995000.0,72.91283519629977,61.62419162695711,193.14733662355343,1.2343505743220282,1.4604654052878492,0.4659655244193769,0.0325324542988466,0.28125,2005-11-02,0.13,bmo,127100000.0,2025-04-24,2005-09-30,0.0,20.12967741935484,1023493.5483870968
2005-06-30,RMD,USD,943819,2005-09-13,2005-09-13 15:49:49,2005,Q4,125425000.0,45649000.0,79776000.0,0.6360454455,8113000,41121000.0,0.0,41121000.0,870000.0,50104000.0,95753000.0,0.0,0.0,8984000.0,38656000.0,0.3082001196,23757000.0,0.1894119992,-626000.0,23131000.0,0.1844209687,7553000.0,15578000.0,0.1242017142,0.11,0.11,139620000,140704000,https://www.sec.gov/Archives/edgar/data/943819/000119312505184704/0001193125-05-184704-index.htm,https://www.sec.gov/Archives/edgar/data/943819/000119312505184704/d10k.htm,0.8983311846440338,0.1115742730267869,0.1524351812061309,0.0554719954161294,1.0183712935109583,3.3953946426013464,1.7446497636441771,3.3953946426013464,1.2488826815642458,2303730000.0,2335914000.0,36.97088843240467,18.36739087103847,108.2427289385895,297.4473854099419,4.859523483066669,4.859523483066669,18.6239904325294,60.42823882450331,109.75492176854766,301.6028405422853,0.0067620771531386,0.003361939116129,0.367816649615559,0.2252404585181606,0.8325745033112583,1.6481736528316044,0.0,1.3662215945564258,0.0,0.0,0.3278532987841339,0.0646840741478971,0.297717743164726,0.636094535544801,0.1079370141518836,1.5069011576135352,0.0,2.9195668343033496,0.0238433323166229,0.0286534637803516,-0.2533967196676694,141659000.0,243588000.0,60129000.0,546304000.0,96530000.0,28838500.0,82283000.0,74.5911102252342,67.85340314136126,175.68029967797762,1.206578099296784,1.3263888888888888,0.5122942080869067,0.0328604727199856,0.0969631857900014,2005-08-22,0.14,bmo,117040000.0,2025-04-24,2005-06-30,0.0714285714285712,19.795873015873017,1049133.3333333333
2005-03-31,RMD,USD,943819,2005-05-10,2005-05-10 15:17:34,2005,Q3,108454000.0,38159000.0,70295000.0,0.6481549781,7240000,34449000.0,0.0,34449000.0,0.0,41689000.0,79848000.0,0.0,9000.0,7486000.0,36092000.0,0.3327862504,27027000.0,0.2492024268,-331000.0,26696000.0,0.2461504417,8819000.0,17877000.0,0.1648348609,0.13,0.13,137928000,150980000,https://www.sec.gov/Archives/edgar/data/943819/000119312505102611/0001193125-05-102611-index.htm,https://www.sec.gov/Archives/edgar/data/943819/000119312505102611/d10q.htm,0.7863087987935734,0.1296111014442317,0.0787802331651296,0.0048648570268545,1.2662331071283568,3.3640957601067223,2.4129473348413666,3.3640957601067223,0.8211458152079346,1944784800.0,1921334800.0,27.196744420204737,17.93188632968816,178.9789066813915,2898.338002980626,4.191319452675953,4.191319452675953,17.71566562782378,53.23436772692009,176.8207988220136,2863.3901639344263,0.0091922766981724,0.0003450253210535,0.2440716978122986,0.1679514520200147,-0.6497284716834756,4.217587543220477,3003.0,0.6078201040443028,0.0,0.0,0.3176369705128442,0.0667564128570638,0.1945567416380197,0.9382477452604454,0.0940029874416803,1.361875500935079,0.0,3.132178719151304,0.0307739535102141,0.0329158626581625,0.4996175540861899,277311000.0,332813000.0,153198000.0,578514000.0,82985000.0,20540500.0,70156500.0,73.94665019270843,54.86228674755628,177.9740035116224,1.217093671795217,1.640471174927991,0.5056918326508435,0.0385277681394301,0.073915376138275,2005-05-05,0.13,bmo,108500000.0,2025-04-24,2005-03-31,0.0,17.4765625,981531.25
2004-12-31,RMD,USD,943819,2005-02-09,2005-02-09 16:50:53,2005,Q2,103893000.0,35515000.0,68378000.0,0.6581579125,8342000,33469000.0,0.0,33469000.0,0.0,41811000.0,77326000.0,0.0,0.0,6830000.0,33397000.0,0.3214557285,25609000.0,0.246493989,520000.0,26129000.0,0.2514991385,8725000.0,17404000.0,0.1675185046,0.13,0.13,136048000,148410000,https://www.sec.gov/Archives/edgar/data/943819/000119312505023581/0001193125-05-023581-index.htm,https://www.sec.gov/Archives/edgar/data/943819/000119312505023581/d10q.htm,0.7636495942608491,0.1279254380806774,0.1640009408444078,0.1014935904974714,1.213130659767141,3.141530930259908,2.2202751969892978,3.141530930259908,0.8324267905445137,1738693440.0,1708875440.0,24.975486095150536,16.735424330801884,77.92638221584797,125.91928157589804,4.0680802715963305,4.0680802715963305,16.448417506473007,51.168531305207054,76.58997131588383,123.759808806489,0.0100098151862814,0.0079415955005846,0.2649748829548033,0.1813476895583763,-0.8928346857502171,4.409784180513492,0.0,1.2820041369800046,0.0,0.0,0.3221487491938821,0.080294148787695,0.2006994496317801,0.3811401936177842,0.0818534453716804,1.245095168374817,0.0,3.0070481724098928,0.0309469863984467,0.0348668552516648,0.4265020433964483,249944000.0,302064000.0,126154000.0,541678000.0,72806500.0,17882500.0,62998000.0,66.58283041205856,45.15838378150077,164.3491482472195,1.351699821756157,1.9929854096520765,0.5476146421192216,0.040720731681637,0.0625073503469363,2005-02-03,0.12,bmo,95907692.0,2025-04-24,2004-12-31,0.0833333333333334,15.51,983243.75
2004-09-30,RMD,USD,943819,2004-11-09,2004-11-09 17:25:28,2005,Q1,87733000.0,31322000.0,56411000.0,0.6429849657,6819000,26664000.0,0.0,26664000.0,0.0,33483000.0,64805000.0,0.0,0.0,5826000.0,28754000.0,0.3277444063,20960000.0,0.2389066828,-290000.0,20670000.0,0.2356011991,6744000.0,13926000.0,0.1587316061,0.11,0.1,135552000,141030000,https://www.sec.gov/Archives/edgar/data/943819/000119312504191531/0001193125-04-191531-index.htm,https://www.sec.gov/Archives/edgar/data/943819/000119312504191531/d10q.htm,0.6472276322001889,0.1027354815864022,0.1225950188857412,0.0676050519357884,1.0650082625118036,2.790707625118036,1.9585989140698767,2.790707625118036,0.8354727337110481,1613068800.0,1584698800.0,28.95786299009048,18.38611240924168,97.06756529064867,176.02234831951114,4.264151462121252,4.264151462121252,18.062744919243613,55.11229046393545,95.36038031050668,172.92653862941947,0.0086332337467564,0.0056810968013267,0.2993766621022189,0.2004055890597129,-0.9866453363010363,4.503600479027015,0.0,1.1933074824070085,0.0,0.0,0.3039221273637058,0.0777244594394355,0.1995986579461479,0.4485497653147189,0.0849623288842282,1.2794370065224854,0.0,2.5398534536957627,0.028197253058817,0.0307886184254161,0.292736366855524,225271000.0,265492000.0,102750000.0,492195000.0,67997000.0,18259500.0,58469500.0,70.52853544276384,51.56279931038886,175.68418364089138,1.2760792413311612,1.7454444134856506,0.5122828824703151,0.0368134163040662,0.0549899669499527,2004-11-08,0.11,amc,,2025-04-24,2004-09-30,0.0,13.861803278688525,1017173.7704918032
2004-06-30,RMD,USD,943819,2004-08-31,2004-08-30 20:10:15,2004,Q4,92891000.0,33287000.0,59604000.0,0.6416552734,6028000,28553000.0,0.0,28553000.0,500000.0,35081000.0,68368000.0,0.0,0.0,4495000.0,29018000.0,0.3123876371,24523000.0,0.2639975886,-936000.0,23587000.0,0.2539212626,7732000.0,15855000.0,0.1706839199,0.12,0.12,135292000,135552000,https://www.sec.gov/Archives/edgar/data/943819/000119312504149113/0001193125-04-149113-index.htm,https://www.sec.gov/Archives/edgar/data/943819/000119312504149113/d10k.htm,0.6865963989001567,0.1171909647281435,0.172464003784407,0.0893327025988232,1.0416580433432872,2.671990952901872,1.852363776128669,2.671990952901872,0.8370783194867398,1723620080.0,1707963080.0,27.17786313465784,18.55529685330118,73.8704872926756,142.61294721164984,4.767980215712906,4.767980215712906,18.38674446394161,58.85874560617548,73.19946342090601,141.31748138341882,0.0091986628515026,0.0070119860752608,0.3132788749069845,0.208119318066962,-0.5395616513887932,4.585317951510951,0.0,1.4716493219804478,0.0,0.0,0.3073817700315423,0.0648932619952417,0.2037805126810362,0.4820211717310247,0.1210773917817657,2.5021134593993324,0.0,2.654335499536079,0.0340886328324584,0.0365938098645186,0.27051119060994,217238000.0,250610000.0,95169000.0,475395000.0,66588000.0,18639500.0,56625500.0,65.1492609617724,50.219605251299306,150.86159762069275,1.3814431456530143,1.7921287821686227,0.5965732924709214,0.0438590424869778,0.0831313011855837,2004-08-05,0.12,bmo,101345454.0,2025-04-24,2004-06-30,-0.0833333333333333,12.12265625,1153856.25
2004-03-31,RMD,USD,943819,2004-05-14,2004-05-13 18:28:30,2004,Q3,91277000.0,33727000.0,57550000.0,0.6304983731,6858000,28201000.0,0.0,28201000.0,0.0,35059000.0,68786000.0,0.0,0.0,4745000.0,22491000.0,0.2464038038,22491000.0,0.2464038038,-226000.0,22265000.0,0.2439278241,7236000.0,15029000.0,0.1646526507,0.11,0.11,134556000,140220000,https://www.sec.gov/Archives/edgar/data/943819/000119312504087611/0001193125-04-087611-index.htm,https://www.sec.gov/Archives/edgar/data/943819/000119312504087611/d10q.htm,0.6783569666161301,0.1116932726894378,0.2022280686108386,0.0612904664229019,0.9475757305508488,2.618433960581468,1.7879098665239752,2.618433960581468,0.8416570052617498,1520482800.0,1519164800.0,25.29248120300752,16.657896293699398,55.87750542060196,184.36798835940343,4.315556615180259,4.315556615180259,16.643456730611216,67.54545373705038,55.82906912645621,184.20817266884927,0.0098843604149944,0.0054239350816727,0.3214352616610753,0.2091636777346419,-0.0586012182650838,4.0310279417078165,0.0,1.810566238605363,0.0,0.0,0.3089606363048742,0.0751339329732572,0.2063969917368804,0.6969240380728382,0.2077631824008238,3.996628029504742,0.0402072811332537,2.565225684714016,0.0319599494520366,0.0349763783192534,0.1230974464163619,201333000.0,240574000.0,78641000.0,463657000.0,62049500.0,16592000.0,57159000.0,65.01155822386801,49.9140154772141,153.31514810092804,1.384369217702551,1.8031007751937984,0.587026142653253,0.0426565169757554,0.1409376021879366,2004-04-26,0.11,bmo,91300000.0,2025-04-24,2004-03-31,0.0,11.99296875,873131.25
2003-12-31,RMD,USD,943819,2004-02-13,2004-02-12 21:44:26,2004,Q2,82292000.0,29868000.0,52424000.0,0.6370485588,7266000,25765000.0,0.0,25765000.0,0.0,33031000.0,62899000.0,0.0,0.0,4505000.0,19393000.0,0.2356608176,19393000.0,0.2356608176,1515000.0,20908000.0,0.2540708696,6757000.0,14151000.0,0.1719608224,0.11,0.1,134652000,140176000,https://www.sec.gov/Archives/edgar/data/943819/000119312504021777/0001193125-04-021777-index.htm,https://www.sec.gov/Archives/edgar/data/943819/000119312504021777/d10q.htm,0.6111457683510085,0.1050931289546386,0.0997311588390814,-0.0191530760775926,0.8700947627959481,2.4705982829813147,1.6315390785135016,2.4705982829813147,0.8602100228737783,1397687760.0,1406054760.0,24.69238499046004,16.984491323579448,104.07980936778614,-541.9494998061264,4.20141148461994,4.20141148461994,17.086165848442132,72.50321043675552,104.70286395115048,-545.1937805350912,0.010124578897364,-0.0018451903735638,0.3481788313378683,0.2286945756882319,0.4314443355850049,4.892990967538358,0.0,0.9489788707511836,0.0,0.0,0.3130924026636854,0.0882953385505273,0.223071440276892,1.192047062327798,0.1945268069800223,3.55338512763596,-0.0192728333252321,2.417015792013044,0.0286365375573429,0.0359620633395849,0.1144264474348691,197398000.0,219690000.0,74296000.0,444550000.0,57064000.0,15945000.0,56418500.0,63.61310941525301,43.62896745680996,171.345922057051,1.4148027164102124,2.0628496443124527,0.5252532357906584,0.0425375220563259,0.118884234916674,2004-02-04,0.09,bmo,74070000.0,2025-04-24,2003-12-31,0.1111111111111112,12.230806451612905,630070.9677419355
2003-09-30,RMD,USD,943819,2003-11-13,2003-11-13 16:06:49,2004,Q1,72878000.0,25720000.0,47158000.0,0.6470814237,6017000,22187000.0,0.0,22187000.0,0.0,28204000.0,53924000.0,0.0,0.0,4122000.0,18954000.0,0.2600784873,18954000.0,0.2600784873,-1046000.0,17908000.0,0.2457257334,5659000.0,12249000.0,0.1680754137,0.09,0.0875,134596000,140356000,https://www.sec.gov/Archives/edgar/data/943819/000119312503080137/0001193125-03-080137-index.htm,https://www.sec.gov/Archives/edgar/data/943819/000119312503080137/d10q.htm,0.5414573984368035,0.0910056762459508,0.0933757318196677,0.0114490772385509,0.9790707004665816,2.312364409046331,1.5183883622098726,2.312364409046331,0.8414068768759845,1480556000.0,1489129000.0,30.217895338394968,20.31554104119213,117.80362826225335,960.776119402985,4.757035680434399,4.757035680434399,20.43317599275501,78.56542154690302,118.48575747931254,966.3393900064892,0.0082732432950864,0.0010408252035046,0.3638729577329028,0.2327211004574279,0.4523055819352116,4.948382302503716,0.0,1.0260429422810025,0.0,0.0,0.3044402974834655,0.0825626389308158,0.2196024116687284,0.8773870146403565,0.1513076648645681,2.6751576904415333,0.0,2.1759736791554767,0.0298615687466722,0.0322539023825072,0.1956874647092038,207219000.0,204369000.0,84302000.0,427567000.0,56328500.0,18389500.0,52679500.0,69.11097999396252,60.92496111975117,195.8619751166408,1.3022532744849276,1.477227040376773,0.4595072624301002,0.0393561135476408,0.0819266545811168,2003-10-28,0.09,bmo,72878000.0,2025-04-24,2003-09-30,0.0,11.158870967741937,932025.8064516129
2003-06-30,RMD,USD,943819,2003-09-12,2003-09-11 19:50:36,2003,Q4,80695000.0,30331000.0,50364000.0,0.624127889,6235000,25578000.0,0.0,25578000.0,0.0,31813000.0,62144000.0,0.0,0.0,2993000.0,21544000.0,0.266980606,18551000.0,0.2298903278,1368000.0,19919000.0,0.246843051,6395000.0,13524000.0,0.1675940269,0.1,0.1,133104000,134596000,https://www.sec.gov/Archives/edgar/data/943819/000094381903000019/0000943819-03-000019-index.htm,https://www.sec.gov/Archives/edgar/data/943819/000094381903000019/june200310k.txt,0.6062552590455583,0.1016047601875225,0.1663886885442962,0.0979685058300276,0.9092438995071525,2.151948852025484,1.3562928236566896,2.151948852025484,0.8508384421204471,1304419200.0,1303178200.0,24.11304347826087,16.16480822851478,58.89823452386328,100.0321472392638,4.554011583860798,4.554011583860798,16.14942933267241,60.48914779056814,58.842199846480334,99.93697852760737,0.0103678326721961,0.0099967863091864,0.3953804205521012,0.2464126023999391,-0.0576030449313033,4.782337939623984,0.0,1.6376072167997633,0.0,0.0,0.3169713117293513,0.077266249457835,0.2304311404606229,0.4112069354765882,0.1128570543404176,3.0427664550618108,0.0,2.2180138769926425,0.0307941985732072,0.038236874098787,0.113261059021517,191322000.0,180528000.0,68743000.0,401914000.0,54665000.0,17697500.0,49345500.0,63.23142697812752,57.46991526820744,146.54116250700602,1.4233428581507743,1.5660367616687318,0.6141619082331025,0.0472152300887118,0.0684201827142685,2003-08-05,0.09,bmo,71728888.0,2025-04-24,2003-06-30,0.1111111111111112,10.53296875,1002006.25
2003-03-31,RMD,USD,943819,2003-05-14,2003-05-13 19:22:23,2003,Q3,68996000.0,25809000.0,43187000.0,0.6259348368,5068000,21013000.0,0.0,21013000.0,0.0,26081000.0,51890000.0,0.0,0.0,3388000.0,20494000.0,0.297031712,17106000.0,0.2479274161,901000.0,18007000.0,0.2609861441,5757000.0,12250000.0,0.1775465244,0.0925,0.0875,132260000,138256000,https://www.sec.gov/Archives/edgar/data/943819/000094381903000009/0000943819-03-000009-index.htm,https://www.sec.gov/Archives/edgar/data/943819/000094381903000009/march03form10q.txt,0.5216694389838198,0.092620595796159,0.1283003175563284,0.0836080447603205,0.7810449115378799,1.8499017087554817,1.0803871162861032,1.8499017087554817,0.856267957054287,1058080000.0,1077615000.0,21.5934693877551,15.335381761261525,62.35370381283517,95.68457225538071,4.32455408962349,4.32455408962349,15.618514116760393,52.58197521225725,63.504920737816015,97.4511665762344,0.0115775744745198,0.01045100559504,0.4628721369365834,0.2694741150184527,0.9532058163364888,4.158956041879276,0.0,1.3852244897959185,0.0,0.0,0.3045538871818656,0.0734535335381761,0.2421721636213513,0.3483410925805881,0.0856716331381529,1.7446871310507674,0.0,1.9634478512704312,0.0316784796225152,0.0384631083843296,-0.0617306819900196,167153000.0,142892000.0,44472000.0,361128000.0,50939500.0,14240500.0,47363500.0,68.65963244246043,55.88864349645472,171.93420899686154,1.310813891633103,1.6103450427403756,0.5234560389412839,0.0500678470417054,0.0446922727960078,2003-04-22,0.08,bmo,60371500.0,2025-04-24,2003-03-31,0.1249999999999999,10.43109375,674456.25
2002-12-31,RMD,USD,943819,2003-02-13,2003-02-12 20:35:05,2003,Q2,65293000.0,23454000.0,41839000.0,0.6407884459,4836000,20931000.0,0.0,20931000.0,0.0,25767000.0,49221000.0,0.0,0.0,3229000.0,19301000.0,0.2956059608,16072000.0,0.2461519612,-870000.0,15202000.0,0.2328274088,4818000.0,10384000.0,0.1590369565,0.0775,0.075,131976000,137384000,https://www.sec.gov/Archives/edgar/data/943819/000094381903000003/0000943819-03-000003-index.htm,https://www.sec.gov/Archives/edgar/data/943819/000094381903000003/dec0210q.txt,0.4947338910104867,0.0786809722979935,0.0918197247984482,0.047713220585561,0.6560435230647996,1.658013578226344,0.9071725162150694,1.658013578226344,0.8581105655573741,1008296640.0,1039078640.0,24.275246533127888,15.442645306541284,83.20652252847005,160.12333492139115,4.607923662587173,4.607923662587173,15.914089412341292,53.83548209937309,85.74671067832976,165.01169445767826,0.010298556583507,0.0062451859405184,0.517553400542917,0.2925313454117136,1.5948396456142169,4.299798968621624,0.0,1.1669876733436055,0.0,0.0,0.3205703521051261,0.074066132663532,0.2559629899415712,0.4803597953457666,0.089151976475273,1.8027253019510685,0.0,1.7132477081285689,0.0321590665226658,0.036049922755125,-0.1674149087712917,151012000.0,119725000.0,28456000.0,335171000.0,47969500.0,12238000.0,45254000.0,67.87664833902562,47.7897160399079,174.29777436684574,1.325934650610239,1.8832503613296936,0.5163577121218793,0.0474549625716348,0.0441065042128871,2003-02-03,0.08,bmo,65293000.0,2025-04-24,2002-12-31,0.0,9.330476190476192,991936.507936508
2002-09-30,RMD,USD,943819,2002-11-13,2002-11-12 20:28:32,2003,Q1,58586000.0,20889000.0,37697000.0,0.64344724,4395000,17691000.0,0.0,17691000.0,100000.0,22186000.0,43075000.0,0.0,0.0,2973000.0,18484000.0,0.3155019971,15511000.0,0.2647560851,-1512000.0,13999000.0,0.2389478715,4428000.0,9571000.0,0.1633666746,0.0725,0.07,131528000,136484000,https://www.sec.gov/Archives/edgar/data/943819/000094381902000008/0000943819-02-000008-index.htm,https://www.sec.gov/Archives/edgar/data/943819/000094381902000008/sep0210q.txt,0.4454260689739067,0.0727677756827443,0.0612036980718934,0.0247399793199927,0.678205401131318,1.512772945684569,0.7887598077975793,1.512772945684569,0.8990481114287452,940425200.0,985105200.0,24.56444467662731,16.052046564025535,116.82300621118011,289.0059004302397,4.726419797760489,4.726419797760489,16.814686102481822,53.29502272235447,122.37331677018634,302.7366933005532,0.0101773112842999,0.0034601369678311,0.5943047262931468,0.3139811213042497,2.417225708721056,4.010656462794955,0.0,0.8410824365270086,0.0,0.0,0.301966340081248,0.0750179223705322,0.2528523824064362,0.5957763975155279,0.0818625610214044,1.6131853346787757,0.0,1.573793268932178,0.0323309385764369,0.0340136537935299,-0.2347408916732558,146345000.0,103744000.0,17311000.0,321651000.0,46447500.0,11813500.0,43129500.0,71.73454408903152,51.79663937957777,194.25247738043947,1.2546256638684257,1.7375644651472302,0.463314554407133,0.0481022455420863,0.0364637187519007,2002-10-30,0.07,bmo,58586000.0,2025-04-24,2002-09-30,0.0,7.9363934426229505,799036.0655737704
2002-06-30,RMD,USD,943819,2002-09-11,2002-09-11 16:53:04,2002,Q4,56247000.0,19439000.0,36808000.0,0.6543993457,4140000,19014000.0,0.0,19014000.0,103667000.0,126821000.0,146260000.0,0.0,0.0,2011000.0,-88002000.0,-1.5645634434,-90363000.0,-1.6065390154,107741000.0,17378000.0,0.3089587,5715000.0,9810000.0,0.1744093018,0.0746,0.0746,130880000,131528000,https://www.sec.gov/Archives/edgar/data/943819/000094381902000004/0000943819-02-000004-index.htm,https://www.sec.gov/Archives/edgar/data/943819/000094381902000004/form10k2002.txt,0.4297600855745721,0.0749541564792176,0.0646011613691931,-0.0298823349633251,0.7093444376528117,1.4740984107579462,0.7467985941320293,1.4740984107579462,0.9417023227383864,910924800.0,961314800.0,23.21418960244648,16.195082404394903,107.73800118273212,-232.91352595244183,4.721530088633183,4.721530088633183,17.09095240635056,-10.923783550373855,113.6977882909521,-245.7976987982613,0.0107692753562094,-0.0042934389315122,0.6388327372622195,0.3276261260902042,-0.5726006227131202,3.949538198054927,0.0,0.8618756371049949,0.0,0.0,0.3380446957171049,0.0736039255426956,0.2530336983075086,1.4625665286812537,0.219851725425356,6.149179512680258,0.0,1.57671194778204,-0.1853796953225816,0.0349107835531419,-0.268843597188264,144666000.0,97741000.0,10452000.0,319134000.0,45082500.0,11988000.0,37426500.0,73.92234252493466,53.72961572097331,190.6255465816143,1.2174938851490291,1.67505385609651,0.4721297937969057,0.0508474576271186,0.0944834963325183,2002-08-13,0.07,bmo,56247000.0,2025-04-24,2002-06-30,0.0,7.8340625,725918.75
2002-03-31,RMD,USD,943819,2002-05-15,2002-05-15 08:13:57,2002,Q3,52776000.0,19005000.0,33771000.0,0.6398931332,3792000,16408000.0,0.0,16408000.0,1000000.0,21200000.0,40205000.0,0.0,0.0,2871000.0,15442000.0,0.292595119,12571000.0,0.2381953918,-460000.0,12111000.0,0.2294793088,3585000.0,10379000.0,0.1966613612,0.08,0.0775,128868000,135696000,https://www.sec.gov/Archives/edgar/data/943819/000089843002001981/0000898430-02-001981-index.htm,https://www.sec.gov/Archives/edgar/data/943819/000089843002001981/d10q.txt,0.4095353384858925,0.0805397771362945,0.0897507527081975,0.0403513672905608,0.877262004531769,1.099714436477636,0.6553450041903343,1.099714436477636,1.132942235465748,1286102640.0,1375874640.0,30.978481549282208,24.36908140063665,111.196839010894,247.3274307692308,9.075083193384044,9.075083193384044,26.070081855388818,89.09951042611061,118.95855438353796,264.5912769230769,0.0080701179495285,0.0040432231754069,1.0302149338827813,0.4279755291800164,5.813495661183785,4.414295598934854,0.0,1.114365545813662,0.0,0.0,0.3108988934364105,0.0718508412914961,0.1678631416335181,0.550406363479163,0.1206230104592996,2.2173458725182864,0.0,1.4116805593398871,0.0301581013692103,0.0365617382237314,-0.2836817518701306,162838000.0,84453000.0,11108000.0,285645000.0,40393000.0,9569500.0,33579500.0,74.97612551159618,58.584056827150754,159.49486977111286,1.2003821134513033,1.5362541427532133,0.5642814726840855,0.073236991772393,0.0493993854176366,2002-05-02,0.07,bmo,52776000.0,2025-04-24,2002-03-31,0.0,7.26046875,829675.0
2001-12-31,RMD,USD,943819,2002-02-14,2002-02-14 00:00:00,2002,Q2,48924000.0,17087000.0,31837000.0,0.6507440111,3617000,14774000.0,0.0,14774000.0,0.0,18391000.0,35478000.0,0.0,0.0,2559000.0,16005000.0,0.327140054,13446000.0,0.2748344371,-912000.0,12534000.0,0.2561932794,3755000.0,8779000.0,0.1794415829,0.0675,0.065,128172000,137172000,https://www.sec.gov/Archives/edgar/data/943819/000094381902000002/0000943819-02-000002-index.htm,https://www.sec.gov/Archives/edgar/data/943819/000094381902000002/dec0110q.txt,0.3817058327871922,0.0684938988234559,0.0342586524357894,-0.0187872546265955,1.0677136972193615,0.999157382267578,0.5516727522391786,0.999157382267578,1.4043628873700964,1727758560.0,1843711560.0,49.20146258115959,35.31515329899436,393.47723980869966,-717.507707641196,13.491368065967018,13.491368065967018,37.68521707137601,115.19597375820057,419.88420860851744,-765.6609468438538,0.0050811497643513,-0.0013937132512311,1.4055472263868063,0.5122017847386633,7.244798500468604,6.031762568787733,0.0,0.5001708622849983,0.0,0.0,0.3019785790205216,0.0739309950126727,0.1632074075760335,1.5483944431792305,0.1389706483525468,2.6568972254787027,0.0,1.240892483102083,0.0299938799415683,0.029853537775148,-0.3288900851980151,188359000.0,70709000.0,2433000.0,306084000.0,35161500.0,6571000.0,32963000.0,67.7336276674025,35.648153567039266,176.33932229180078,1.3287343834872352,2.524674940898345,0.5103796409689656,0.0685516616691654,0.0530459070623849,2002-01-30,0.07,bmo,48924000.0,2025-04-24,2001-12-31,0.0,7.97140625,925300.0
2001-09-30,RMD,USD,943819,2001-11-13,2001-11-13 00:00:00,2002,Q1,46129000.0,15296000.0,30833000.0,0.6684081597,3361000,14285000.0,0.0,14285000.0,0.0,17646000.0,32942000.0,0.0,0.0,2531000.0,15718000.0,0.3407400984,13187000.0,0.2858722279,-618000.0,12569000.0,0.2724750157,4031000.0,8538000.0,0.1850896399,0.0675,0.0625,126888000,136372000,https://www.sec.gov/Archives/edgar/data/943819/000094381901500007/0000943819-01-500007-index.htm,https://www.sec.gov/Archives/edgar/data/943819/000094381901500007/sep0110q.txt,0.3635410755942248,0.0672876867788916,0.0884874850261648,0.067571401550974,1.1309974150431876,0.9191176470588236,0.5013318832356094,0.9191176470588236,1.418573860412332,1633048560.0,1752604560.0,47.81706957132818,35.401776756487244,145.44429640185248,190.46519244226727,14.00256,14.00256,37.9935519954909,111.50302583025832,156.09231920199502,204.4092092372288,0.0052282584909783,0.0052503031508138,1.5434083601286173,0.5271326910123876,7.606311235526149,5.709668466468184,0.0,1.3150620754275006,0.0,0.0,0.3096750417307984,0.0728608901125105,0.1552464345330483,0.236373352333452,0.0575343059680461,1.0485973923350451,0.0,1.179626745134042,0.0296777104658909,0.0295987630781604,-0.3151145104343988,186663000.0,63613000.0,1452000.0,294604000.0,32875500.0,7172500.0,31220500.0,65.3660387175096,37.50392259414226,190.9146182008368,1.376861773572516,2.3997489802321934,0.4714149227971769,0.073209003215434,0.0209160834751907,2001-11-15,0.06,bmo,46129000.0,2025-04-24,2001-09-30,0.0,10.564333333333334,1138980.0
2001-06-30,RMD,USD,943819,2001-09-20,2001-09-20 00:00:00,2001,Q4,47028000.0,20988000.0,26040000.0,0.5537126818,3235000,15872000.0,0.0,15872000.0,0.0,19107000.0,40095000.0,0.0,0.0,2737000.0,9670000.0,0.2056221825,13191000.0,0.2804924726,-476000.0,12715000.0,0.2703708429,4369000.0,8346000.0,0.177468742,0.0658,0.0658,125704000,126888000,https://www.sec.gov/Archives/edgar/data/943819/000102140801507065/0001021408-01-507065-index.htm,https://www.sec.gov/Archives/edgar/data/943819/000102140801507065/d10k.txt,0.3741169732068987,0.0663940686056131,0.0786530261566855,0.054596512441927,0.8174123337363967,0.7984312352828867,0.406558263857952,0.7984312352828867,1.1932794501368291,1588898560.0,1698762560.0,47.59461298825785,33.78622437696691,160.7058319004754,231.51661955413084,15.831043979036728,15.831043979036728,36.12236454877945,175.673480868666,171.81779710731263,247.5247792510564,0.0052526953010769,0.00431934433876,1.4945300201263376,0.5206706237634072,11.36132368148914,5.292531984528414,0.0,1.18463934819075,0.0,0.0,0.3375010631963936,0.0687888066683677,0.1709882328439029,0.305856174774957,0.0643021178872161,1.104859335038363,0.0,1.0921308116591713,0.0340240556548707,0.0349453586232885,-0.3642604849487685,144272000.0,51106000.0,-9842000.0,248624000.0,32662000.0,8754000.0,29334000.0,61.7147231436591,34.180960548885075,128.61921097770156,1.4583229967749938,2.6330447873541587,0.6997399479895979,0.0831556503198294,0.0240565137147584,2001-08-08,0.06,bmo,47000000.0,2025-04-24,2001-06-30,0.0,13.92234375,830450.0
2001-03-31,RMD,USD,943819,2001-05-15,2001-05-15 00:00:00,2001,Q3,42680000.0,11792000.0,30888000.0,0.7237113402,3017000,13727000.0,0.0,13727000.0,0.0,16744000.0,28536000.0,0.0,0.0,1965000.0,16109000.0,0.3774367385,-6048000.0,-0.141705717,192000.0,-5856000.0,-0.1372071228,4338000.0,-10194000.0,-0.2388472352,-0.0816,-0.0756,124984000,134764000,https://www.sec.gov/Archives/edgar/data/943819/000094381901500004/0000943819-01-500004-index.htm,https://www.sec.gov/Archives/edgar/data/943819/000094381901500004/form10qmar2001.txt,0.3414837099148691,-0.081562439992319,0.0607917813480125,0.0439896306727261,0.1965851629008513,0.6982493759201178,0.2906051974652756,0.6982493759201178,0.6034932471356333,1262338400.0,1313195400.0,-30.957877182656464,29.576813495782567,166.14087917873124,229.59956347762824,14.464746189985105,14.464746189985105,30.76840206185567,81.51936184741449,172.83435114503817,238.849654419789,-0.0080754891081503,0.0043554089774976,0.8642947175432566,0.3753315319887938,3.157055062387485,0.8686573149945768,0.0,-0.7453403963115558,0.0,0.0,0.3216260543580131,0.070688847235239,0.2535268037081822,0.2763885232956041,0.0492033739456419,1.068702290076336,0.0,,-0.0631662187382434,-0.0679545636349092,-0.3998671829994239,-14410000.0,36321000.0,-18388000.0,89501000.0,31020500.0,9099500.0,24232000.0,69.74789128397376,72.78917910447761,218.84837177747627,1.290361591486274,1.2364475201845444,0.4112436353490967,-0.1168099003093846,0.0168021506752864,2001-05-01,0.05,bmo,34144000.0,2025-04-24,2001-03-31,0.1999999999999999,13.30372881355932,982128.813559322
2000-12-31,RMD,USD,943819,2001-02-14,2001-02-14 00:00:00,2001,Q2,34366000.0,9566000.0,24800000.0,0.7216434848,2505000,10724000.0,0.0,10724000.0,1779000.0,15008000.0,24574000.0,0.0,0.0,1779000.0,11571000.0,0.336699063,9792000.0,0.2849327824,675000.0,10467000.0,0.3045742885,3569000.0,6898000.0,0.2007216435,0.055,0.0525,124148000,132888000,https://www.sec.gov/Archives/edgar/data/943819/000094381901000002/0000943819-01-000002-index.htm,https://www.sec.gov/Archives/edgar/data/943819/000094381901000002/0000943819-01-000002-0001.txt,0.2768147694686986,0.0555627154686342,0.0462754132164835,0.021248832039179,0.1464300673389825,0.868608435093598,0.8156071785288527,0.868608435093598,0.036247059960692,1237755560.0,1225398560.0,44.85921861409104,36.01686434266426,215.44918363794605,469.2022592873389,11.478129381653623,11.478129381653623,35.65729383693185,105.90256330481375,213.29826979982596,464.51802880970433,0.0055729905184186,0.0021312770350229,0.0417300344968285,0.0320867054083924,-1.0679284417941406,2.335122959671696,0.0,0.8328501014786894,0.0,0.0,0.312052610137927,0.0728918116743292,0.0469178936860494,0.5408181026979982,0.0904091252982599,1.746486790331647,0.0,1.0420654849802518,0.0574451562399155,0.0516066285115774,0.1400646808647743,43270000.0,101256000.0,43270000.0,103797000.0,27624000.0,7509000.0,18024000.0,75.85549671186638,81.49487769182521,186.19067530838385,1.1864664249956844,1.104363888247518,0.4833754421424962,0.0639675062131384,0.0250265811773045,2001-02-05,0.05,bmo,34366000.0,2025-04-24,2000-12-31,0.0,12.368571428571428,1282019.0476190476
2000-09-30,RMD,USD,943819,2000-11-14,2000-11-14 00:00:00,2001,Q1,31082000.0,8031000.0,23051000.0,0.7416189434,2389000,9591000.0,0.0,9591000.0,1964000.0,13944000.0,21975000.0,0.0,0.0,1964000.0,11071000.0,0.3561868606,9107000.0,0.2929991635,881000.0,9988000.0,0.3213435429,3408000.0,6580000.0,0.2116980889,0.0525,0.05,123240000,132312000,https://www.sec.gov/Archives/edgar/data/943819/000101540200003269/0001015402-00-003269-index.htm,https://www.sec.gov/Archives/edgar/data/943819/000101540200003269/0001015402-00-003269-0001.txt,0.2522070756247971,0.0533917559234014,0.0510386238234339,-0.1049821486530347,0.1372930866601752,0.7812885426809477,0.7300308341447582,0.7812885426809477,0.0567997403440441,962504400.0,955884400.0,36.56931610942249,30.96661733479184,153.02136724960252,-74.39360024733344,9.99630683588476,9.99630683588476,30.75363232739205,86.34128804986,151.96890302066774,-73.88192920080384,0.0068363323845584,-0.0134420164728597,0.0727000810086617,0.0550812448361332,-0.5979586306566705,2.1733497840838987,0.0,0.9559270516717324,0.0,0.0,0.3085708770349398,0.0768612058426098,0.0497068890899791,3.0569157392686805,0.6186217103146515,9.790224032586558,0.0,0.9687999078617072,0.058087306378715,0.054484631690514,0.1132931678026614,36138000.0,89969000.0,36138000.0,93929000.0,25485500.0,6142500.0,16030000.0,76.10417605044721,71.22898767276803,182.19648860664924,1.1825895065251304,1.263530522341095,0.4939721983023742,0.068338076148142,0.1560207724764686,2000-10-31,0.0425,bmo,24879999.0,2025-04-24,2000-09-30,0.1764705882352941,10.451935483870969,728554.8387096775
2000-06-30,RMD,USD,943819,2000-09-25,2000-09-25 00:00:00,2000,Q4,31564000.0,8623000.0,22941000.0,0.7268090229,2535000,10123000.0,0.0,10123000.0,1388000.0,14046000.0,22669000.0,0.0,0.0,1388000.0,10283000.0,0.3257825371,8895000.0,0.2818083893,587000.0,9482000.0,0.3004055253,3291000.0,6191000.0,0.1961411735,0.0502,0.0502,119391396,123240000,https://www.sec.gov/Archives/edgar/data/943819/000094381900000018/0000943819-00-000018-index.htm,https://www.sec.gov/Archives/edgar/data/943819/000094381900000018/0000943819-00-000018-0001.txt,0.264374159759385,0.0518546579353172,0.0597865527931342,-0.0070021796210507,0.1839579796855713,0.7870918939585898,0.7287292293659084,0.7870918939585898,0.0,798728439.24,780478439.24,32.25361166370538,25.305044963882903,111.89807218268425,-955.4167933492824,8.499642864257439,8.499642864257439,24.726854620453683,75.89987739375668,109.34133360044832,-933.5866498086124,0.0077510699454883,-0.0010466636204859,0.0,0.0,-1.774773898667704,3.1991490148922392,0.0,1.1529639799709257,0.0,0.0,0.3207134710429603,0.0803130148270181,0.0602799453258819,1.1171196413561222,0.2526295780002534,5.744956772334294,0.0,0.9582920070677216,0.0618028261870659,0.0569937215767864,0.224120002751287,47550000.0,87004000.0,47550000.0,91094000.0,24089500.0,7064000.0,16618500.0,70.39411988341148,61.88217557694538,164.92867911399745,1.2785158781594297,1.4543767920391295,0.5456904189343121,0.0658813263525305,0.066788732414185,2000-08-08,0.05,bmo,31600000.0,2025-04-24,2000-06-30,0.0,8.283809523809524,1040120.6349206348
2000-03-31,RMD,USD,943819,2000-05-12,2000-05-12 00:00:00,2000,Q3,29971000.0,8192000.0,21779000.0,0.7266691135,2103000,9459000.0,0.0,9459000.0,1960000.0,13522000.0,21714000.0,0.0,0.0,1960000.0,10217000.0,0.3408961997,8257000.0,0.2754996497,738000.0,8995000.0,0.3001234527,3157000.0,5838000.0,0.1947882954,0.0475,0.045,122905263,129733333,https://www.sec.gov/Archives/edgar/data/943819/000094381900000011/0000943819-00-000011-index.htm,https://www.sec.gov/Archives/edgar/data/943819/000094381900000011/,0.2438544881515773,0.0475000000610226,0.0499327681354052,0.0288270812292228,0.1975668039537086,0.7095546429122405,0.6532592505822961,0.7095546429122405,0.0,1096314945.96,1079958945.96,46.94736836073998,36.57919141703647,178.64020628320026,309.4312576799323,12.571265777910284,12.571265777910284,36.03346388041774,105.7021577723402,175.9750604464722,304.81483092294667,0.0053251121144644,0.0032317355638142,0.0,0.0,-1.6008613095820692,2.981080180030005,0.0,1.051756640959726,0.0,0.0,0.3156050849154182,0.0701678289012712,0.0622189849285996,0.4226820922274727,0.086550331987588,1.323469387755102,0.0,0.8708251980659962,0.0614509895747257,0.0559812053507215,0.2166038243618583,47538000.0,80289000.0,47538000.0,85310000.0,21895500.0,7499500.0,16667500.0,70.54118981682292,90.076904296875,191.546630859375,1.2758503256566345,0.9991462373460178,0.4698594780613708,0.066943399688102,0.0211056869061823,2000-05-02,0.04884,bmo,23999999.0,2025-04-24,2000-03-31,0.0237510237510237,8.018571428571429,889498.4126984127
1999-12-31,RMD,USD,943819,2000-02-10,2000-02-10 00:00:00,2000,Q2,28100000.0,7100000.0,21000000.0,0.7473309609,2000000,9000000.0,0.0,9000000.0,1500000.0,12500000.0,19600000.0,0.0,0.0,1500000.0,10000000.0,0.3558718861,8500000.0,0.3024911032,-200000.0,8300000.0,0.2953736655,2900000.0,5400000.0,0.1921708185,0.045,0.0425,120000000,127058824,https://www.sec.gov/Archives/edgar/data/943819/000094381900000006/0000943819-00-000006-index.htm,https://www.sec.gov/Archives/edgar/data/943819/000094381900000006/,0.2341666666666666,0.045,0.0266666666666666,0.0008333333333333,0.16,0.6966666666666667,0.6383333333333333,0.6966666666666667,0.0,626400000.0,614900000.0,29.0,22.291814946619212,195.75,6264.0,7.492822966507177,7.492822966507177,21.88256227758007,61.49,192.15625,6149.0,0.0086206896551724,0.0001596424010217,0.0,0.0,-1.15,3.0594059405940595,0.0,0.5925925925925926,0.0,0.0,0.3202846975088968,0.0711743772241993,0.0674373795761079,0.96875,0.1103202846975089,2.066666666666667,0.0,0.8398660607501651,0.0661497665302357,0.0557851239669421,0.1847916666666666,41600000.0,76600000.0,41600000.0,80700000.0,20200000.0,6300000.0,14950000.0,65.01779359430604,86.19718309859155,201.54929577464787,1.3842364532019704,1.0441176470588236,0.4465408805031446,0.0645933014354067,0.0258333333333333,2000-02-02,0.03765,bmo,28100000.0,2025-04-24,1999-12-31,0.0624169986719786,7.144285714285715,890514.2857142857
1999-09-30,RMD,USD,943819,1999-11-15,1999-11-15 00:00:00,2000,Q1,25900000.0,6800000.0,19100000.0,0.7374517375,1900000,8400000.0,0.0,8400000.0,1400000.0,11700000.0,18500000.0,0.0,0.0,1400000.0,8845000.0,0.3415057915,7400000.0,0.2857142857,-45000.0,7400000.0,0.2857142857,2600000.0,4800000.0,0.1853281853,0.0425,0.04,118760000,125216000,https://www.sec.gov/Archives/edgar/data/943819/000094381999000016/0000943819-99-000016-index.htm,https://www.sec.gov/Archives/edgar/data/943819/000094381999000016/,0.2180868979454361,0.0404176490400808,0.0319973054900639,0.0109464466150218,0.1473560121252947,0.6441562815762883,0.581003704951162,0.6441562815762883,0.0,491666400.0,480866400.0,25.607625,18.983258687258687,129.3858947368421,378.204923076923,6.427011764705881,6.427011764705881,18.56627027027027,54.36590163934426,126.5437894736842,369.8972307692307,0.0097627171594398,0.0026440692306816,0.0,0.0,-1.2210288298473717,2.768472906403941,0.0,0.7916666666666666,0.0,0.0,0.3243243243243243,0.0733590733590733,0.0774793388429752,0.6578947368421053,0.0965250965250965,1.7857142857142858,0.0,0.7653717113949032,0.0627450980392156,0.0537513997760358,0.1623021219265746,35900000.0,69000000.0,35900000.0,73600000.0,19000000.0,5300000.0,12350000.0,69.84555984555985,76.76470588235293,185.2941176470588,1.2885572139303485,1.1724137931034482,0.4857142857142857,0.0627450980392156,0.0210508588750421,1999-10-27,0.03635,bmo,25900000.0,2025-04-24,1999-09-30,0.1004126547455295,7.455396825396825,1074438.0952380951
1999-06-30,RMD,USD,943819,1999-09-15,1999-09-15 00:00:00,1999,Q4,25100000.0,7200000.0,17900000.0,0.7131474104,1900000,7500000.0,0.0,7500000.0,1300000.0,10700000.0,17900000.0,0.0,0.0,1300000.0,8500000.0,0.3386454183,7200000.0,0.2868525896,-100000.0,7100000.0,0.2828685259,2500000.0,4600000.0,0.1832669323,0.0387,0.0387,116809846,118760000,https://www.sec.gov/Archives/edgar/data/943819/000101540299001008/0001015402-99-001008-index.htm,https://www.sec.gov/Archives/edgar/data/943819/000101540299001008/,0.2148791464034632,0.0393802419703558,0.0333875964531277,-0.005992645517228,0.1429674001967265,0.6129620271907558,0.5504672953682346,0.6129620271907558,0.0,484760860.9,473660860.9,26.34569896195653,19.31318170916335,124.29765664102564,-692.5155155714286,6.770403085195532,6.770403085195532,18.870950633466137,55.72480716470589,121.4515027948718,-676.6583727142857,0.0094892149326158,-0.0014440109680067,0.0,0.0,-1.3058823529411765,2.791208791208791,0.0,0.8478260869565217,0.0,0.0,0.298804780876494,0.0756972111553784,0.0812013348164627,1.1794871794871795,0.1832669322709163,3.5384615384615383,0.0,0.7369656310587117,0.0650598149566857,0.0556900726392251,0.1470338382262741,32600000.0,64300000.0,32500000.0,69200000.0,16950000.0,5150000.0,10350000.0,64.18326693227093,60.0,133.75,1.4022346368715084,1.5,0.6728971962616822,0.0642458100558659,0.0393802419703558,1999-08-04,0.03867,bmo,25100000.0,2025-04-24,1999-06-30,0.034393586759762,4.464375,686475.0
1999-03-31,RMD,USD,943819,1999-05-14,1999-05-14 00:00:00,1999,Q3,22800000.0,6800000.0,16000000.0,0.701754386,1500000,6600000.0,0.0,6600000.0,1100000.0,9200000.0,16000000.0,0.0,0.0,1200000.0,8000000.0,0.350877193,6800000.0,0.298245614,-100000.0,6700000.0,0.2938596491,2300000.0,4400000.0,0.1929824561,0.0375,0.035,117333333,125714286,https://www.sec.gov/Archives/edgar/data/943819/000094381999000003/0000943819-99-000003-index.htm,https://www.sec.gov/Archives/edgar/data/943819/000094381999000003/,0.1943181823702221,0.037500000106534,0.0434659092143917,-0.0085227272969395,0.0920454548069473,0.550568183382296,0.4960227286818827,0.550568183382296,0.0008522727296939,414186665.4899999,403486665.4899999,23.53333326647727,18.16608181973684,81.21307166470588,-414.18666549,6.411558289318886,6.411558289318886,17.696783574122804,50.43583318625,79.1150324490196,-403.4866654899999,0.010623229491936,-0.0024143703390763,0.001547987616099,0.0012048192771084,-1.3375,2.572972972972973,0.0,1.1590909090909092,0.0,0.0,0.2894736842105263,0.0657894736842105,0.0771084337349397,1.196078431372549,0.2675438596491228,5.083333333333333,0.0,0.681573111301006,0.0691280439905734,0.0574412532637075,0.0801136365912319,29100000.0,58200000.0,29200000.0,62100000.0,14850000.0,4900000.0,10300000.0,63.1578947368421,72.79411764705881,132.35294117647058,1.425,1.2363636363636363,0.68,0.0681114551083591,0.0519886365113313,1999-04-15,0.03467,bmo,22799998.0,2025-04-24,1999-03-31,0.1537352177675224,3.749375,1004100.0
1998-12-31,RMD,USD,943819,1999-02-12,1999-02-12 00:00:00,1999,Q2,21500000.0,5900000.0,15600000.0,0.7255813953,1600000,6900000.0,0.0,6900000.0,1100000.0,9600000.0,15500000.0,0.0,0.0,1100000.0,7100000.0,0.3302325581,6000000.0,0.2790697674,0.0,6000000.0,0.2790697674,2100000.0,3900000.0,0.1813953488,0.035,0.0325,111428571,120000000,https://www.sec.gov/Archives/edgar/data/943819/000094381999000001/0000943819-99-000001-index.htm,https://www.sec.gov/Archives/edgar/data/943819/000094381999000001/,0.1929487186908284,0.0350000001346153,0.0430769232426035,-0.0179487180177514,0.12205128252071,0.5357692328298816,0.4711538479659763,0.5357692328298816,0.0008974359008875,631799997.5699999,618299997.5699999,40.49999984423077,29.38604639860465,131.62499949375,-315.899998785,10.582914532160803,10.582914532160803,28.758139421860463,87.08450669999999,128.81249949374998,-309.149998785,0.0061728395299145,-0.0031655587332895,0.0016750418760469,0.0013245033112582,-1.9014084507042253,3.0316455696202533,0.0,1.2307692307692308,0.0,0.0,0.3209302325581395,0.0744186046511627,0.095364238410596,1.4166666666666667,0.3162790697674418,6.181818181818182,0.0,0.649552363151959,0.0652173913043478,0.0571010248901903,0.120032051743713,32100000.0,52500000.0,32100000.0,59300000.0,12500000.0,3800000.0,10000000.0,57.34883720930233,65.59322033898304,161.69491525423726,1.5693430656934306,1.372093023255814,0.5566037735849056,0.0653266331658291,0.061025641260355,1999-02-02,0.02616,bmo,21500000.0,2025-04-24,1998-12-31,0.146788990825688,3.75984126984127,1227758.7301587302
1998-09-30,RMD,USD,943819,1998-11-13,1998-11-13 00:00:00,1999,Q1,19200000.0,5100000.0,14100000.0,0.734375,1400000,6400000.0,0.0,6400000.0,1000000.0,8800000.0,13900000.0,0.0,0.0,1000000.0,6300000.0,0.328125,5300000.0,0.2760416667,-500000.0,4800000.0,0.25,1600000.0,3200000.0,0.1666666667,0.0275,0.0275,116363636,116363636,https://www.sec.gov/Archives/edgar/data/943819/000094381998000006/0000943819-98-000006-index.htm,https://www.sec.gov/Archives/edgar/data/943819/000094381998000006/,0.165000000515625,0.0275000000859375,0.037812500118164,-0.0051562500161132,0.1417968754431152,0.4666406264582519,0.4047656262648926,0.4666406264582519,0.001718750005371,378181817.0,361881817.0,29.545454453125,19.696969635416668,85.95041295454546,-630.3030283333334,6.964674346224678,6.964674346224678,18.84801130208333,57.44155825396825,82.2458675,-603.1363616666666,0.0084615384879807,-0.0015865384664963,0.003683241252302,0.0029717682020802,-2.587301587301587,3.5,0.0,1.375,0.0,0.0,0.3333333333333333,0.0729166666666666,0.1069836552748885,1.1363636363636365,0.2604166666666667,5.0,0.0,0.5373396398213488,0.0648318042813455,0.0532445923460898,0.1433007816978149,32500000.0,47100000.0,32500000.0,53600000.0,12250000.0,3550000.0,8500000.0,52.96875,58.23529411764706,165.88235294117646,1.6991150442477876,1.5454545454545454,0.5425531914893617,0.0589318600368324,0.0429687501342773,1998-11-02,0.02672,bmo,15840000.0,2025-04-24,1998-09-30,0.122754491017964,4.738852459016393,2282937.704918033
1998-06-30,RMD,USD,943819,1998-09-15,1998-09-15 00:00:00,1998,Q4,19300000.0,5500000.0,13800000.0,0.7150259067,1200000,6100000.0,0.0,6100000.0,900000.0,8200000.0,13700000.0,0.0,0.0,900000.0,6500000.0,0.3367875648,5600000.0,0.2901554404,-1100000.0,4500000.0,0.2331606218,1500000.0,3000000.0,0.1554404145,0.0258,0.0258,116363636,116363636,https://www.sec.gov/Archives/edgar/data/943819/000094381998000003/0000943819-98-000003-index.htm,https://www.sec.gov/Archives/edgar/data/943819/000094381998000003/,0.1658593755183105,0.0257812500805664,0.0326562501020507,0.0025781250080566,0.1332031254162597,0.4365625013642578,0.3858593762058105,0.4365625013642578,0.001718750005371,331636362.6,316336362.6,27.63636355,17.18323122279793,87.272727,1105.4545420000002,6.528274854330709,6.528274854330709,16.390485108808292,48.66713270769231,83.24641121052632,1054.4545420000002,0.0090460526598478,0.0009046052659847,0.0039370078740157,0.0030959752321981,-2.353846153846154,3.3768115942028984,0.0,1.2666666666666666,0.0,0.0,0.3160621761658031,0.0621761658031088,0.0913312693498452,0.9210526315789472,0.1813471502590673,3.888888888888889,0.0,0.5032299256086274,0.0732026143790849,0.0511073253833049,0.1323437504135742,32800000.0,44900000.0,32800000.0,49800000.0,12100000.0,2950000.0,7400000.0,61.55440414507772,62.18181818181819,124.36363636363636,1.4621212121212122,1.4473684210526316,0.7236842105263158,0.0590551181102362,0.0300781250939941,1998-08-17,0.02756,bmo,15922500.0,2025-04-24,1998-06-30,0.0885341074020318,3.95203125,1740637.5
1998-03-31,RMD,USD,943819,1998-05-15,1998-05-15 00:00:00,1998,Q3,17100000.0,4900000.0,12200000.0,0.7134502924,1300000,5300000.0,0.0,5300000.0,1200000.0,7800000.0,12700000.0,0.0,0.0,1200000.0,5600000.0,0.3274853801,4400000.0,0.2573099415,400000.0,4800000.0,0.2807017544,1700000.0,3100000.0,0.1812865497,0.0275,0.0275,112727273,112727273,https://www.sec.gov/Archives/edgar/data/943819/000094381998000002/0000943819-98-000002-index.htm,https://www.sec.gov/Archives/edgar/data/943819/000094381998000002/,0.1516935480200962,0.0274999999334677,0.0150806451248048,-0.005322580632284,0.1046774191015868,0.4346774183031998,0.3823387087524063,0.4346774183031998,0.002661290316142,250254546.06000003,238754546.06000003,20.181818230645163,14.634768775438598,147.20855650588237,-417.0909101,5.107235633877552,5.107235633877552,13.962254155555556,42.63474036785715,140.44385062352944,-397.9242434333334,0.0123873873574179,-0.0023975588433712,0.0061224489795918,0.0051020408163265,-2.0535714285714284,4.336842105263158,0.0,0.53125,0.0,0.0,0.3099415204678362,0.0760233918128654,0.1003401360544217,1.3529411764705883,0.1345029239766081,1.9166666666666667,0.0,0.5186103083476101,0.057523616734143,0.0586011342155009,0.1228629029285574,31700000.0,43100000.0,31400000.0,48200000.0,10200000.0,2500000.0,7400000.0,57.89473684210526,38.57142857142857,132.24489795918367,1.5545454545454545,2.333333333333333,0.6805555555555556,0.0632653061224489,0.0204032257570889,1998-04-20,0.02304,bmo,14107500.0,2025-04-24,1998-03-31,0.3020833333333332,2.84359375,1222525.0
1997-12-31,RMD,USD,943819,1998-02-12,1998-02-12 00:00:00,1998,Q2,16100000.0,4500000.0,11600000.0,0.7204968944,1200000,5000000.0,0.0,5000000.0,700000.0,6900000.0,11400000.0,0.0,0.0,700000.0,5400000.0,0.3354037267,4700000.0,0.2919254658,-1200000.0,3500000.0,0.2173913043,1200000.0,2300000.0,0.1428571429,0.02,0.02,115000000,115000000,https://www.sec.gov/Archives/edgar/data/943819/000094381998000001/0000943819-98-000001-index.htm,https://www.sec.gov/Archives/edgar/data/943819/000094381998000001/,0.14,0.02,-0.0017391304347826,-0.0408695652173913,0.0660869565217391,0.3947826086956522,0.3426086956521739,0.3947826086956522,0.0034782608695652,202400000.0,195200000.0,22.0,12.571428571428571,-1012.0,-43.06382978723404,4.458149779735683,4.458149779735683,12.124223602484472,36.14814814814815,-976.0,-41.53191489361702,0.0113636363636363,-0.0232213438735177,0.0088105726872246,0.0070175438596491,-1.3333333333333333,3.5042735042735043,0.0,-0.0909090909090909,0.0,0.0,0.3105590062111801,0.0745341614906832,0.1052631578947368,-22.5,0.2795031055900621,6.428571428571429,0.0,0.4214880471769555,0.0675836198812128,0.0450980392156862,0.0595652173913043,29300000.0,39400000.0,29400000.0,44400000.0,8850000.0,2300000.0,6950000.0,52.54658385093168,58.0,152.0,1.7127659574468086,1.5517241379310345,0.5921052631578947,0.0506607929515418,0.0391304347826087,1998-02-02,0.01913,bmo,16100000.0,2025-04-24,1997-12-31,0.0454783063251437,2.416031746031746,653409.5238095238
1997-09-30,RMD,USD,943819,1997-11-13,1997-11-13 00:00:00,1998,Q1,14000000.0,4500000.0,9500000.0,0.6785714286,1300000,4700000.0,0.0,4700000.0,900000.0,6900000.0,11400000.0,0.0,0.0,900000.0,3500000.0,0.25,2600000.0,0.1857142857,700000.0,3300000.0,0.2357142857,1100000.0,2200000.0,0.1571428571,0.02,0.02,110000000,110000000,https://www.sec.gov/Archives/edgar/data/943819/000094381997000012/0000943819-97-000012-index.htm,https://www.sec.gov/Archives/edgar/data/943819/000094381997000012/,0.1272727272727272,0.02,0.0136363636363636,0.0,0.1218181818181818,0.4245454545454545,0.3827272727272727,0.4245454545454545,0.0054545454545454,179300000.0,166500000.0,20.375,12.807142857142855,119.53333333333332,0.0,3.839400428265524,3.839400428265524,11.892857142857142,47.57142857142857,111.0,0.0,0.0122699386503067,0.0,0.012847965738758,0.0106382978723404,-3.657142857142857,4.789473684210527,0.0,0.6818181818181818,0.0,0.0,0.3357142857142857,0.0928571428571428,0.0815602836879432,1.0,0.1071428571428571,1.6666666666666667,0.0,0.437087467843056,0.0367231638418079,0.0424710424710424,0.1188636363636363,36000000.0,42100000.0,35800000.0,46100000.0,8050000.0,2150000.0,6050000.0,53.35714285714285,34.0,126.0,1.686746987951807,2.647058823529412,0.7142857142857143,0.0471092077087794,0.0136363636363636,1997-10-27,0.01724,bmo,14000000.0,2025-04-24,1997-09-30,0.1600928074245941,1.991311475409836,381193.4426229508
1997-06-30,RMD,USD,943819,1997-09-26,1997-09-26 00:00:00,1997,Q4,14000000.0,4800000.0,9200000.0,0.6571428571,1100000,4700000.0,0.0,4700000.0,800000.0,6600000.0,11400000.0,0.0,0.0,800000.0,3400000.0,0.2428571429,2600000.0,0.1857142857,500000.0,3100000.0,0.2214285714,1000000.0,2100000.0,0.15,0.0191,0.0191,110000000,110000000,https://www.sec.gov/Archives/edgar/data/943819/000094381997000010/0000943819-97-000010-index.htm,https://www.sec.gov/Archives/edgar/data/943819/000094381997000010/,0.1272727272727272,0.019090909090909,0.0254545454545454,0.0127272727272727,0.0827272727272727,0.4054545454545454,0.3618181818181818,0.4054545454545454,0.0054545454545454,167200000.0,158700000.0,19.904761904761905,11.942857142857145,59.71428571428572,119.42857142857144,3.748878923766816,3.748878923766816,11.335714285714284,46.6764705882353,56.67857142857143,113.35714285714286,0.0125598086124401,0.0083732057416267,0.0134529147982062,0.0109289617486338,-2.5,4.44,0.0,1.3333333333333333,0.0,0.0,0.3357142857142857,0.0785714285714285,0.087431693989071,0.5,0.1,1.75,0.0,0.4173261997823685,0.0389666000570939,0.0419161676646706,0.0686363636363636,34400000.0,39800000.0,34100000.0,44100000.0,8200000.0,2150000.0,5500000.0,50.14285714285714,48.75,108.75,1.794871794871795,1.8461538461538465,0.8275862068965517,0.0470852017937219,0.0127272727272727,1997-08-11,0.01857,bmo,14000000.0,2025-04-24,1997-06-30,0.0770059235325794,1.7521875,309825.0
1997-03-31,RMD,USD,943819,1997-05-15,1997-05-15 00:00:00,1997,Q3,12500000.0,4400000.0,8100000.0,0.648,1100000,4100000.0,0.0,4100000.0,700000.0,5900000.0,10300000.0,0.0,0.0,700000.0,2900000.0,0.232,2200000.0,0.176,600000.0,2800000.0,0.224,900000.0,1900000.0,0.152,0.0175,0.0175,108571429,108571429,https://www.sec.gov/Archives/edgar/data/943819/000094381997000008/0000943819-97-000008-index.htm,https://www.sec.gov/Archives/edgar/data/943819/000094381997000008/,0.1151315784929016,0.017499999930921,0.0193421051868074,0.0082894736514889,0.0792105260031163,0.401578945783241,0.3573684196419667,0.401578945783241,0.0064473683956024,118342857.61,110442857.61,15.571428632894737,9.4674286088,56.35374171904762,131.49206401111113,2.7142857250000003,2.7142857250000003,8.835428608800001,38.08374400344828,52.59183695714287,122.71428623333335,0.0160550458081844,0.0076050216986136,0.0160550458715596,0.0130597014925373,-2.7241379310344827,4.5,0.0,1.105263157894737,0.0,0.0,0.328,0.088,0.0895522388059701,0.5714285714285714,0.096,1.7142857142857142,0.0,0.3976452052747354,0.0336988068365043,0.0389344262295082,0.0704605260376558,33600000.0,38800000.0,33200000.0,42800000.0,7750000.0,2050000.0,5450000.0,61.92000000000001,34.77272727272727,106.36363636363636,1.4534883720930232,2.588235294117647,0.8461538461538461,0.0435779816513761,0.0110526315353185,1997-05-15,,amc,,2025-04-24,1997-03-31,,1.54890625,447800.0
1996-12-31,RMD,USD,943819,1997-02-19,1997-02-19 00:00:00,1997,Q2,11600000.0,4100000.0,7500000.0,0.6465517241,900000,4100000.0,0.0,4100000.0,600000.0,5600000.0,9700000.0,0.0,0.0,600000.0,2500000.0,0.2155172414,1900000.0,0.1637931034,600000.0,2500000.0,0.2155172414,800000.0,1700000.0,0.1465517241,0.015,0.015,113333333,113333333,https://www.sec.gov/Archives/edgar/data/943819/000094381997000004/0000943819-97-000004-index.htm,https://www.sec.gov/Archives/edgar/data/943819/000094381997000004/,0.1023529414775086,0.0150000000441176,0.0247058824256055,0.0185294118192041,0.0758823531643598,0.3758823540467128,0.3308823539143599,0.3758823540467128,0.0061764706064013,156399999.54,148499999.54,22.99999993235294,13.48275858103448,55.85714269285714,74.47619025714285,3.671361491549295,3.671361491549295,12.801724098275862,59.399999816,53.03571412142857,70.71428549523809,0.0108695652493606,0.013427110013916,0.0164319248826291,0.0133843212237093,-3.16,4.473118279569892,0.0,1.6470588235294117,0.0,0.0,0.3534482758620689,0.0775862068965517,0.0975143403441682,0.25,0.0603448275862069,1.1666666666666667,0.0,0.3561745286567865,0.029838337182448,0.0360169491525423,0.0611029413561851,32300000.0,37500000.0,31900000.0,41300000.0,6800000.0,2450000.0,5900000.0,53.53448275862069,52.6829268292683,125.1219512195122,1.681159420289855,1.7083333333333333,0.7192982456140351,0.0399061032863849,0.0061764706064013,1997-05-05,0.01808,bmo,13750000.0,2025-04-24,1996-12-31,0.1061946902654868,1.275625,207900.0
1996-09-30,RMD,USD,943819,1996-11-12,1996-11-12 00:00:00,1997,Q1,11100000.0,4400000.0,6700000.0,0.6036036036,800000,3900000.0,0.0,3900000.0,500000.0,5200000.0,9600000.0,0.0,0.0,500000.0,2000000.0,0.1801801802,1500000.0,0.1351351351,1200000.0,2700000.0,0.2432432432,900000.0,1800000.0,0.1621621622,0.0175,0.0175,102857143,102857143,https://www.sec.gov/Archives/edgar/data/943819/000094381996000012/0000943819-96-000012-index.htm,https://www.sec.gov/Archives/edgar/data/943819/000094381996000012/,0.1079166665167824,0.0174999999756944,0.0174999999756944,0.010694444429591,0.0631944443566743,0.3986111105574845,0.3558333328391204,0.3986111105574845,0.0087499999878472,126514285.89,120914285.89,17.571428595833332,11.397683413513514,70.28571438333333,115.01298717272728,3.0857142900000003,3.0857142900000003,10.89317890900901,60.457142945,67.17460327222223,109.9220780818182,0.0142276422566621,0.0086946702679602,0.0219512195121951,0.0179282868525896,-2.8,4.662790697674419,0.0,1.0,0.0,0.0,0.3513513513513513,0.072072072072072,0.0876494023904382,0.3888888888888889,0.063063063063063,1.4,0.0,0.3961730992432715,0.0238663484486873,0.0393013100436681,0.0522569443718653,31500000.0,36600000.0,30900000.0,39500000.0,6500000.0,2450000.0,6100000.0,54.32432432432433,51.13636363636363,124.77272727272728,1.6567164179104477,1.76,0.7213114754098361,0.0439024390243902,0.0068055555461033,1996-11-12,,amc,,2025-04-24,1996-09-30,,1.318360655737705,306990.1639344262
1996-06-30,RMD,USD,943819,1996-09-27,1996-09-27 00:00:00,1996,Q4,10600000.0,4400000.0,6200000.0,0.5849056604,800000,3600000.0,0.0,3600000.0,600000.0,5000000.0,9400000.0,0.0,0.0,600000.0,1800000.0,0.1698113208,1200000.0,0.1132075472,1100000.0,2300000.0,0.2169811321,800000.0,1500000.0,0.141509434,0.0146,0.0146,102857143,102857143,https://www.sec.gov/Archives/edgar/data/943819/000094381996000007/0000943819-96-000007-index.htm,https://www.sec.gov/Archives/edgar/data/943819/000094381996000007/,0.1030555554124228,0.0145833333130787,0.0243055555217978,0.0184722221965663,0.0534722221479552,0.3791666661400463,0.3354166662008102,0.3791666661400463,0.0087499999878472,104914285.86,100314285.86,17.48571431,9.897574137735848,41.965714344,55.218045189473685,2.690109893846154,2.690109893846154,9.463611873584906,55.73015881111111,40.125714344,52.79699255789474,0.0142973856010575,0.0181100217613395,0.023076923076923,0.0191897654584221,-2.555555555555556,5.108108108108108,0.0,1.6666666666666667,0.0,0.0,0.3396226415094339,0.0754716981132075,0.0959488272921108,0.24,0.0566037735849056,1.0,0.0,0.3527237759981674,0.0196635350666375,0.035377358490566,0.0522569443718653,30400000.0,34500000.0,29900000.0,38200000.0,6500000.0,2350000.0,6100000.0,53.490566037735846,49.090909090909086,124.77272727272728,1.6825396825396826,1.8333333333333333,0.7213114754098361,0.0384615384615384,0.0058333333252314,1996-08-12,0.01284,bmo,10600000.0,2025-04-24,1996-06-30,0.1355140186915886,1.17734375,322000.0
1996-03-31,RMD,USD,943819,1996-05-14,1996-05-14 00:00:00,1996,Q3,9400000.0,4600000.0,4800000.0,0.5106382979,600000,2900000.0,0.0,2900000.0,200000.0,3700000.0,8300000.0,0.0,0.0,200000.0,1300000.0,0.1382978723,1100000.0,0.1170212766,700000.0,1800000.0,0.1914893617,600000.0,1200000.0,0.1276595745,0.0125,0.0125,96000000,96000000,https://www.sec.gov/Archives/edgar/data/943819/000094381996000004/0000943819-96-000004-index.htm,https://www.sec.gov/Archives/edgar/data/943819/000094381996000004/,0.0979166666666666,0.0125,0.0166666666666666,0.0135416666666666,0.0416666666666666,0.390625,0.3427083333333333,0.390625,0.009375,84000000.0,80900000.0,17.5,8.936170212765957,52.5,64.61538461538461,2.24,2.24,8.606382978723405,62.23076923076923,50.5625,62.23076923076923,0.0142857142857142,0.0154761904761904,0.024,0.0203160270880361,-2.3846153846153846,5.966666666666667,0.0,1.3333333333333333,0.0,0.0,0.3085106382978723,0.0638297872340425,0.1038374717832957,0.1875,0.0319148936170212,0.7500018750046876,0.0,0.3314563036811941,0.0191470844212358,0.0302267002518891,0.0549479166666666,29800000.0,32900000.0,29000000.0,37400000.0,,,,64.14893617021276,45.0,119.34782608695652,1.4029850746268655,2.0,0.7540983606557377,0.032,0.003125,1996-05-14,,amc,,2025-04-24,1996-03-31,,1.122925,292125.0
1995-12-31,RMD,USD,943819,1995-12-31,1995-12-30 19:00:00,1996,Q2,7900000.0,0.0,7900000.0,1.0,0,0.0,0.0,0.0,0.0,0.0,0.0,0.0,0.0,0.0,7900000.0,1.0,7900000.0,1.0,-7900000.0,0.0,0.0,-900000.0,900000.0,0.1139240506,0.01,0.01,62608000,62608000,,,0.1261819575773064,0.0143751597239969,,,,,,,,46956000.0,,13.043333333333331,5.943797468354431,0.0,0.0,0.0,0.0,,,0.0,0.0,0.0191668796319959,,0.0,0.0,,0.0,0.0,0.0,,,0.0,0.0,0.0,0.0,,0.0,,,0.0,0.0,,,,,,,,,,0.0,0.0,0.0,0.0,0.0,0.0,,1996-05-14,0.01,bmo,9400000.0,2025-04-24,1995-12-31,0.438,0.940754761904762,426514.28571428574
1995-09-30,RMD,USD,943819,1995-09-30,1995-09-29 20:00:00,1996,Q1,6700000.0,0.0,6700000.0,1.0,0,0.0,0.0,0.0,0.0,0.0,0.0,0.0,0.0,0.0,6700000.0,1.0,6700000.0,1.0,-6700000.0,0.0,0.0,-900000.0,900000.0,0.1343283582,0.0075,0.0075,62608000,62608000,,,0.1070150779453105,0.0143751597239969,,,,,,,,69494880.0,,19.304133333333333,10.372370149253731,0.0,0.0,0.0,0.0,,,0.0,0.0,0.0129505943459431,,0.0,0.0,,0.0,0.0,0.0,,,0.0,0.0,0.0,0.0,,0.0,,,0.0,0.0,,,,,,,,,,0.0,0.0,0.0,0.0,0.0,0.0,,1995-09-29,,amc,,2025-04-24,1995-09-30,,0.7904282539682539,662273.0158730159
1995-06-30,RMD,USD,943819,1995-06-30,1995-06-29 20:00:00,1995,Q4,6700000.0,0.0,6700000.0,1.0,0,0.0,0.0,0.0,-20700000.0,-20700000.0,-20700000.0,0.0,0.0,0.0,-14000000.0,-2.0895522388,-14000000.0,-2.0895522388,14000000.0,0.0,0.0,-700000.0,700000.0,0.1044776119,0.01,0.01,70000000,70000000,,,0.0957142857142857,0.01,,,0.0471428571428571,0.4128571428571428,0.41,0.4128571428571428,0.0114285714285714,52500000.0,50000000.0,18.75,7.835820895522388,0.0,0.0,1.816608996539792,1.816608996539792,7.462686567164179,-3.571428571428572,0.0,0.0,0.0133333333333333,,0.0276816608996539,0.0226628895184136,0.1785714285714285,5.789473684210527,0.0,0.0,,,0.0,0.0,0.0056657223796034,0.0,,0.0,,0.3047832953802704,,0.0199430199430199,0.0278571428571428,27300000.0,28700000.0,26600000.0,29500000.0,,,,51.04477611940299,0.0,0.0,1.763157894736842,0.0,0.0,0.0242214532871972,,1995-06-29,,amc,,2025-04-24,1995-06-30,,0.8942423809523811,736888.8888888889
1995-03-31,RMD,USD,943819,1995-03-31,1995-03-30 19:00:00,1995,Q3,5600000.0,0.0,5600000.0,1.0,0,0.0,0.0,0.0,0.0,0.0,0.0,0.0,0.0,0.0,5600000.0,1.0,5600000.0,1.0,-5600000.0,0.0,0.0,-700000.0,700000.0,0.125,0.01,0.01,70000000,70000000,,,0.08,0.01,,,,,,,,47031600.0,,16.797,8.3985,0.0,0.0,0.0,0.0,,,0.0,0.0,0.0148836101684824,,0.0,0.0,,0.0,0.0,0.0,,,0.0,0.0,0.0,0.0,,0.0,,,0.0,0.0,,,,,,,,,,0.0,0.0,0.0,0.0,0.0,0.0,,1995-03-30,,amc,,2025-04-24,1995-03-31,,0.9278739682539684,602031.746031746
1994-12-31,RMD,USD,943819,1994-12-31,1994-12-30 19:00:00,1995,Q2,5600000.0,0.0,5600000.0,1.0,0,0.0,0.0,0.0,0.0,0.0,0.0,0.0,0.0,0.0,5600000.0,1.0,5600000.0,1.0,-5600000.0,0.0,0.0,-700000.0,700000.0,0.125,0.01,0.01,70000000,70000000,,,0.08,0.01,,,,,,,,47031600.0,,16.797,8.3985,0.0,0.0,0.0,0.0,,,0.0,0.0,0.0148836101684824,,0.0,0.0,,0.0,0.0,0.0,,,0.0,0.0,0.0,0.0,,0.0,,,0.0,0.0,,,,,,,,,,0.0,0.0,0.0,0.0,0.0,0.0,,1994-12-30,,amc,,2025-04-24,1994-12-31,,0.7012685714285715,3116571.4285714286
1994-09-30,RMD,USD,943819,1994-09-30,1994-09-29 20:00:00,1995,Q1,5600000.0,0.0,5600000.0,1.0,0,0.0,0.0,0.0,0.0,0.0,0.0,0.0,0.0,0.0,5600000.0,1.0,5600000.0,1.0,-5600000.0,0.0,0.0,-700000.0,700000.0,0.125,0.01,0.01,70000000,70000000,,,0.08,0.01,,,,,,,,47031600.0,,16.797,8.3985,0.0,0.0,0.0,0.0,,,0.0,0.0,0.0148836101684824,,0.0,0.0,,0.0,0.0,0.0,,,0.0,0.0,0.0,0.0,,0.0,,,0.0,0.0,,,,,,,,,,0.0,0.0,0.0,0.0,0.0,0.0,,1994-09-29,,amc,,2025-04-24,1994-09-30,,,
1994-06-30,RMD,USD,943819,1994-06-30,1994-06-29 20:00:00,1994,Q4,3400000.0,0.0,3400000.0,1.0,0,0.0,0.0,0.0,-12600000.0,-12600000.0,-12600000.0,0.0,0.0,0.0,-9200000.0,-2.7058823529,-9200000.0,-2.7058823529,9200000.0,0.0,0.0,-300000.0,300000.0,0.0882352941,0.005,0.005,57440000,60000000,,,0.059192200557103,0.0052228412256267,,,0.0644150417827298,0.0974930362116991,0.0957520891364902,0.0974930362116991,0.0069637883008356,38592787.2,35292787.2,32.160656,11.350819764705884,0.0,0.0,6.891569142857144,6.891569142857144,10.380231529411766,-3.836172521739131,0.0,0.0,0.0077734732774107,,0.0714285714285714,0.0416666666666666,0.358695652173913,2.4285714285714284,0.0,0.0,,,0.0,0.0,0.0104166666666666,0.0,,0.0,,0.1070363937948426,,0.031578947368421,0.0348189415041782,5000000.0,5500000.0,4500000.0,5900000.0,,,,63.52941176470588,0.0,0.0,1.4166666666666667,0.0,0.0,0.0535714285714285,,1994-06-29,,amc,,2025-04-24,1994-06-30,,,
1994-03-31,RMD,USD,943819,1994-03-31,1994-03-30 19:00:00,1994,Q3,3500000.0,0.0,3500000.0,1.0,0,0.0,0.0,0.0,0.0,0.0,0.0,0.0,0.0,0.0,3500000.0,1.0,3500000.0,1.0,-3500000.0,0.0,0.0,-300000.0,300000.0,0.0857142857,0.005,0.005,60000000,60000000,,,0.0583333333333333,0.005,,,,,,,,40312800.0,,33.594,11.517942857142858,0.0,0.0,0.0,0.0,,,0.0,0.0,0.0074418050842412,,0.0,0.0,,0.0,0.0,0.0,,,0.0,0.0,0.0,0.0,,0.0,,,0.0,0.0,,,,,,,,,,0.0,0.0,0.0,0.0,0.0,0.0,,1994-03-30,,amc,,2025-04-24,1994-03-31,,,
1993-12-31,RMD,USD,943819,1993-12-31,1993-12-30 19:00:00,1994,Q2,3500000.0,0.0,3500000.0,1.0,0,0.0,0.0,0.0,0.0,0.0,0.0,0.0,0.0,0.0,3500000.0,1.0,3500000.0,1.0,-3500000.0,0.0,0.0,-300000.0,300000.0,0.0857142857,0.005,0.005,60000000,60000000,,,0.0583333333333333,0.005,,,,,,,,40312800.0,,33.594,11.517942857142858,0.0,0.0,0.0,0.0,,,0.0,0.0,0.0074418050842412,,0.0,0.0,,0.0,0.0,0.0,,,0.0,0.0,0.0,0.0,,0.0,,,0.0,0.0,,,,,,,,,,0.0,0.0,0.0,0.0,0.0,0.0,,1993-12-30,,amc,,2025-04-24,1993-12-31,,,
1993-09-30,RMD,USD,943819,1993-09-30,1993-09-29 20:00:00,1994,Q1,3500000.0,0.0,3500000.0,1.0,0,0.0,0.0,0.0,0.0,0.0,0.0,0.0,0.0,0.0,3500000.0,1.0,3500000.0,1.0,-3500000.0,0.0,0.0,-300000.0,300000.0,0.0857142857,0.005,0.005,60000000,60000000,,,0.0583333333333333,0.005,,,,,,,,40312800.0,,33.594,11.517942857142858,0.0,0.0,0.0,0.0,,,0.0,0.0,0.0074418050842412,,0.0,0.0,,0.0,0.0,0.0,,,0.0,0.0,0.0,0.0,,0.0,,,0.0,0.0,,,,,,,,,,0.0,0.0,0.0,0.0,0.0,0.0,,1993-09-29,,amc,,2025-04-24,1993-09-30,,,
1993-06-30,RMD,USD,943819,1993-06-30,1993-06-29 20:00:00,1993,Q4,2000000.0,0.0,2000000.0,1.0,0,0.0,0.0,0.0,-7000000.0,-7000000.0,-7000000.0,0.0,0.0,0.0,-5000000.0,-2.5,-5000000.0,-2.5,5000000.0,0.0,0.0,-200000.0,200000.0,0.1,0.0038,0.0038,53333333,53333333,,,0.037500000234375,0.0037500000234375,,,0.0318750001992187,0.0543750003398437,0.052500000328125,0.0543750003398437,0.0056250000351562,35833599.77604,34433599.77604,44.79199972005,17.91679988802,0.0,0.0,12.356413715875863,12.356413715875863,17.216799888020002,-6.886719955208001,0.0,0.0,0.0055813538480643,,0.1034482758620689,0.0576923076923076,0.28,2.3684210526315788,0.0,0.0,,,0.0,0.0,0.0192307692307692,0.0,,0.0,,0.0677339699290439,,0.0392156862745098,0.0192187501201171,2600000.0,2800000.0,2200000.0,3200000.0,,,,67.5,0.0,0.0,1.3333333333333333,0.0,0.0,0.0689655172413793,,1993-06-29,,amc,,2025-04-24,1993-06-30,,,
1993-03-31,RMD,USD,943819,1993-03-31,1993-03-30 19:00:00,1993,Q3,1900000.0,0.0,1900000.0,1.0,0,0.0,0.0,0.0,0.0,0.0,0.0,0.0,0.0,0.0,1900000.0,1.0,1900000.0,1.0,-1900000.0,0.0,0.0,-200000.0,200000.0,0.1052631579,0.005,0.005,53333333,53333333,,,0.0356250002226562,0.0037500000234375,,,,,,,,35833599.77604,,44.79199972005,18.859789355810527,0.0,0.0,0.0,0.0,,,0.0,0.0,0.0055813538480643,,0.0,0.0,,0.0,0.0,0.0,,,0.0,0.0,0.0,0.0,,0.0,,,0.0,0.0,,,,,,,,,,0.0,0.0,0.0,0.0,0.0,0.0,,1993-03-30,,amc,,2025-04-24,1993-03-31,,,
1992-12-31,RMD,USD,943819,1992-12-31,1992-12-30 19:00:00,1993,Q2,1900000.0,0.0,1900000.0,1.0,0,0.0,0.0,0.0,0.0,0.0,0.0,0.0,0.0,0.0,1900000.0,1.0,1900000.0,1.0,-1900000.0,0.0,0.0,-200000.0,200000.0,0.1052631579,0.005,0.005,62624000,62624000,,,0.0303398058252427,0.0031936637710781,,,,,,,,42075813.120000005,,52.594766400000005,22.145164800000003,0.0,0.0,0.0,0.0,,,0.0,0.0,0.0047533246577933,,0.0,0.0,,0.0,0.0,0.0,,,0.0,0.0,0.0,0.0,,0.0,,,0.0,0.0,,,,,,,,,,0.0,0.0,0.0,0.0,0.0,0.0,,1992-12-30,,amc,,2025-04-24,1992-12-31,,,
1992-09-30,RMD,USD,943819,1992-09-30,1992-09-29 20:00:00,1993,Q1,1900000.0,0.0,1900000.0,1.0,0,0.0,0.0,0.0,0.0,0.0,0.0,0.0,0.0,0.0,1900000.0,1.0,1900000.0,1.0,-1900000.0,0.0,0.0,-200000.0,200000.0,0.1052631579,0.005,0.005,62624000,62624000,,,0.0303398058252427,0.0031936637710781,,,,,,,,42075813.120000005,,52.594766400000005,22.145164800000003,0.0,0.0,0.0,0.0,,,0.0,0.0,0.0047533246577933,,0.0,0.0,,0.0,0.0,0.0,,,0.0,0.0,0.0,0.0,,0.0,,,0.0,0.0,,,,,,,,,,0.0,0.0,0.0,0.0,0.0,0.0,,1992-09-29,,amc,,2025-04-24,1992-09-30,,,
