date,symbol,reportedCurrency,cik,fillingDate,acceptedDate,calendarYear,period,revenue,costOfRevenue,grossProfit,grossProfitRatio,researchAndDevelopmentExpenses,generalAndAdministrativeExpenses,sellingAndMarketingExpenses,sellingGeneralAndAdministrativeExpenses,otherExpenses,operatingExpenses,costAndExpenses,interestIncome,interestExpense,depreciationAndAmortization,ebitda,ebitdaratio,operatingIncome,operatingIncomeRatio,totalOtherIncomeExpensesNet,incomeBeforeTax,incomeBeforeTaxRatio,incomeTaxExpense,netIncome,netIncomeRatio,eps,epsdiluted,weightedAverageShsOut,weightedAverageShsOutDil,link,finalLink,revenuePerShare,netIncomePerShare,operatingCashFlowPerShare,freeCashFlowPerShare,cashPerShare,bookValuePerShare,tangibleBookValuePerShare,shareholdersEquityPerShare,interestDebtPerShare,marketCap,enterpriseValue,peRatio,priceToSalesRatio,pocfratio,pfcfRatio,pbRatio,ptbRatio,evToSales,enterpriseValueOverEBITDA,evToOperatingCashFlow,evToFreeCashFlow,earningsYield,freeCashFlowYield,debtToEquity,debtToAssets,netDebtToEBITDA,currentRatio,interestCoverage,incomeQuality,dividendYield,payoutRatio,salesGeneralAndAdministrativeToRevenue,researchAndDdevelopementToRevenue,intangiblesToTotalAssets,capexToOperatingCashFlow,capexToRevenue,capexToDepreciation,stockBasedCompensationToRevenue,grahamNumber,roic,returnOnTangibleAssets,grahamNetNet,workingCapital,tangibleAssetValue,netCurrentAssetValue,investedCapital,averageReceivables,averagePayables,averageInventory,daysSalesOutstanding,daysPayablesOutstanding,daysOfInventoryOnHand,receivablesTurnover,payablesTurnover,inventoryTurnover,roe,capexPerShare,report_date,epsEstimated,time,revenueEstimated,updatedFromDate,fiscalDateEnding,surprise(%),QuarterAvgPrice,QuarterAvgVolume
2025-03-31,ROL,USD,84839,2025-04-24,2025-04-24 16:39:33,2025,Q1,822504000.0,400134000.0,422370000.0,0.5135172595,0,0.0,0.0,250513000.0,29209000.0,279722000.0,679856000.0,0.0,5796000.0,29209000.0,172549000.0,0.209784998,142648000.0,0.1734313754,-5104000.0,137544000.0,0.1672259345,32296000.0,105248000.0,0.1279604719,0.22,0.22,484414000,484434000,https://www.sec.gov/Archives/edgar/data/84839/000008483925000069/0000084839-25-000069-index.htm,https://www.sec.gov/Archives/edgar/data/84839/000008483925000069/rol-20250331.htm,1.6979360629544151,0.2172686999137101,0.3032364877976276,0.2892381310201604,0.4152997229642413,2.798746526731267,-0.7385521475432172,2.798746526731267,1.892655868740375,26172888420.0,26882744420.0,62.169562414487686,31.82098618365382,178.1777661138796,186.8010964164127,19.305070853666457,19.305070853666457,32.68402879499674,155.79774104747057,183.01026890504588,191.8674794983977,0.0040212604092857,0.0053532876368713,0.6719761431294219,0.3089757773121641,4.11393864931121,0.8730439889513347,24.611456176673567,1.3956749771967163,0.0030531593883591,0.7592543326238979,0.0,0.0,0.5811372881252463,0.0461631674972088,0.0082443368056568,0.2321544729364237,0.0,3.698891784459985,0.0447498277022073,0.0852182235245631,-2.51205941611927,-80848000.0,-357765000.0,-1036835000.0,2179106000.0,234692500.0,51350000.0,0.0,25.49564500598173,11.937875811603114,0.0,3.5300146350046995,7.539029674988225,0.0,0.0776307171223055,0.0139983567774672,2025-04-23,0.2214,amc,816663916.0,2025-05-11,2025-03-31,-0.006323396567299,50.21033333333333,1798292.7333333334
2024-12-31,ROL,USD,84839,2025-02-13,2025-02-13 16:17:39,2024,Q4,832169000.0,405462000.0,426707000.0,0.512764835,0,0.0,0.0,245545000.0,30535000.0,276080000.0,681542000.0,0.0,5027000.0,30535000.0,180912000.0,0.2173981487,150627000.0,0.1810053006,-5277000.0,145350000.0,0.1746640406,39675000.0,105675000.0,0.1269874268,0.22,0.22,484304000,484351000,https://www.sec.gov/Archives/edgar/data/84839/000008483925000024/0000084839-25-000024-index.htm,https://www.sec.gov/Archives/edgar/data/84839/000008483925000024/rol-20241231.htm,1.7182781889061416,0.2181997257920644,0.3885121741715947,0.3798750371667382,0.1850697082824011,2.747433430242162,-0.7682798407611748,2.747433430242162,1.6881029270871188,22447490400.0,23170388400.0,53.10501632363378,26.97467749940217,119.30128083844428,122.01380839788014,16.87029046447712,16.87029046447712,27.84336883493617,128.07546431414167,123.143254073704,125.94313575214024,0.0047076531993972,0.0081957936821302,0.6106510405510926,0.2881616628748854,3.995854338020695,0.6860648953286151,29.963596578476228,1.780534658149988,0.0035649864895364,0.7572746628814763,0.0,0.0,0.6038504164457503,0.0222313162342286,0.0050266231979321,0.1369903389552972,0.0086785256360186,3.6726703466269326,0.047699756123372,0.0946043091401146,-2.523591587102316,-202539000.0,-372081000.0,-1046479000.0,2039448000.0,251061500.0,53921000.0,19641500.0,25.564975383605976,11.01521227636622,0.0,3.5204414887766413,8.170518891687657,0.0,0.0794194768798573,0.0086371370048564,2025-02-12,0.23,amc,817638577.0,2025-05-11,2024-12-31,0.0,48.9728125,1582188.28125
2024-09-30,ROL,USD,84839,2024-10-24,2024-10-24 15:02:16,2024,Q3,916270000.0,421892000.0,494378000.0,0.5395549347,0,0.0,0.0,274918000.0,27664000.0,302582000.0,724474000.0,0.0,7150000.0,27664000.0,220042000.0,0.2401497375,191796000.0,0.2093225796,-6568000.0,185228000.0,0.2021543868,48315000.0,136913000.0,0.1494242963,0.28,0.28,484317000,484359000,https://www.sec.gov/Archives/edgar/data/84839/000008483924000106/0000084839-24-000106-index.htm,https://www.sec.gov/Archives/edgar/data/84839/000008483924000106/rol-20240930.htm,1.8918807310088228,0.2826929469748119,0.3034107826072593,0.287879632554711,0.1967347832101702,2.720897676521782,-0.7393215600526102,2.720897676521782,1.7480451852815408,24496753860.0,25240929860.0,44.730511090984784,26.73530057734074,166.70468849313016,175.698431845078,18.58945319276327,18.58945319276327,27.54748039333384,114.70960025813254,171.76893614704622,181.03589643177332,0.0055890262351682,0.0056915704340591,0.6370258397285732,0.2980820240622285,3.3819725325165195,0.7820720564311298,26.824615384615385,1.0732874160963533,0.002971699859338,0.5317026140687882,0.0,0.0,0.5950728606440314,0.0511885237534621,0.0082093706003688,0.2719057258530942,0.0078601285647243,4.160110348096476,0.058543415518201,0.120061735161419,-2.445075745844147,-135566000.0,-358066000.0,-1011919000.0,2061071000.0,255441500.0,56146000.0,38604000.0,26.10222969212132,12.419126221876688,8.38003564893385,3.4479813051053467,7.246886648229898,10.739811114222436,0.1038969415917867,0.0155311500525482,2024-10-23,0.3,amc,911150915.0,2025-04-25,2024-09-30,-0.0333333333333333,49.38359375,1556348.375
2024-06-30,ROL,USD,84839,2024-07-25,2024-07-25 16:10:34,2024,Q2,891920000.0,437996000.0,453924000.0,0.5089290519,0,0.0,0.0,271547000.0,412000.0,271547000.0,709543000.0,0.0,7775000.0,27711000.0,210088000.0,0.2355457889,182377000.0,0.2044768589,-7363000.0,175014000.0,0.1962216342,45617000.0,129397000.0,0.1450769127,0.27,0.27,484244000,484419000,https://www.sec.gov/Archives/edgar/data/84839/000008483924000094/0000084839-24-000094-index.htm,https://www.sec.gov/Archives/edgar/data/84839/000008483924000094/rol-20240630.htm,1.8418813655925528,0.2672144621306614,0.2996733051932497,0.2817154161951413,0.2391294471382195,2.552552019229975,-0.8800026432955287,2.552552019229975,1.824208456893632,23398670080.0,24167560080.0,45.20713401392613,26.23404574401292,161.24225669296763,171.52060988571972,18.930074543427576,18.930074543427576,27.09610736388914,115.03541411218156,166.5407440995073,177.1568482396147,0.005530100623565,0.0058302031497338,0.7083704809968464,0.3164960661514071,3.659847302082937,0.7775916058693335,23.45684887459807,1.1214711401459936,0.0031018002199208,0.5608939929055542,0.0,0.0,0.6008287722184911,0.0599248871584605,0.0097497533411068,0.3138104002020858,0.0093943402995784,3.917495798948495,0.0569342232481792,0.1171747374826588,-2.502515260901529,-135658000.0,-426136000.0,-1056152000.0,2026669000.0,229056500.0,47056500.0,36811500.0,24.736276796125217,11.111402843861589,7.792879387026366,3.638381019980256,8.099787332408692,11.549004614370467,0.104685217036741,0.0179578889981083,2024-07-24,0.27,amc,895020493.0,2025-04-25,2024-06-30,0.0,46.15857142857143,1687751.5714285714
2024-03-31,ROL,USD,84839,2024-04-25,2024-04-25 16:05:43,2024,Q1,748349000.0,392868000.0,355481000.0,0.4750203448,0,0.0,0.0,221008000.0,-61000.0,221008000.0,613876000.0,0.0,7725000.0,27310000.0,159734000.0,0.213448538,134473000.0,0.1796928973,-7786000.0,124638000.0,0.1665506335,30244000.0,94394000.0,0.1261363348,0.2,0.19,484131000,484318000,https://www.sec.gov/Archives/edgar/data/84839/000008483924000070/0000084839-24-000070-index.htm,https://www.sec.gov/Archives/edgar/data/84839/000008483924000070/rol-20240331.htm,1.5457572433907352,0.1949761531486312,0.2632200788629524,0.2484079722223943,0.2527642311688365,2.411529110922457,-0.6921184555419917,2.411529110922457,1.7818359080496808,22134469320.0,22876415320.0,58.62255365807149,29.57773621665827,173.69495593762994,184.052063993614,18.95892518689572,18.95892518689572,30.569180048346425,143.21569183768014,179.5171997834156,190.2214774409207,0.0042645702788414,0.0054332452367102,0.7322654638645443,0.3215643159098765,4.644884620681884,0.716890001621797,17.407508090614886,1.3500116532830475,0.0032794551769267,0.7690001483145115,0.0,0.0,0.5651701127540275,0.0562727080112686,0.0095824274502939,0.2625778103258879,0.0095957901994924,3.252582060180187,0.0450337372220159,0.0816523895654761,-2.4604389101296964,-167583000.0,-335076000.0,-1066770000.0,1803744000.0,214105000.0,44619000.0,34540500.0,25.61290253611617,9.172088335013289,8.177861266379548,3.5138539989012587,9.812378240671364,11.005322427026725,0.0808516688708141,0.014812106640558,2024-04-24,0.2,amc,739116415.0,2025-04-25,2024-03-31,0.0,44.088524590163935,1962601.0327868853
2023-12-31,ROL,USD,84839,2024-02-15,2024-02-15 16:15:28,2023,Q4,754086000.0,370305000.0,383781000.0,0.5089353204,0,102578000.0,115987000.0,218565000.0,15860000.0,244708000.0,615013000.0,0.0,8258000.0,26143000.0,181076000.0,0.2401264577,139073000.0,0.1844259143,7602000.0,146675000.0,0.1945069926,37872000.0,108803000.0,0.1442846041,0.22,0.22,483922000,484112000,https://www.sec.gov/Archives/edgar/data/84839/000008483924000025/0000084839-24-000025-index.htm,https://www.sec.gov/Archives/edgar/data/84839/000008483924000025/rol-20231231.htm,1.5582800533970351,0.2248358206487822,0.3158050264298792,0.2926897309897049,0.2166154876199056,2.3879199540421805,-0.9515521096375036,2.3879199540421805,1.7040060174986875,21132873740.0,21845396740.0,48.55765406284753,28.024487578339876,138.2815229183707,149.20236474417356,18.287882693084867,18.287882693084867,28.969370522725523,120.6421432989463,142.94386873875348,154.23292129992444,0.0051485189065441,0.0067023066404787,0.7064480034476581,0.3145292164009463,3.934938920674192,0.7051270268723697,16.841002664083312,1.4046028142606362,0.0034327087216109,0.666737130410007,0.1360295775282925,0.0,0.6226426144113182,0.0731948306886962,0.0148338518418323,0.4278774432926596,0.0081926995064223,3.47563284978293,0.0468250454193511,0.111089669762389,-2.3907721698951483,-170050000.0,-460477000.0,-1033254000.0,1896045000.0,225941500.0,46810500.0,33303000.0,25.68872781088629,11.957710535909587,8.113501032932312,3.5034821756280228,7.526524390243902,11.092621993230088,0.0941555098060086,0.0231152954401742,2024-02-14,0.21,amc,753380000.0,2025-04-25,2023-12-31,0.0,38.92047619047619,2307636.634920635
2023-09-30,ROL,USD,84839,2023-10-26,2023-10-26 16:12:59,2023,Q3,840427000.0,388533000.0,451894000.0,0.537695719,0,0.0,0.0,244906000.0,493000.0,269574000.0,658107000.0,5547000.0,5547000.0,24668000.0,206988000.0,0.2462890888,177124000.0,0.2107547711,-5054000.0,172070000.0,0.2047411613,44293000.0,127777000.0,0.1520381901,0.26,0.26,490775000,490965000,https://www.sec.gov/Archives/edgar/data/84839/000008483923000078/0000084839-23-000078-index.htm,https://www.sec.gov/Archives/edgar/data/84839/000008483923000078/rol-20230930.htm,1.7124486781111508,0.2603575976771433,0.2594977331771178,0.2455035403188834,0.2916754113392084,2.24714584076206,-1.041253120065203,2.24714584076206,1.851597982782334,18320630750.0,19081554750.0,35.84493052349014,21.799193445712717,143.85482116917277,152.05483371650053,16.612183919197925,16.612183919197925,22.704595104631338,92.1867680735115,149.82964744218916,158.3702370380207,0.0069744869455436,0.0065765748812987,0.8189479372857242,0.3421157996134027,3.676174464220148,0.8196549400374079,31.93149450153236,0.99669737120139,0.0034829041025238,0.4993778222997879,0.0,0.0,0.6113220783520338,0.0539279965450904,0.0081720363577086,0.2784173828441705,0.0072534556838369,3.62820666258792,0.0588344126024519,0.1245276987563505,-2.4448525291630583,-104906000.0,-511021000.0,-1060324000.0,1810732000.0,225353000.0,59409500.0,32954000.0,25.341832187685544,10.289705121572686,7.695794179644973,3.551440137928703,8.746606334841628,11.694699455196702,0.1158614598814155,0.0139941928582344,2023-10-25,0.25,amc,826160000.0,2025-04-25,2023-09-30,0.1200000000000001,40.39571428571429,2416049.5555555555
2023-06-30,ROL,USD,84839,2023-07-27,2023-07-27 17:02:11,2023,Q2,820750000.0,384191000.0,436559000.0,0.5319025282,0,0.0,0.0,255331000.0,1019000.0,281770000.0,665961000.0,4785000.0,4785000.0,26439000.0,182247000.0,0.2220493451,154789000.0,0.1885945781,-3766000.0,151023000.0,0.184006092,40880000.0,110143000.0,0.1341979896,0.22,0.22,492700000,492891000,https://www.sec.gov/Archives/edgar/data/84839/000008483923000059/0000084839-23-000059-index.htm,https://www.sec.gov/Archives/edgar/data/84839/000008483923000059/rol-20230630.htm,1.6658209864014613,0.2235498274812259,0.2991942358433123,0.2854434747310737,0.3157032677085447,2.7242236655165417,0.5858737568500102,2.7242236655165417,1.2774771666328395,21102341000.0,21572222000.0,47.89759903035145,25.71104599451721,143.15115356176184,150.04722052361382,15.721910260947306,15.721910260947306,26.283547974413647,118.36804995418306,146.3386675530652,153.3882876605185,0.0052194683044881,0.0066645686371952,0.4653675799512004,0.2403034628154178,2.578264662792803,0.8059444051686553,32.34879832810867,1.3383782900411283,0.0030301377463287,0.580545291121542,0.0,0.0,0.4053217559909669,0.0459593115939571,0.0082546451416387,0.256250236393207,0.0077782515991471,3.701687984561388,0.0513726461310571,0.0712546861909798,-1.876738380353156,-111718000.0,288660000.0,-793122000.0,1224445000.0,201543500.0,56735500.0,31772000.0,23.47314042034725,17.428362455132994,7.656738445200434,3.834169539666078,5.163996343987741,11.754352149303962,0.0820600122930209,0.0137507611122386,2023-07-26,0.23,amc,819520000.0,2025-04-25,2023-06-30,0.0,40.64758064516129,1490838.3064516129
2023-03-31,ROL,USD,84839,2023-04-27,2023-04-27 17:13:56,2023,Q1,658015000.0,326842000.0,331173000.0,0.5032909584,0,0.0,0.0,196431000.0,22502000.0,218933000.0,545775000.0,0.0,465000.0,22502000.0,139456000.0,0.2119343784,112240000.0,0.1705736191,4249000.0,116489000.0,0.1770309187,28255000.0,88234000.0,0.1340911681,0.18,0.18,492516000,492701000,https://www.sec.gov/Archives/edgar/data/84839/000008483923000018/0000084839-23-000018-index.htm,https://www.sec.gov/Archives/edgar/data/84839/000008483923000018/rol-20230331.htm,1.336027662045497,0.1791495098636389,0.2046085812440611,0.1891045164014976,0.2284250663937821,2.614639930479416,0.0400047917225024,2.614639930479416,0.6938617222587693,18484125480.0,18712895480.0,52.37245698936918,28.09073574310616,183.42339197999465,198.4616798909134,14.353792873161913,14.353792873161913,28.43840258960662,134.18494349472235,185.6935437071438,200.9179539817688,0.0047735014618608,0.0050387560991606,0.2650145369605328,0.1595564232969873,1.6404457319871502,0.7871215946730116,241.3763440860215,1.1421107509576809,0.0034652978345827,0.7259446471881588,0.0,0.0,0.5928548786611348,0.075774264932075,0.0116045986793614,0.3393476135454626,0.0090377878923732,3.246422322394908,0.0484278461267535,0.1013209130985477,-1.1805357592443697,-99490000.0,19703000.0,-483268000.0,1567216000.0,189201000.0,40934500.0,30302000.0,25.85389390819358,10.759235349190128,8.497408533786967,3.4811003835471497,8.364906713075525,10.591464402605398,0.0685178512632867,0.0155040648425634,2023-04-26,0.17,amc,638400000.0,2025-04-25,2023-03-31,0.0588235294117645,36.07096774193548,1351109.8064516129
2022-12-31,ROL,USD,84839,2023-02-16,2023-02-16 16:30:17,2022,Q4,661390000.0,327613000.0,333777000.0,0.504659883,0,87869000.0,102959000.0,190828000.0,23033000.0,213861000.0,541474000.0,344000.0,344000.0,23033000.0,142950000.0,0.2161357142,119916000.0,0.1813090612,-2509000.0,122569000.0,0.1853203103,38300000.0,88233000.0,0.1334054038,0.17,0.17,492344000,492457000,https://www.sec.gov/Archives/edgar/data/84839/000008483923000006/0000084839-23-000006-index.htm,https://www.sec.gov/Archives/edgar/data/84839/000008483923000006/rol-20221231x10k.htm,1.3433493654842956,0.1792100645077425,0.2506215166631461,0.2349678273727312,0.1946728303787595,2.573804088198495,0.0035442698600978,2.573804088198495,0.6838165997757666,17990249760.0,18231232760.0,50.97369963619055,27.20066792663935,145.79753760373444,155.51065185633402,14.196884746412753,14.196884746412753,27.56502632334931,127.5357310947884,147.75052483143153,157.59374819553096,0.0049044899974751,0.0064304276785093,0.2654117710190286,0.1584941386258805,1.6857852395942636,0.7060151807267955,348.59302325581393,1.464263252204251,0.0035565376164071,0.7251595208142079,0.1328550477025658,0.0,0.5963408588388089,0.0624594787344398,0.0116527313687839,0.3346068684061998,0.008014938236139,3.221515315068009,0.04549116420496,0.1030066217124925,-1.2228843044700453,-145165000.0,1745000.0,-506212000.0,1525688000.0,195952000.0,42835000.0,29158500.0,25.769863469359983,11.75667632236816,8.171379035630455,3.4924515648679617,7.655224787363305,11.014052781980164,0.0696284792340891,0.0156536892904148,2023-02-15,0.17,amc,660326575.0,2025-04-25,2022-12-31,0.0,38.85079365079365,1629671.0476190476
2022-09-30,ROL,USD,84839,2022-10-27,2022-10-27 16:21:45,2022,Q3,729704000.0,348158000.0,381546000.0,0.5228777696,0,0.0,0.0,213581000.0,24282000.0,237863000.0,586021000.0,846000.0,846000.0,24282000.0,169945000.0,0.2328958043,143683000.0,0.1969058687,1134000.0,144817000.0,0.1984599235,37195000.0,108943000.0,0.1492975234,0.22,0.22,492316000,492430000,https://www.sec.gov/Archives/edgar/data/84839/000008483922000059/0000084839-22-000059-index.htm,https://www.sec.gov/Archives/edgar/data/84839/000008483922000059/rol-20220930x10q.htm,1.482186238107232,0.2212867345363547,0.2594268721715321,0.24512711347996,0.2690873341512362,2.430453204852168,-0.0385504432112708,2.430453204852168,0.8122831677215447,17073518880.0,17350696880.0,39.17993556263367,23.397869382653788,133.67928969621047,141.47761750082864,14.268943722415507,14.268943722415507,23.777719294398825,102.0959538674277,135.8494901346696,143.774418959231,0.0063808170281532,0.0070682558673575,0.3335035447715977,0.1889028219398688,1.6309864956309394,0.7826211480101771,169.83806146572104,1.1867462043076695,0.0028817140945463,0.4516214901370441,0.0,0.0,0.5754034470336566,0.0551205762605699,0.0096477475798405,0.2899266946709496,0.0067931654479076,3.478664786346332,0.0598895631360761,0.1214589839155451,-1.2538181777557504,-110813000.0,-18979000.0,-516976000.0,1505444000.0,197552000.0,46788000.0,29043500.0,24.97921074846787,11.083071479041124,7.385956950579909,3.6029961437240474,8.120492606241545,12.185286294274114,0.0910475190777493,0.014299758691572,2022-10-26,0.21,bmo,714937215.0,2025-04-25,2022-09-30,0.0476190476190476,36.07671875,1381617.265625
2022-06-30,ROL,USD,84839,2022-07-28,2022-07-28 16:36:58,2022,Q2,714049000.0,336780000.0,377269000.0,0.5283516958,0,0.0,0.0,219987000.0,24325000.0,244312000.0,581092000.0,0.0,880000.0,24325000.0,159193000.0,0.2229440837,132957000.0,0.1862015072,1031000.0,133988000.0,0.1876453857,33689000.0,101620000.0,0.1423151632,0.21,0.21,492327000,492440000,https://www.sec.gov/Archives/edgar/data/84839/000008483922000048/0000084839-22-000048-index.htm,https://www.sec.gov/Archives/edgar/data/84839/000008483922000048/rol-20220630x10q.htm,1.4503551501339558,0.2064075299546846,0.2585375167317656,0.2425197074302242,0.4719708648926425,2.326841712926571,-0.0721288899450974,2.326841712926571,0.9985761495916332,17192058840.0,17461840840.0,42.29496860854163,24.07686144788383,135.0674379541973,143.98829839445892,15.0074669050348,15.0074669050348,24.454681457434997,109.68975294139818,137.18694928703303,146.2477980552601,0.0059108685554033,0.0069450088038437,0.4283869908962112,0.2264129529103355,1.6946850678107706,0.9792445687443988,151.0875,1.26905552398329,0.0028634732150556,0.4844420389687069,0.0,0.0,0.5449078700538228,0.0619554542954786,0.0110440600014844,0.3241932168550873,0.0067488365644374,3.2872856793433347,0.0546711113304871,0.1030206690159407,-1.2803700589242517,-10746000.0,-35511000.0,-514917000.0,1553111000.0,178414500.0,44644000.0,29288500.0,24.27274598802043,13.549438802779262,7.887493319080706,3.707862309621606,6.642341524989153,11.410469252922242,0.0887071642252264,0.0160178093015414,2022-07-27,0.2,bmo,686330569.0,2025-04-25,2022-06-30,0.0,34.33564516129032,1534535.8548387096
2022-03-31,ROL,USD,84839,2022-04-28,2022-04-28 16:33:09,2022,Q1,590680000.0,295378000.0,295302000.0,0.4999356674,0,0.0,0.0,178785000.0,24847000.0,203632000.0,499010000.0,0.0,568000.0,24847000.0,117796000.0,0.1994243922,91670000.0,0.1551940137,711000.0,92381000.0,0.1563977111,19936000.0,73766000.0,0.1248831855,0.15,0.15,492213000,492325000,https://www.sec.gov/Archives/edgar/data/84839/000008483922000033/0000084839-22-000033-index.htm,https://www.sec.gov/Archives/edgar/data/84839/000008483922000033/rol-20220331x10q.htm,1.2000495720348712,0.1498660132909939,0.1778335801776873,0.1615906121943142,0.5512613441741685,2.250101074128477,-0.1239829098378141,2.250101074128477,1.0984126790637387,17252065650.0,17533812650.0,58.46889369763847,29.207126786077065,197.0943843394416,216.9061650552573,15.577078026850762,15.577078026850762,29.68411432586172,148.84896473564467,200.31317289676915,220.44850384097967,0.0042757778399712,0.0046102885076837,0.4876486304196097,0.2534250399902775,2.3918214540391864,1.0324705706211517,161.39084507042253,1.208254537925323,0.0028521222326788,0.6670417265406827,0.0,0.0,0.5483231298885152,0.0913380249508751,0.0135352475113428,0.3217692276733609,0.0103914132863817,2.754506805824213,0.0396254793850247,0.0766329935548749,-1.2485570271406892,15615000.0,-61026000.0,-527102000.0,1557893000.0,164991500.0,41577000.0,28994000.0,25.02654567616984,11.756935181360832,8.855026440696328,3.596181477242286,7.655056238013787,10.163718945702293,0.0666041250387123,0.016242967983373,2022-04-27,0.14,bmo,575927188.0,2025-04-25,2022-03-31,0.0714285714285712,32.44370967741936,2091785.661290323
2021-12-31,ROL,USD,84839,2022-02-25,2022-02-25 17:24:40,2021,Q4,600343000.0,297729000.0,302614000.0,0.5040685075,0,187538000.0,91879000.0,187538000.0,2081000.0,211224000.0,508953000.0,504000.0,0.0,23686000.0,115076000.0,0.1916837541,91390000.0,0.1522296421,2585000.0,93975000.0,0.1565355139,28638000.0,65337000.0,0.1088327839,0.13,0.13,492041000,492041000,https://www.sec.gov/Archives/edgar/data/84839/000008483922000011/0000084839-22-000011-index.htm,https://www.sec.gov/Archives/edgar/data/84839/000008483922000011/rol-20211231x10k.htm,1.2201076739539998,0.1327877148449011,0.2091167199481344,0.1945589900028656,0.2398194459404805,2.199101294404328,-0.1725689525872843,2.199101294404328,0.8185496737060529,16832722610.0,17130181610.0,64.40731365841714,28.038509002353653,163.59284904853538,175.83356081102255,15.556354810507482,15.556354810507482,28.533990751953468,148.85972409538044,166.4837756331759,178.94079880080642,0.0038815467654165,0.005687196433875,0.3722200863547643,0.20347312806844,2.5848917237304043,0.7195569695212347,0.0,1.5748197805225217,0.0052860729699864,1.36184703919678,0.3123847533826496,0.0,0.5895441405740857,0.0696153322837094,0.0119315124853625,0.3024149286498353,0.0051687118863716,2.563260970115867,0.0383014642555526,0.0804180354402086,-1.3019560361839766,-137338000.0,-84911000.0,-544998000.0,1407662000.0,172945500.0,41538500.0,27951000.0,24.845446686310996,13.472385961730298,8.743992019588283,3.6223941205930097,6.680331179321486,10.292781580584942,0.0603827186963979,0.0145577299452687,2022-01-26,0.15,bmo,585026000.0,2025-04-25,2021-12-31,-0.0666666666666665,35.00921875,1609887.25
2021-09-30,ROL,USD,84839,2021-10-29,2021-10-29 15:16:53,2021,Q3,650199000.0,305474000.0,344725000.0,0.530183836,0,194261000.0,0.0,194261000.0,23617000.0,217878000.0,523352000.0,0.0,222000.0,23617000.0,150464000.0,0.2314122292,126847000.0,0.1950895034,225000.0,127072000.0,0.1954355513,33219000.0,93853000.0,0.144345039,0.19,0.19,492069000,492069000,https://www.sec.gov/Archives/edgar/data/84839/000008483921000017/0000084839-21-000017-index.htm,https://www.sec.gov/Archives/edgar/data/84839/000008483921000017/rol-20210930x10q.htm,1.321357370612658,0.1907313811680882,0.1619813481442643,0.148158083520807,0.2606443405294786,2.238769359581685,0.0679701423987286,2.238769359581685,0.6549630234784146,17384797770.0,17589207770.0,46.30858302345157,26.737656886583952,218.1115320051188,238.4615078733677,15.780991395469798,15.780991395469798,27.052037560808305,116.89977516216504,220.67608172534065,241.26533208054428,0.0053985672563851,0.0041935489250157,0.2923534148066182,0.1690795894400132,1.35853094427903,0.7821091695008964,571.3828828828829,0.8492642749832184,0.00229769713335,0.4256123938499568,0.2987716068465193,0.0,0.5607810320488152,0.085338619426392,0.0104614125829169,0.2880128720836685,0.0060304614433427,3.0996097127817155,0.0585749462858633,0.112179816645351,-1.0696081240639017,-104042000.0,33446000.0,-429730000.0,1347064000.0,174229500.0,56662000.0,28464000.0,24.93759602829288,11.345679174004989,7.947779516423656,3.6090086589698047,7.932535251499649,11.323917556346382,0.0851947434208794,0.0138232646234572,2021-10-27,0.2,bmo,645840000.0,2025-04-25,2021-09-30,-0.05,37.416875,1178617.03125
2021-06-30,ROL,USD,84839,2021-07-30,2021-07-30 14:57:15,2021,Q2,638204000.0,297862000.0,340342000.0,0.5332808945,0,183482000.0,0.0,183482000.0,23306000.0,206788000.0,504650000.0,0.0,506000.0,23306000.0,156860000.0,0.2457834799,133554000.0,0.209265376,385000.0,133939000.0,0.2098686313,35085000.0,98854000.0,0.1548940464,0.2,0.2,491999000,491999000,https://www.sec.gov/Archives/edgar/data/84839/000117120021000285/0001171200-21-000285-index.htm,https://www.sec.gov/Archives/edgar/data/84839/000117120021000285/i21487_rol-10q.htm,1.297165238140728,0.2009231726080744,0.2026813062628176,0.1916995766251557,0.2827810625631353,2.135540925896191,-0.0489533515312023,2.135540925896191,0.7091762381630857,16826365800.000002,17046245800.000002,42.55357850972141,26.365183859706303,168.7378112496114,178.40414987912976,16.014677866989505,16.014677866989505,26.709713195153903,108.6717187300778,170.94280728848065,180.73546163959452,0.0058749465674875,0.0056052507785133,0.33160112840778,0.1813026326265433,1.401759530791789,0.7254541739277949,263.94071146245057,1.0087502781880349,0.002397606261478,0.4081069051328221,0.2874974146197767,0.0,0.5592823619589602,0.054182252128481,0.0084659450583199,0.2318287136359735,0.0061422366516035,3.107135707765685,0.0625083469267116,0.1167212170159305,-1.200573070270468,-142419000.0,-24085000.0,-494684000.0,1325334000.0,156573000.0,70700500.0,31298500.0,23.733649428709317,22.605602594490065,9.050097024796717,3.792084326110078,3.9813139076388415,9.944644764957266,0.0940853767640889,0.0109817296376618,2021-07-28,0.18,bmo,647750000.0,2025-04-25,2021-06-30,0.1111111111111112,34.922063492063494,1298878.1587301588
2021-03-31,ROL,USD,84839,2021-04-30,2021-04-30 14:01:06,2021,Q1,535554000.0,261552000.0,274002000.0,0.5116234777,0,162208000.0,0.0,162208000.0,23596000.0,185804000.0,447356000.0,0.0,606000.0,23596000.0,144054000.0,0.2689812792,88198000.0,0.1646855406,31654000.0,119852000.0,0.2237906915,27209000.0,92643000.0,0.1729853572,0.19,0.19,492003000,492003000,https://www.sec.gov/Archives/edgar/data/84839/000117120021000229/0001171200-21-000229-index.htm,https://www.sec.gov/Archives/edgar/data/84839/000117120021000229/i21259_rol-10q.htm,1.0885177529405308,0.1882976323315101,0.2428562427464873,0.2269498356717337,0.2384578955819375,2.010018231596149,-0.177045668420721,2.010018231596149,0.7518978542813763,16934743260.0,17186751260.0,45.69892830543053,31.62098174973952,141.72993706375644,151.66347178936056,17.124222785117322,17.124222785117322,32.09153747334536,119.30769891846111,143.83903771153106,153.92039459072183,0.0054705878074233,0.0065935454872671,0.3734623610247387,0.1967786965602489,1.749399530731531,0.6578394920714944,145.54125412541254,1.2897466619172522,0.0023259283825717,0.4251697375948534,0.3028788880299652,0.0,0.573314223605132,0.0654972130626182,0.0146129055146633,0.3316663841329039,0.0073213905600555,2.918190820343366,0.0442843544060421,0.1156825725053007,-1.312319741952793,-173745000.0,-87107000.0,-553902000.0,1298539000.0,147450000.0,65591000.0,31744000.0,24.34157900043693,22.91223160212883,11.233139108093228,3.697377232528116,3.9280329198329977,8.012007964466228,0.0936795643798631,0.0159064070747536,2021-04-28,0.11,bmo,518250000.0,2025-04-25,2021-03-31,0.2727272727272728,35.819836065573774,1549387.7704918033
2020-12-31,ROL,USD,84839,2021-02-26,2021-02-26 16:00:58,2020,Q4,536292000.0,266344000.0,269948000.0,0.5033601098,0,159086000.0,86314000.0,159086000.0,22403000.0,181489000.0,447833000.0,0.0,591000.0,23518000.0,109692000.0,0.2045378264,90058000.0,0.167927174,-1561000.0,86898000.0,0.1620348616,24279000.0,62619000.0,0.1167628829,0.13,0.13,491619000,491619000,https://www.sec.gov/Archives/edgar/data/84839/000117120021000076/0001171200-21-000076-index.htm,https://www.sec.gov/Archives/edgar/data/84839/000117120021000076/i21062_rol-10k.htm,1.0908691486700066,0.1273730266730944,0.1936011423480378,0.182334287324127,0.2003116234319666,1.9148161482774264,-0.263980846956688,1.9148161482774264,0.8497149215144247,19207554330.0,19526222330.0,76.68421058304988,35.815478004519925,201.8066604677552,214.27675821907872,20.40404768632617,20.40404768632617,36.40968414595034,178.0095387995478,205.15478713568265,217.831773335267,0.0032601235391117,0.0046668617180477,0.4431301521203365,0.2259846145511674,2.9051161433832915,0.6647723072959234,152.38240270727582,1.5199540075695874,0.0035789043633021,1.0977818234082308,0.2966406360713939,0.0,0.580279538436535,0.0581962218159658,0.0103283285971075,0.2355217280380984,0.0050327060631148,2.3425751615249792,0.0422480617477029,0.0808235303228604,-1.3793237242661491,-158734000.0,-129778000.0,-589763000.0,1303606000.0,156268000.0,60494500.0,30614500.0,25.18174800295361,21.82756134923257,10.422123269155678,3.5740171805961896,4.123227444423804,8.63547644522258,0.0665197161553497,0.0112668550239107,2021-01-27,0.13,bmo,536292000.0,2025-04-25,2020-12-31,0.0,38.75125,1637290.5625
2020-09-30,ROL,USD,84839,2020-10-28,2020-10-28 10:40:49,2020,Q3,583698000.0,275474000.0,308224000.0,0.5280538909,0,174697000.0,0.0,174697000.0,22404000.0,197101000.0,472575000.0,0.0,866000.0,22404000.0,132172000.0,0.2264390147,111123000.0,0.1903775583,-2221000.0,108902000.0,0.1865725084,29323000.0,79579000.0,0.1363359134,0.16,0.16,491631000,491631000,https://www.sec.gov/Archives/edgar/data/84839/000117120020000617/0001171200-20-000617-index.htm,https://www.sec.gov/Archives/edgar/data/84839/000117120020000617/i20550_rol-10q.htm,1.1872685001556045,0.1618673354609453,0.215273243550549,0.2045965368335194,0.1941293368400284,1.897187117980762,-0.1563815137776096,1.897187117980762,0.7807847755735501,17762628030.0,18050180030.0,55.801869934279146,30.431195635414205,167.83321235886052,176.59145437734873,19.043983409741017,19.043983409741017,30.923833951803843,136.56583867990196,170.55019634336466,179.45022199908536,0.0044801366028493,0.0056627881769587,0.4106201673392544,0.2120586955293992,2.1755893835305518,0.70732981056787,128.3175519630485,1.329936289724676,0.0014757951332272,0.3294085122959574,0.299293470253453,0.0,0.5590039345184507,0.0495960693532385,0.0089926640146102,0.2342885199071594,0.0180075998204551,2.628608763645412,0.0542450913871776,0.0999148741694581,-1.3035279508411797,-137303000.0,-76882000.0,-541514000.0,1270465000.0,157532500.0,52215000.0,32225000.0,25.05314392031496,18.424134401068702,9.927397866949333,3.592363508797844,4.884897061692054,9.0658197854275,0.0853196471380355,0.0106767067170296,2020-10-28,0.16,bmo,1499933538.0,2025-04-25,2020-09-30,0.0625,34.57234375,1495409.890625
2020-06-30,ROL,USD,84839,2020-07-31,2020-07-31 15:00:48,2020,Q2,553329000.0,255622000.0,297707000.0,0.5380289123,0,171253000.0,0.0,171253000.0,21925000.0,193178000.0,448800000.0,0.0,1460000.0,21925000.0,126905000.0,0.2293481816,104529000.0,0.1889093107,-1009000.0,103520000.0,0.1870858025,28162000.0,75358000.0,0.1361902232,0.15,0.15,491644500,491645000,https://www.sec.gov/Archives/edgar/data/84839/000117120020000501/0001171200-20-000501-index.htm,https://www.sec.gov/Archives/edgar/data/84839/000117120020000501/i20440_rol-10q.htm,1.1254656565872292,0.1532774189480407,0.2904720789106763,0.2787420585402664,0.2742408386547597,1.7549875977459324,-0.2648214309323098,1.7549875977459324,0.9616704753129548,13893873570.0,14230384570.0,46.09289514716421,25.109606707763373,97.28990168686848,101.38405430451978,16.102677897152393,16.102677897152393,25.71776388007858,112.13415208226628,99.64627278392818,103.83958618525708,0.0054238294036815,0.0098634840247794,0.5462721509451456,0.2566677303523994,2.65167645088846,0.7593506952504637,71.59520547945205,1.8950741792510413,0.0018867308578798,0.3478595504126967,0.3094957972562436,0.0,0.5407524142580357,0.0403826089392125,0.0104223707776024,0.2630330672748004,0.006905475765774,2.460182779497729,0.0502693125203365,0.0893551225226891,-1.4385485854107998,-115072000.0,-130198000.0,-610451000.0,1283971000.0,148978500.0,42440500.0,27795500.0,24.817748572729787,16.912980885839247,11.993333907097195,3.626436932272483,5.321356454399734,7.504168623767026,0.0873381778565882,0.0117300203704099,2020-07-29,0.12,bmo,433040086.0,2025-04-25,2020-06-30,0.25,26.76888888888889,2310614.095238095
2020-03-31,ROL,USD,84839,2020-04-30,2020-04-30 15:16:31,2020,Q1,487901000.0,251152000.0,236749000.0,0.4852398335,0,157862000.0,0.0,157862000.0,21597000.0,179459000.0,430611000.0,0.0,2165000.0,21597000.0,79162000.0,0.1622501286,57015000.0,0.1168577232,-1890000.0,55400000.0,0.1135476254,12132000.0,43268000.0,0.0886819252,0.09,0.09,491523000,491524000,https://www.sec.gov/Archives/edgar/data/84839/000117120020000327/0001171200-20-000327-index.htm,https://www.sec.gov/Archives/edgar/data/84839/000117120020000327/i20282_rol-10q.htm,0.9926310671118136,0.0880284340712438,0.1870980605180225,0.1735198556323915,0.1883574115555121,1.628349029445214,-0.3870297015602525,1.628349029445214,1.08074494988027,11840789070.0,12277253070.0,68.41539399787371,24.26883541948059,128.75601133064384,138.8313741514146,14.794125561770729,14.794125561770729,25.16341034349181,155.09023357166316,133.5020939943238,143.9488453376168,0.0036541483632728,0.007202982799186,0.6610009608044269,0.298646498208559,5.513554483211642,0.7294887380703954,26.33487297921478,2.1254275677174816,0.0033204712766663,0.9086854026070076,0.3235533438136015,0.0,0.5591965809360427,0.0725726650935702,0.0136790045521529,0.3090244015372505,0.0078274076093305,1.7958766220507938,0.0296013840938368,0.055409707584066,-1.5436332582605494,-113038000.0,-190234000.0,-666278000.0,1280396000.0,145204000.0,36039000.0,20501500.0,26.816403327724277,13.203000573357963,7.714173090399439,3.3561547721410148,6.816632287482358,11.666836995401123,0.0540599297075981,0.0135782048856309,2020-04-29,0.09,bmo,487901000.0,2025-04-25,2020-03-31,0.0,24.666935483870965,2488198.0322580645
2019-12-31,ROL,USD,84839,2020-02-28,2020-02-28 17:02:41,2019,Q4,505985000.0,254284000.0,251701000.0,0.4974475528,0,154796000.0,81174000.0,154796000.0,22606000.0,177402000.0,431686000.0,0.0,0.0,21039000.0,96906000.0,0.1915195114,75692000.0,0.1495933674,-2290000.0,72009000.0,0.1423144955,21244000.0,50765000.0,0.1003290611,0.11,0.11,491158500,491158500,https://www.sec.gov/Archives/edgar/data/84839/000117120020000103/0001171200-20-000103-index.htm,https://www.sec.gov/Archives/edgar/data/84839/000117120020000103/i20108_rol-10k.htm,1.03018679306171,0.1033576737448298,0.1605795277899089,0.1433854855408182,0.1919461843783625,1.660869149164679,-0.292942095067071,1.660869149164679,1.004294947557662,10859514435.0,11258506435.0,53.47933829902492,21.46212720732828,137.68878451882844,154.19970798722045,13.312306999693533,13.312306999693533,22.250672322302044,116.17966312715414,142.7476408647141,159.86519609513667,0.004674702566478,0.0064850965871016,0.6046803555010727,0.2835864485981308,4.117309557715725,0.7510434454986274,0.0,1.5536294691224268,0.0046726766932098,0.999566630552546,0.3059300176882714,0.0,0.551704848590772,0.107074933434766,0.016690218089469,0.4013974048196207,0.0064586894868424,1.965306683999945,0.0378646815742601,0.0651032816465558,-1.4472990898050222,-101759000.0,-143881000.0,-616659000.0,1254132000.0,150459500.0,34083000.0,18488000.0,25.797148136802477,12.470544745245473,6.893237482499882,3.488757730999152,7.217006300732248,13.05627438899158,0.0622310756972111,0.0171940422490906,2020-01-29,0.11,bmo,537609062.0,2025-04-25,2019-12-31,0.0,23.69421875,1992199.71875
2019-09-30,ROL,USD,84839,2019-10-25,2019-10-25 15:35:45,2019,Q3,556466000.0,268718000.0,287748000.0,0.5170989782,0,167168000.0,0.0,167168000.0,-49898000.0,188858000.0,457576000.0,0.0,102676000.0,21690000.0,170505000.0,0.3064068604,148815000.0,0.2674287378,-52607000.0,46139000.0,0.08291432,2078000.0,44061000.0,0.0791800398,0.0867,0.0867,491188500,491188500,https://www.sec.gov/Archives/edgar/data/84839/000117120019000351/0001171200-19-000351-index.htm,https://www.sec.gov/Archives/edgar/data/84839/000117120019000351/i19447_rol-10q.htm,1.1328970446172906,0.0897028330264246,0.1901001346733484,0.1793812355134535,0.2124683293684603,1.6427440789024987,-0.328503212106961,1.6427440789024987,1.2751336808577562,11154890835.0,11574183835.0,63.292315397971,20.04595219654031,119.4633556626506,126.60187078651686,13.824429679376674,13.824429679376674,20.79944477290616,67.88178549016158,123.9537760107095,131.36061553739643,0.0039499265973766,0.0078987774334413,0.6489737847581538,0.2967231850987623,2.4591243658543736,0.7890089563862929,1.449364992792863,2.1192210798665485,0.0030833112137757,0.7805996232495858,0.300410087947871,0.0,0.5486501816360332,0.0563855421686746,0.0094614945028087,0.2427385892116182,0.0059392667296833,1.8208714811419613,0.095102108014867,0.0553155589368505,-1.4818537078942198,-86692000.0,-161357000.0,-633708000.0,1275965000.0,154090000.0,35288000.0,17539500.0,25.212214223330804,11.029704001964886,5.861163003594847,3.569698369321171,8.159783796914855,15.355314285714286,0.0546054824841336,0.0107188991598948,2019-10-23,0.15,bmo,480584272.0,2025-04-25,2019-09-30,0.0,22.96625,2183768.25
2019-06-30,ROL,USD,84839,2019-07-26,2019-07-26 15:05:23,2019,Q2,523957000.0,253333000.0,270624000.0,0.5165003998,0,161886000.0,0.0,161886000.0,20132000.0,182018000.0,435351000.0,0.0,1395000.0,20132000.0,108486000.0,0.207051342,88354000.0,0.1686283416,-1713000.0,86959000.0,0.1659659094,22664000.0,64295000.0,0.1227104514,0.13,0.13,491259000,491259000,https://www.sec.gov/Archives/edgar/data/84839/000117120019000278/0001171200-19-000278-index.htm,https://www.sec.gov/Archives/edgar/data/84839/000117120019000278/i19356_rol-10q.htm,1.0665595948369393,0.1308780093596249,0.1594433893323074,0.1452858878921302,0.2004360225461518,1.5312981543340682,-0.4240817979925049,1.5312981543340682,1.1009223240693808,11868817440.0,12309794440.0,46.14984617777432,22.65227383163122,151.52713512409355,166.29281997393971,15.777463018302084,15.777463018302084,23.49390205684817,113.46896779307929,157.15701205188438,172.47130483516176,0.005417136148991,0.006013488737257,0.7170926695947167,0.3118569619089628,4.064828641483694,0.771936641558523,63.33620071684588,1.2182595847266506,0.0028955706980694,0.5345205692511081,0.3089681023442763,0.0,0.5553305426075154,0.0887932795424369,0.0132739900411675,0.345469898668786,0.0070559225279937,2.1235108238350207,0.0449805506077426,0.0835891255481493,-1.538978420751579,-94496000.0,-208334000.0,-657668000.0,1258481000.0,138072500.0,32570000.0,17075500.0,26.159513089814624,13.37354391255778,6.245179269972724,3.4404310084441936,6.729704600998831,14.411115535582228,0.0854686652558144,0.0141575014401771,2019-07-24,0.14,bmo,523957000.0,2025-04-25,2019-06-30,-0.0714285714285714,25.7831746031746,1979644.5873015872
2019-03-31,ROL,USD,84839,2019-04-26,2019-04-26 15:01:16,2019,Q1,429069000.0,217258000.0,211811000.0,0.4936525361,0,139530000.0,0.0,139530000.0,16683000.0,156213000.0,373471000.0,0.0,0.0,16683000.0,72100000.0,0.1680382409,55417000.0,0.1291563828,-16228000.0,56053000.0,0.1306386618,11827000.0,44226000.0,0.1030743307,0.0933,0.0933,491259000,491259000,https://www.sec.gov/Archives/edgar/data/84839/000117120019000188/0001171200-19-000188-index.htm,https://www.sec.gov/Archives/edgar/data/84839/000117120019000188/i19231_rol-10q.htm,0.8734068994155832,0.0900258315878182,0.1193158802179705,0.1061232465970089,0.2373635902853688,1.463838830433641,0.2223043241955872,1.463838830433641,0.3709428224215739,13740514230.0,13806136230.0,77.6721511667345,32.02401998279997,234.4197599590549,263.56148060766486,19.107294750279504,19.107294750279504,32.1769604189536,191.48593938973647,235.53930273820697,264.82019852687307,0.0032186568318848,0.003794181143976,0.253404141705742,0.1432536837537497,0.9101525658807212,0.8220276032570483,0.0,1.3253516031293808,0.0024985964444505,0.7762854429521097,0.3251924515637345,0.0,0.4794657849555686,0.1105689669879723,0.0151047966644059,0.3884792902955104,0.0090638102496335,1.721953666756854,0.0420316629211011,0.0667908064099601,-0.6822607830085555,-62773000.0,109209000.0,-263009000.0,866124000.0,123160500.0,27332000.0,16180000.0,25.97854890472162,11.390328549466531,6.865017628809985,3.4643967347861544,7.901440209485016,13.109944484672942,0.0614998247868239,0.0131926336209616,2019-04-24,0.1,bmo,459716785.0,2025-04-25,2019-03-31,-0.1,26.00393442622951,1969900.6721311477
2018-12-31,ROL,USD,84839,2019-03-01,2019-03-01 16:46:47,2018,Q4,444623000.0,221234000.0,223389000.0,0.5024234014,0,135760000.0,69875000.0,135760000.0,16643000.0,152403000.0,373637000.0,0.0,1433000.0,16643000.0,87628000.0,0.1970838216,72905000.0,0.1639703749,751000.0,71472000.0,0.1607474197,20504000.0,50968000.0,0.1146319466,0.11,0.11,490974000,490974000,https://www.sec.gov/Archives/edgar/data/84839/000117120019000087/0001171200-19-000087-index.htm,https://www.sec.gov/Archives/edgar/data/84839/000117120019000087/i19083_rol-10k.htm,0.9055937788966422,0.103809977717761,0.148679970833486,0.1333349627475182,0.235216121423945,1.4499912418987564,0.204020986854701,1.4499912418987564,0.0029186881586397,11817744180.0,11702259180.0,57.96648966017893,26.579246192842024,161.8913419545741,180.52279390199195,16.600100265764677,16.600100265764677,26.31950929214188,133.5447480257452,160.3093123099263,178.75869454967616,0.0043128366313984,0.0055394666700256,0.0,0.0,-1.317900671018396,0.9564992024184944,50.87578506629449,1.432231988698791,0.005167229808828,1.1981046931407942,0.3053373307273803,0.0,0.5591130438597454,0.1032083070769062,0.0169446924698002,0.5186562026710726,0.0083126603886888,1.8403206423148977,0.06538828530124,0.1056583434393689,-0.3401086411907759,-13008000.0,100169000.0,-96195000.0,735616000.0,132614500.0,28579500.0,15940500.0,24.79021553091045,11.052189084860377,6.422701754703165,3.630464603576386,8.143183156654889,14.012794527489232,0.0715935205110772,0.0153450080859678,2019-01-23,0.11,bmo,470777294.0,2025-04-25,2018-12-31,0.0,25.83730158730159,2249883.888888889
2018-09-30,ROL,USD,84839,2018-10-26,2018-10-26 12:01:41,2018,Q3,487739000.0,236287000.0,251452000.0,0.5155462245,0,145072000.0,0.0,145072000.0,16867000.0,161939000.0,398226000.0,0.0,0.0,16867000.0,106380000.0,0.2181084555,90204000.0,0.1849431766,-16490000.0,89890000.0,0.1842993896,23262000.0,66628000.0,0.1366058486,0.14,0.14,490981500,490981500,https://www.sec.gov/Archives/edgar/data/84839/000117120018000227/0001171200-18-000227-index.htm,https://www.sec.gov/Archives/edgar/data/84839/000117120018000227/i18372_rol-10q.htm,0.993395881514884,0.1357036874098107,0.1685705062207028,0.1575741652180377,0.2416628732447149,1.496508524251932,0.2410762930986198,1.496508524251932,0.0,12878444745.0,12759792745.0,48.32219466665666,26.40437763845007,155.6025463058056,166.46129753380038,17.527464478100274,17.527464478100274,26.16110818491037,119.94541027448768,154.168945145895,164.9276522632681,0.005173606077385,0.0060074024101424,0.0,0.0,-1.1153600300808422,0.979633526299288,0.0,1.2421954733745573,0.0023710161129398,0.458290808669028,0.2974377689706995,0.0,0.5456876182415833,0.0652328882981936,0.0110694449285375,0.3200924882907452,0.0075040134170119,2.1376011817167933,0.0815184031928116,0.1298338396543896,-0.3280108313653366,-6301000.0,118364000.0,-91735000.0,746950000.0,138395000.0,31032000.0,16095500.0,26.342593067193725,11.423353802790675,6.129706670278094,3.4165201493425985,7.878596912407056,14.682594917044678,0.0906801967450507,0.010996341002665,2018-10-24,0.13,bmo,464476190.0,2025-04-25,2018-09-30,0.0769230769230769,25.796507936507936,2143733.0793650798
2018-06-30,ROL,USD,84839,2018-07-27,2018-07-27 14:25:26,2018,Q2,480461000.0,230772000.0,249689000.0,0.5196863013,0,143379000.0,0.0,143379000.0,16366000.0,159745000.0,390517000.0,0.0,75000.0,16366000.0,106310000.0,0.2212666585,90485000.0,0.1883295418,-16133000.0,90177000.0,0.1876884908,24635000.0,65542000.0,0.1364148183,0.13,0.13,490923000,490923000,https://www.sec.gov/Archives/edgar/data/84839/000008483918000126/0000084839-18-000126-index.htm,https://www.sec.gov/Archives/edgar/data/84839/000008483918000126/rol-063018x10q.htm,0.9786891223267192,0.1335076987633498,0.117657962654021,0.1011339863889041,0.1790199277687132,1.41735261945356,0.1839005302257176,1.41735261945356,0.0001527734491967,11472870510.0,11384985510.0,43.76152127643343,23.87887988827397,198.62659077924556,231.07958891417752,16.488486830475516,16.488486830475516,23.69596181583937,107.0923291317844,197.1050624123544,229.30946262764607,0.0057127812906867,0.0043275133243005,0.0,0.0,-0.8266861066691751,0.9036465756771742,1206.4666666666667,0.8812822312410363,0.0026619319004237,0.4659607579872448,0.2984196428013928,0.0,0.5479007077567315,0.1404407818424196,0.0168837845319391,0.4956617377489918,0.0068205327799758,2.0633997304418843,0.0836767928697731,0.1311752980074131,-0.4337009062521006,-30759000.0,90281000.0,-120899000.0,712425000.0,123734500.0,31348500.0,15991500.0,25.1066996072522,12.508319900161196,6.278144662264053,3.584700554349367,7.195210925077168,14.33544539694372,0.0941951190768757,0.0165239762651169,2018-07-25,0.14,bmo,504524999.0,2025-04-25,2018-06-30,-0.0714285714285714,22.70078125,1238970.578125
2018-03-31,ROL,USD,84839,2018-04-27,2018-04-27 16:21:14,2018,Q1,408742000.0,206143000.0,202599000.0,0.495664747,0,126487000.0,0.0,126487000.0,16916000.0,143403000.0,349546000.0,0.0,58000.0,16916000.0,76056000.0,0.1860733666,59140000.0,0.1446878471,-16918000.0,59194000.0,0.1448199598,10669000.0,48525000.0,0.1187179199,0.0978,0.0978,490866750,490866750,https://www.sec.gov/Archives/edgar/data/84839/000008483918000097/0000084839-18-000097-index.htm,https://www.sec.gov/Archives/edgar/data/84839/000008483918000097/rol-033118x10q.htm,0.8326944124856694,0.0988557485305329,0.1482031528923073,0.1357068899044394,0.1717757415836375,1.3501892315990032,0.1223835185414371,1.3501892315990032,0.0001181583393049,11132857890.0,11048538890.0,57.35630030911901,27.236882654584065,153.03318153076373,167.12489701864473,16.797645447920296,16.797645447920296,27.030593601831963,145.26847178394866,151.87412561170066,165.85911204851834,0.0043587190710111,0.0059835489375855,0.0,0.0,-1.1086436310087304,0.8048336024983866,1019.6551724137933,1.499185986604843,0.0027488000208363,0.6306439979392066,0.3094543746421948,0.0,0.5736093027859628,0.0843184692362676,0.0150070215441525,0.3626152754788366,0.00756712057973,1.7329640102496802,0.0645013961048891,0.108313039751611,-0.4290227439524066,-58369000.0,60074000.0,-147229000.0,680592000.0,114251500.0,28392500.0,15434000.0,24.977663171389285,13.370136264631832,6.935234279116923,3.6032193797492895,6.731419801462905,12.977211205539817,0.0732162175619339,0.0124962629878678,2018-04-25,0.1,bmo,408700000.0,2025-04-25,2018-03-31,0.0,21.964918032786883,1532271.9180327868
2017-12-31,ROL,USD,84839,2018-02-26,2018-02-26 16:25:12,2017,Q4,414713000.0,207519000.0,207194000.0,0.4996081628,0,123680000.0,66115000.0,123680000.0,14950000.0,138630000.0,346149000.0,0.0,1004000.0,14950000.0,83451000.0,0.201225908,69548000.0,0.1677015189,-20000.0,68544000.0,0.1652805675,34809000.0,33735000.0,0.0813454124,0.0667,0.0667,490475250,490475250,https://www.sec.gov/Archives/edgar/data/84839/000008483918000065/0000084839-18-000065-index.htm,https://www.sec.gov/Archives/edgar/data/84839/000008483918000065/rol-123117x10k.htm,0.8455329805122684,0.0687802289717982,0.0937519273398606,0.0785360729211107,0.2182577000572404,1.3332456632623155,0.1895977421898454,1.3332456632623155,0.0020469942163238,10143028170.0,10035978170.0,75.16694953312584,24.457946025323537,220.5821318748233,263.318488317757,15.51101988916143,15.51101988916143,24.19981570387232,120.26192819738527,218.25409760128744,260.5394125129803,0.0033259298342262,0.0037976824429937,0.0,0.0,-1.2827887023522786,0.8921339312690745,69.27091633466135,1.3630650659552397,0.0046174573524821,1.3883207351415443,0.2982303424295838,0.0,0.542663324507117,0.162299110540852,0.0179955776645535,0.536790620729339,0.0072170392536525,1.4364091321360637,0.0463122881239889,0.0713617863821361,-0.3647457236629167,-31774000.0,92993000.0,-116944000.0,663245000.0,121299000.0,31178000.0,15181500.0,24.97112460906699,11.345900857270902,6.498055599728218,3.60416286446791,7.932380260693399,13.850297003270374,0.0515885638086383,0.0152158544187499,2018-01-24,0.09,bmo,385078571.0,2025-04-25,2017-12-31,0.0,20.43063492063492,1260844.6984126985
2017-09-30,ROL,USD,84839,2017-10-27,2017-10-27 12:17:51,2017,Q3,450442000.0,218781000.0,231661000.0,0.5142970682,0,134932000.0,0.0,134932000.0,14313000.0,149245000.0,368026000.0,0.0,0.0,14313000.0,96729000.0,0.2147424086,82627000.0,0.1834353812,-14168000.0,82561000.0,0.1832888585,31131000.0,51430000.0,0.114176742,0.11,0.11,490473000,490473000,https://www.sec.gov/Archives/edgar/data/84839/000117120017000410/0001171200-17-000410-index.htm,https://www.sec.gov/Archives/edgar/data/84839/000117120017000410/i17466_rol-10q.htm,0.9183828671506892,0.1048579636391809,0.1416571350512668,0.129434240009134,0.2311972320596648,1.3261463933794522,0.1838164384176091,1.3261463933794522,0.0,10059601230.0,9946205230.0,48.89948099358352,22.33273369268408,144.7862120928626,158.458843645643,15.465864177886012,15.465864177886012,22.080989849969587,102.82547353947626,143.15412182098189,156.67262979648416,0.0051125287001063,0.0063107869336486,0.0,0.0,-1.1723061336310725,0.916252679849475,0.0,1.3509430293602955,0.0024916494627292,0.4873614621816061,0.2995546596454149,0.0,0.5353727137474714,0.0862850645518789,0.0133091496796479,0.4188499965066722,0.0067289462350313,1.7688365474761385,0.0697685415353799,0.1057697251385618,-0.3656720145655316,-25860000.0,90157000.0,-113162000.0,667287000.0,122798000.0,34986000.0,15443500.0,25.481571434280102,14.889547081327905,6.326874820025505,3.531964275912901,6.044508910070451,14.225032509752928,0.0790696744813887,0.0122228950421327,2017-10-25,0.11,bmo,450400000.0,2025-04-25,2017-09-30,0.0,19.311587301587306,1036011.2698412698
2017-06-30,ROL,USD,84839,2017-07-28,2017-07-28 15:46:02,2017,Q2,433555000.0,204480000.0,229075000.0,0.5283643367,0,129667000.0,0.0,129667000.0,13547000.0,143214000.0,347694000.0,0.0,0.0,13547000.0,99686000.0,0.2299269989,86226000.0,0.1988813415,-13269000.0,86139000.0,0.1986806749,32450000.0,53689000.0,0.1238343463,0.11,0.11,490504500,490504500,https://www.sec.gov/Archives/edgar/data/84839/000117120017000339/0001171200-17-000339-index.htm,https://www.sec.gov/Archives/edgar/data/84839/000117120017000339/i17365_rol-10q.htm,0.8838960702705072,0.1094566920385032,0.1261170896495343,0.1143577683792911,0.3972175586564445,1.2588304490580615,0.4122327114226271,1.2588304490580615,0.0,8873226405.0,8678389405.0,41.31771128629701,20.46620706715411,143.43813396162363,158.18776683365127,14.370481754342777,14.370481754342777,20.01681310329716,87.05725382701684,140.28854051825869,154.71430312160163,0.0060506739656441,0.0063216013476667,0.0,0.0,-1.9545071524587203,1.2595951890824355,0.0,1.152209949896627,0.0028241136714238,0.466743653262307,0.2990785482810716,0.0,0.423507382772104,0.0932412990413992,0.0133039637416244,0.425808356710468,0.0071686406568947,1.7607432742461,0.0775035737572549,0.0949800624838571,-0.1466372887506638,74529000.0,202202000.0,-1438000.0,621232000.0,109209000.0,32861500.0,15121500.0,24.508240015684283,14.866637323943662,6.825264084507042,3.6722343155772768,6.053823607780442,13.186302959953569,0.0869510998247665,0.0117593212702431,2017-07-26,0.11,bmo,408094117.0,2025-04-25,2017-06-30,0.0,17.925873015873016,1546819.761904762
2017-03-31,ROL,USD,84839,2017-04-28,2017-04-28 10:01:07,2017,Q1,375247000.0,189163000.0,186084000.0,0.4958973689,0,115154000.0,0.0,115154000.0,13771000.0,128925000.0,318088000.0,0.0,0.0,13771000.0,70904000.0,0.1889528764,57133000.0,0.1522543818,-13672000.0,57258000.0,0.1525874957,16988000.0,40270000.0,0.1073159812,0.08,0.08,490434750,490434750,https://www.sec.gov/Archives/edgar/data/84839/000117120017000223/0001171200-17-000223-index.htm,https://www.sec.gov/Archives/edgar/data/84839/000117120017000223/i17220_rol-10q.htm,0.7651313451993359,0.0821108210623329,0.1183582525504157,0.1072375071301534,0.3312938163537555,1.1898647067729191,0.3402960332643639,1.1898647067729191,0.0,8092173375.0,7929695375.0,50.23698395207351,21.56492490279736,139.40726264923254,153.86407649306943,13.86712279646509,13.86712279646509,21.131935431862217,111.8370666676069,136.6081860388995,150.77473000209153,0.0049764133977171,0.0064992428563729,0.0,0.0,-2.291520929707774,1.142945255406239,0.0,1.441445244598957,0.003096572309908,0.6222498137571393,0.3068752048650622,0.0,0.4505068307266466,0.0939583441004703,0.0145344266576415,0.3960496695955268,0.0087062654731416,1.4826554827706502,0.061127384986173,0.0792393650618744,-0.1961560635742063,38240000.0,166893000.0,-35559000.0,586999000.0,102406500.0,31115000.0,14230000.0,24.069346323888,15.19927258501927,7.011096250323795,3.739195854715759,5.921336004507607,12.83679424538545,0.0690085356721177,0.0111207454202623,2017-04-26,0.07,bmo,375200000.0,2025-04-25,2017-03-31,0.1428571428571427,15.818870967741937,1084196.9677419355
2016-12-31,ROL,USD,84839,2017-02-24,2017-02-24 10:46:27,2016,Q4,385614000.0,192995000.0,192619000.0,0.4995124658,0,126321000.0,61258000.0,126321000.0,13829000.0,140150000.0,333145000.0,0.0,890000.0,13829000.0,66298000.0,0.1719284051,53420000.0,0.1385323147,143000.0,52530000.0,0.1362243072,14523000.0,38007000.0,0.0985622929,0.0756,0.0756,490092750,490092750,https://www.sec.gov/Archives/edgar/data/84839/000117120017000077/0001171200-17-000077-index.htm,https://www.sec.gov/Archives/edgar/data/84839/000117120017000077/i17072_rol-10k.htm,0.7868184134533719,0.0775506268966435,0.139496044371193,0.1273493639724317,0.2913428121513733,1.1600763324901255,0.3083171501720848,1.1600763324901255,0.0018159827910125,7356292177.5,7213507177.5,48.3877455304286,19.076828583765117,107.60161743410468,117.8647425616458,12.938803749043611,12.938803749043611,18.70654897773421,108.80429541615132,105.51307927186028,115.57699802124556,0.0051665973948463,0.0084843013972306,0.0,0.0,-2.1536848773718664,1.0475827734475127,60.02247191011236,1.7987739100691975,0.0059127613409697,1.1444207645959954,0.3275840607446825,0.0,0.4554541110134004,0.08707544685955,0.0154377175102563,0.4643163559784728,0.0077434947901269,1.4227454282944605,0.0604348721461762,0.0761515296625706,-0.2448567133466063,13180000.0,151104000.0,-57822000.0,564098000.0,109777500.0,28360000.0,13755500.0,24.379872100079357,14.122438405140027,6.399958548148915,3.69156981753432,6.372837141725003,14.0625910813174,0.0668495897422367,0.0121466803987612,2017-01-25,0.07,bmo,385600000.0,2025-04-25,2016-12-31,0.1428571428571427,13.877460317460317,929744.1111111112
2016-09-30,ROL,USD,84839,2016-10-28,2016-10-28 11:08:27,2016,Q3,423994000.0,205608000.0,218386000.0,0.5150686095,0,125407000.0,0.0,125407000.0,13083000.0,138490000.0,344098000.0,0.0,0.0,13083000.0,92979000.0,0.2192931975,80018000.0,0.1887243687,-13013000.0,79966000.0,0.1886017255,30315000.0,49651000.0,0.1171030722,0.1,0.1,490587750,490587750,https://www.sec.gov/Archives/edgar/data/84839/000155278116002022/0001552781-16-002022-index.htm,https://www.sec.gov/Archives/edgar/data/84839/000155278116002022/e00546_rol-10q.htm,0.8642572098467604,0.1012071744555382,0.1256390931082156,0.1110871602480901,0.2838697052667948,1.1704919252468085,0.310219731332468,1.1704919252468085,0.0,6382546627.5,6243283627.5,32.137049744718134,15.053389027910772,103.55057234291093,117.11524510073764,11.114984836189048,11.114984836189048,14.724933908262852,67.14724429709935,101.2911664665704,114.55986692172188,0.0077791832786731,0.0085385980206064,0.0,0.0,-1.4977898235085343,1.1040324540026358,0.0,1.2414050069485003,0.0034183847409738,0.4394272018690459,0.2957754119162064,0.0,0.4579838635290798,0.1158232879601538,0.016837502417487,0.5456699533746082,0.007191139497257,1.632604992255685,0.0764512338208478,0.0994061776742025,-0.2340187866492793,28260000.0,152190000.0,-47380000.0,584465000.0,113659500.0,27032000.0,14211000.0,24.43131270725529,11.571728726508695,6.034930547449515,3.683797145016812,7.777576032682705,14.913179081743673,0.0864655041803879,0.0145519328601254,2016-10-26,0.1,bmo,405565217.0,2025-04-25,2016-09-30,0.0,12.73265625,915762.203125
2016-06-30,ROL,USD,84839,2016-07-28,2016-07-28 10:01:18,2016,Q2,411133000.0,195943000.0,215190000.0,0.5234072672,0,126545000.0,0.0,126545000.0,12350000.0,138895000.0,334838000.0,0.0,0.0,12350000.0,88645000.0,0.2156114931,77541000.0,0.1886032014,-11683000.0,76962000.0,0.187194898,29179000.0,47783000.0,0.1162227308,0.0978,0.0978,491483250,491483250,https://www.sec.gov/Archives/edgar/data/84839/000155278116001857/0001552781-16-001857-index.htm,https://www.sec.gov/Archives/edgar/data/84839/000155278116001857/e00419_rol-10q.htm,0.8365147744099112,0.0972220314730969,0.1122683224708064,0.089819948085718,0.2573129399628573,1.1359898836837268,0.2842721496612549,1.1359898836837268,0.0,6394197082.5,6267732082.5,33.454351351422055,15.552624290679658,115.88308895755554,144.84532976554536,11.452566776221522,11.452566776221522,15.245023100797066,70.70598547577416,113.59114289209468,141.98056591913013,0.0074728694445116,0.0069039160711543,0.0,0.0,-1.4266456088893902,1.056351110767087,0.0,1.1547621539041082,0.0034145021991508,0.4569198250423791,0.3077957741168916,0.0,0.4622399931095482,0.1999528797709232,0.0268355982127438,0.8933603238866397,0.0074306854472883,1.5763797115713996,0.0758983587372318,0.0981178490172403,-0.2631463025443898,15288000.0,139715000.0,-60694000.0,567412000.0,105692000.0,24642500.0,14125500.0,24.56621093417459,12.690016994738263,6.72210795996795,3.6635686407299817,7.09218908353844,13.388657328322514,0.0855835363232554,0.0224483743850884,2016-07-27,0.1,bmo,429786363.0,2025-04-25,2016-06-30,0.0,12.26796875,776776.59375
2016-03-31,ROL,USD,84839,2016-04-28,2016-04-28 10:01:33,2016,Q1,352736000.0,177802000.0,174934000.0,0.4959346367,0,112255000.0,0.0,112255000.0,11640000.0,123895000.0,301697000.0,0.0,0.0,11640000.0,62590000.0,0.177441486,50950000.0,0.1444423025,-11501000.0,51178000.0,0.1450886782,19250000.0,31928000.0,0.0905152862,0.0667,0.0667,492043500,492043500,https://www.sec.gov/Archives/edgar/data/84839/000155278116001596/0001552781-16-001596-index.htm,https://www.sec.gov/Archives/edgar/data/84839/000155278116001596/e00254_rol-10q.htm,0.716879706773893,0.0648885718437495,0.0840250912774988,0.0658234485365623,0.2667203204594716,1.1006323627890624,0.2670454949613194,1.1006323627890624,0.0,5929124175.0,5797886175.0,46.425740533387625,16.808956769368592,143.40954370646287,183.0654617450908,10.94825157554394,10.94825157554394,16.43689948006441,92.63278758587634,140.2352499758127,179.01340542793628,0.0053849437214729,0.0054625268495072,0.0,0.0,-2.0967886243808915,1.027591795121506,0.0,1.2949135554998747,0.0036860418764968,0.684508895013781,0.318240837340107,0.0,0.4698212516394334,0.2166215170278637,0.025390093440987,0.7694158075601375,0.0094263131633856,1.2676416679384848,0.0520952483680781,0.0689807153011532,-0.241926780863887,7253000.0,131398000.0,-61335000.0,544841000.0,96428000.0,23288000.0,13208500.0,25.301018325319784,10.962362628091922,6.892160943071507,3.5571690768641213,8.20990903633929,13.05831374853114,0.0589557185828321,0.0182016427409365,2016-04-27,0.07,bmo,352700000.0,2025-04-25,2016-03-31,0.0,11.861311475409837,1066651.0327868853
2015-12-31,ROL,USD,84839,2016-02-24,2016-02-24 13:49:44,2015,Q4,362500000.0,182235000.0,180265000.0,0.4972827586,0,117601000.0,57705000.0,117601000.0,11340000.0,128941000.0,311176000.0,0.0,1459000.0,11340000.0,62215000.0,0.1716275862,53258000.0,0.1469186207,475000.0,51799000.0,0.1428937931,20050000.0,31749000.0,0.0875834483,0.0667,0.0667,491816250,491816250,https://www.sec.gov/Archives/edgar/data/84839/000155278116001318/0001552781-16-001318-index.htm,https://www.sec.gov/Archives/edgar/data/84839/000155278116001318/e00081_rol-10k.htm,0.7370638932731483,0.0645545973724943,0.1068122494935862,0.0846860997374527,0.2736265830988708,1.0654975308359576,0.2748160517266357,1.0654975308359576,0.0029665550904428,5660805037.5,5526231037.5,44.57467193848625,15.616013896551724,107.75917607363132,135.91368637454983,10.802465202307506,10.802465202307506,15.24477527586207,88.82473740255566,105.1974232372649,132.68261794717887,0.0056085662356641,0.0073576107504303,0.0,0.0,-2.163047496584425,1.2406971136742744,36.50308430431802,1.6546032945919555,0.0069458318630532,1.2384327065419385,0.3244165517241379,0.0,0.4561894159175347,0.2071499276631386,0.0300193103448275,1.2149157083845037,0.0075475862068965,1.2440306235584784,0.0544558055087807,0.0684893681737678,-0.2382129504667647,60893000.0,135159000.0,-14523000.0,571119000.0,99343500.0,23005500.0,12882500.0,23.26195862068965,12.30669190879908,6.322001810848629,3.8689777360343247,7.313094425940045,14.23599718771971,0.0605863415955987,0.0221261497561335,2016-01-27,0.07,bmo,362500000.0,2025-04-25,2015-12-31,0.0,11.91828125,642361.546875
2015-09-30,ROL,USD,84839,2015-10-29,2015-10-29 10:00:58,2015,Q3,399746000.0,195489000.0,204257000.0,0.510966964,0,121944000.0,0.0,121944000.0,11156000.0,133100000.0,328589000.0,0.0,0.0,11156000.0,82313000.0,0.2059132549,73688000.0,0.184337054,-9880000.0,72433000.0,0.1811975605,27387000.0,45046000.0,0.112686556,0.0933,0.0933,491836500,491836500,https://www.sec.gov/Archives/edgar/data/84839/000155278115000957/0001552781-15-000957-index.htm,https://www.sec.gov/Archives/edgar/data/84839/000155278115000957/e00383_rol-10q.htm,0.8127619645959582,0.0915873466080699,0.110949472029831,0.0888222000603859,0.2730785535437081,1.0561029935761173,0.2602450204488686,1.0561029935761173,0.0,5872527810.0,5738217810.0,32.59183839852595,14.69064808653495,107.61655537026516,134.42585290482077,11.305715515083842,11.305715515083842,14.354659733931046,69.71216952364755,105.15526782605508,131.35141258068947,0.0076706320442269,0.0074390452311881,0.0,0.0,-1.631698516637712,1.2047350815859617,0.0,1.2114061181902944,0.0029760608319707,0.3879811747990943,0.3050537091052818,0.0,0.4539189344329782,0.1994355769759387,0.027224787740215,0.9755288633918968,0.0081426705958283,1.47523814885791,0.0767015357671332,0.0956579536936167,-0.2508399640937588,54229000.0,127998000.0,-23806000.0,561392000.0,103659500.0,24821000.0,13499000.0,23.63843540648312,9.710418489019842,5.968417660328714,3.8073585858104826,9.268395600227574,15.079373650107993,0.086721983712916,0.0221272719694451,2015-10-28,0.09,bmo,399700000.0,2025-04-25,2015-09-30,0.0,12.616875,891788.8125
2015-06-30,ROL,USD,84839,2015-07-29,2015-07-29 15:26:27,2015,Q2,392150000.0,190209000.0,201941000.0,0.5149585618,0,118622000.0,0.0,118622000.0,11245000.0,129867000.0,320076000.0,0.0,0.0,11245000.0,83319000.0,0.2124671682,72528000.0,0.1849496366,-10985000.0,72334000.0,0.184454928,27261000.0,45073000.0,0.1149381614,0.0933,0.0933,491879250,491879250,https://www.sec.gov/Archives/edgar/data/84839/000155278115000727/0001552781-15-000727-index.htm,https://www.sec.gov/Archives/edgar/data/84839/000155278115000727/e00291_rol-10q.htm,0.7972485117028214,0.0916342781282194,0.0918945045964024,0.0727454959728429,0.2229896870014338,1.010904607177473,0.193098204488195,1.010904607177473,0.0,6237028890.0,6127344890.0,34.59404127748319,15.904702001785031,137.98431207274174,174.30632412945056,12.54322110115175,12.54322110115175,15.625002907050874,73.54078769548363,135.55772859007544,171.24098401430888,0.0072266780858217,0.0057370264962809,0.0,0.0,-1.316434426721396,1.1330706423930137,0.0,1.0028398375967875,0.0028019751564755,0.3877265768863843,0.302491393599388,0.0,0.4739402493752658,0.2083803455675759,0.0240188703302307,0.837616718541574,0.0082978452122912,1.4436945880420753,0.0772774909427798,0.1009475945074905,-0.3213644405613776,35122000.0,94981000.0,-52461000.0,547759000.0,95406500.0,24988000.0,13900000.0,23.484227973989547,13.508824503572384,6.640379792754286,3.8323593221664094,6.66231173380035,13.553441641727234,0.09064582105731,0.0191490086235595,2015-07-29,0.09,bmo,392200000.0,2025-04-25,2015-06-30,0.0,11.285079365079364,735253.2063492064
2015-03-31,ROL,USD,84839,2015-04-30,2015-04-30 10:00:35,2015,Q1,330909000.0,168043000.0,162866000.0,0.4921776077,0,105575000.0,0.0,105575000.0,10781000.0,116356000.0,284399000.0,0.0,0.0,10781000.0,57236000.0,0.1729659816,46455000.0,0.1403860276,-10679000.0,46612000.0,0.1408604783,16331000.0,30281000.0,0.0915085416,0.0622,0.0622,491717250,491717250,https://www.sec.gov/Archives/edgar/data/84839/000155278115000531/0001552781-15-000531-index.htm,https://www.sec.gov/Archives/edgar/data/84839/000155278115000531/e00205_rol-10q.htm,0.6729660185808003,0.0615821389223176,0.0895921385715062,0.0726901486575872,0.1899241891554547,0.9496921248949473,0.1239940229878044,0.9496921248949473,0.0,5403972577.5,5310583577.5,44.61520902133351,16.330690847030453,122.66701270032232,151.18967567076072,11.572171351021456,11.572171351021456,16.048471264003094,92.78397472744426,120.547137093113,148.5768843549786,0.0056034703296012,0.006614208249098,0.0,0.0,-1.6316479139003424,1.0440731907861096,0.0,1.454839668438955,0.0032352125680267,0.5773587398038373,0.3190454173201696,0.0,0.5067131599901156,0.1886548327053162,0.0251156662405676,0.770893238104072,0.00865796941153,1.147123196651525,0.0542003153461028,0.0766118830518251,-0.3409372967899743,10774000.0,60970000.0,-79051000.0,522232000.0,89287500.0,22152000.0,13922000.0,24.066525842452155,11.475277161202786,7.372755782746083,3.739634070541435,7.842947820405115,12.20710446026442,0.0648443188145102,0.016901989913919,2015-04-29,0.06,bmo,330900000.0,2025-04-25,2015-03-31,0.0,10.088688524590165,588405.4262295082
2014-12-31,ROL,USD,84839,2015-02-25,2015-02-25 10:18:52,2014,Q4,343951000.0,174979000.0,168972000.0,0.4912676515,0,111357000.0,54909000.0,111357000.0,11250000.0,122607000.0,297586000.0,0.0,498000.0,11250000.0,57051000.0,0.165869557,47033000.0,0.1367433152,734000.0,46535000.0,0.1352954345,16618000.0,29917000.0,0.0869804129,0.0622,0.0622,491143500,491143500,https://www.sec.gov/Archives/edgar/data/84839/000155278115000273/0001552781-15-000273-index.htm,https://www.sec.gov/Archives/edgar/data/84839/000155278115000273/e00088-rol_10k.htm,0.7003065295580619,0.0609129511028854,0.0747622639819116,0.0624542521686635,0.2206524162490188,0.9420383248480332,0.1499378491214889,0.9420383248480332,0.0010139602784115,4818117735.0,4709745735.0,40.26237369221513,14.008151553564316,131.21593003622104,157.07497343026668,10.413589066647072,10.413589066647072,13.69307178929557,82.55325471946153,128.2645424712002,153.54194871878462,0.0062092712643104,0.0063663865615355,0.0,0.0,-1.89956354840406,1.1237894720178567,94.4437751004016,1.2273623692215128,0.0061860256721186,0.996256309121904,0.3237583260406279,0.0,0.4813824455987784,0.1646286663580163,0.0175751778596369,0.6034138550608904,0.0076319010556736,1.1362669248097153,0.0544339978692052,0.0713793193948373,-0.33087885719754,31279000.0,73641000.0,-61528000.0,521983000.0,95355000.0,24585500.0,13302000.0,23.5728926504066,11.767240640305408,7.24098320369873,3.8179446763164906,7.6483521286825775,12.429251314107118,0.064660799349869,0.012308011813248,2015-01-28,0.06,bmo,344000000.0,2025-04-25,2014-12-31,0.0,9.3421875,525902.9375
2014-09-30,ROL,USD,84839,2014-10-29,2014-10-29 17:00:35,2014,Q3,384870000.0,188810000.0,196060000.0,0.5094187648,0,118679000.0,0.0,118679000.0,11437000.0,130116000.0,318926000.0,0.0,24000.0,11437000.0,77381000.0,0.2010574999,65944000.0,0.1713409723,-11375000.0,65920000.0,0.1712786136,24799000.0,41121000.0,0.1068438694,0.0844,0.0844,492075000,492075000,https://www.sec.gov/Archives/edgar/data/84839/000155278114000912/0001552781-14-000912-index.htm,https://www.sec.gov/Archives/edgar/data/84839/000155278114000912/e00333_rol-10q.htm,0.7821368693796678,0.0835665294924554,0.1370035055631763,0.1141960067062947,0.2321109586953208,0.9978417924096936,0.1832789717014682,0.9978417924096936,4.877305288827923e-05,4271211000.0,4156995000.0,25.967334208798423,11.097801855171875,63.3560430758277,76.0096631253003,8.698773759554228,8.698773759554228,10.801036713695533,53.721133094687325,61.66184585261659,73.9770967914153,0.0096274803562736,0.0131562219707712,0.0,0.0,-1.4760212455253874,1.072755238802794,2747.6666666666665,1.6394542934267162,0.0035898484059907,0.3728751732691325,0.3083612648426742,0.0,0.4848893222393465,0.1664738341046635,0.0291604957518123,0.9812887995103612,0.0067217502013666,1.3697404682711642,0.0736178676607377,0.096571694284748,-0.2838500228623685,19488000.0,90187000.0,-48276000.0,522300000.0,99799500.0,27132500.0,12831000.0,23.52997115909268,12.533075578624011,5.970764260367565,3.824909065611894,7.180998744913095,15.073447229762095,0.0837472734937771,0.0228074988568815,2014-10-29,0.08,bmo,384900000.0,2025-04-25,2014-09-30,0.0,8.74671875,484356.234375
2014-06-30,ROL,USD,84839,2014-07-25,2014-07-25 10:00:49,2014,Q2,369357000.0,182642000.0,186715000.0,0.5055136359,0,110522000.0,0.0,110522000.0,10608000.0,121130000.0,303772000.0,0.0,0.0,10608000.0,76193000.0,0.2062855178,65671000.0,0.1777981736,-10292000.0,65671000.0,0.1777981736,24811000.0,40860000.0,0.1106246802,0.083,0.083,492328125,492328125,https://www.sec.gov/Archives/edgar/data/84839/000155278114000669/0001552781-14-000669-index.htm,https://www.sec.gov/Archives/edgar/data/84839/000155278114000669/e00243_rol-10q.htm,0.7502252689707702,0.0829934304484433,0.099179789901298,0.0863529785140753,0.2062019105652353,0.9659045986860896,0.1641100637912977,0.9659045986860896,0.0,4376797031.25,4275278031.25,26.77922804240088,11.84977415143073,89.63519693727089,102.94954676694736,9.203807510693062,9.203807510693062,11.574920825244952,56.1111654777998,87.55612507423866,100.56165101495978,0.0093355939762028,0.0097134958958464,0.0,0.0,-1.3323927394905044,1.0540953085791598,0.0,1.195031815956926,0.0034982202488899,0.3747185511502692,0.299228118053807,0.0,0.4906181913995841,0.1293288824264269,0.0170972798674453,0.5953054298642534,0.0070446749350898,1.3430130538996723,0.0749507482234508,0.0996967131316138,-0.2980273572630042,14034000.0,80796000.0,-55582000.0,503458000.0,92757000.0,27276500.0,12912000.0,24.11739861434872,13.783686118198442,6.472990878330286,3.7317457591157535,6.52945802945803,13.903928136419,0.0859230099549566,0.0128268113872226,2014-07-23,0.08,bmo,369400000.0,2025-04-25,2014-06-30,0.0,8.98031746031746,446373.6349206349
2014-03-31,ROL,USD,84839,2014-04-25,2014-04-25 10:00:25,2014,Q1,313388000.0,161308000.0,152080000.0,0.4852770368,0,100832000.0,0.0,100832000.0,10214000.0,111046000.0,272354000.0,0.0,0.0,10214000.0,51248000.0,0.1635289162,41282000.0,0.1317280815,-9890000.0,41358000.0,0.1319705924,15592000.0,25766000.0,0.0822175706,0.0533,0.0533,492719625,492719625,https://www.sec.gov/Archives/edgar/data/84839/000155278114000346/0001552781-14-000346-index.htm,https://www.sec.gov/Archives/edgar/data/84839/000155278114000346/e00141_rol-10q.htm,0.6360371783445808,0.0522934315839357,0.0835810020759778,0.0731166330141609,0.168714611276139,0.91282339322287,0.1166890805293172,0.91282339322287,0.0,4414767840.0,4331638840.0,42.83520763797253,14.087226824256192,107.201394784129,122.54393604618886,9.81569936366911,9.81569936366911,13.821967784344007,84.52308070558851,105.18281870720216,120.23646366513074,0.0058363204892785,0.0081603385060447,0.0,0.0,-1.6220925694661257,0.962084135056806,0.0,1.5983078475510362,0.0034658674146724,0.5938446014127144,0.3217481205406716,0.0,0.5123298692241083,0.1252003302413676,0.0164524487217123,0.5047973369884472,0.0088229287656196,1.0363541973614117,0.0499237168766901,0.0690055973646857,-0.327811683977475,-9498000.0,57495000.0,-74891000.0,474799000.0,85803000.0,24887500.0,12469500.0,24.852036453214545,14.830572569246412,7.07912812755722,3.621433606434242,6.068545201459689,12.71343001261034,0.0572875673127804,0.0104643690618168,2014-04-23,0.05,bmo,313400000.0,2025-04-25,2014-03-31,0.0,8.731803278688524,657684.2459016393
2013-12-31,ROL,USD,84839,2014-02-26,2014-02-26 11:10:41,2013,Q4,324707000.0,167357000.0,157350000.0,0.4845907233,0,106362000.0,55282000.0,106362000.0,9833000.0,116195000.0,283552000.0,0.0,0.0,9833000.0,50742000.0,0.1562701143,40909000.0,0.1259874287,277000.0,41186000.0,0.1268405054,13229000.0,27957000.0,0.0860991602,0.0563,0.0563,492318000,492318000,https://www.sec.gov/Archives/edgar/data/84839/000155278114000153/0001552781-14-000153-index.htm,https://www.sec.gov/Archives/edgar/data/84839/000155278114000153/e00043_rol-10k.htm,0.6595472844787312,0.0567864672833412,0.0713888177966273,0.0605462323132609,0.2401212224619047,0.8901868304632372,0.1987313078132426,0.8901868304632372,0.0,4416092460.0,4297876460.0,39.49004238652216,13.60023793758681,125.6499305753144,148.15125,10.076536400041071,10.076536400041071,13.236168176232727,84.70057270111545,122.28636146360894,144.18533480944714,0.006330709842067,0.0067498586748339,0.0,0.0,-2.329746561034252,1.1639156544751306,0.0,1.257144901098115,0.0059387343534016,0.9380834853525056,0.3275630029534319,0.0,0.4605088898117873,0.1518807261139247,0.0164394361686073,0.5428658598596563,0.0080626534075335,1.0664838113134405,0.055160098886653,0.0701026326413424,-0.2291582879358463,38650000.0,97839000.0,-26520000.0,466281000.0,89355500.0,24650000.0,12043500.0,23.57882644969157,12.47309643456802,6.588251462442563,3.816983860160576,7.215529878416832,13.660680760754223,0.0637916281616867,0.0108425854833664,2014-01-29,0.05,bmo,324700000.0,2025-04-25,2013-12-31,0.1999999999999999,8.324375,561983.6875
2013-09-30,ROL,USD,84839,2013-10-25,2013-10-25 10:00:39,2013,Q3,362155000.0,181135000.0,181020000.0,0.4998412282,0,113028000.0,0.0,113028000.0,10076000.0,123104000.0,304239000.0,0.0,0.0,10076000.0,67992000.0,0.1877428173,58017000.0,0.1601993622,-9975000.0,58017000.0,0.1601993622,21817000.0,36200000.0,0.0999572006,0.0741,0.0741,492773625,492773625,https://www.sec.gov/Archives/edgar/data/84839/000155278113000025/0001552781-13-000025-index.htm,https://www.sec.gov/Archives/edgar/data/84839/000155278113000025/e00090_rol-10q.htm,0.7349317853608743,0.073461723930537,0.1103508735882526,0.1028829414317781,0.2368917370526882,0.8265296260529366,0.1224253834608132,0.8265296260529366,0.0,3868272956.25,3751538956.25,26.714592239295577,10.681263426571496,71.13672728401191,76.30030684149276,9.497542196384902,9.497542196384902,10.358931828222724,55.17618184859983,68.99001353948287,73.9977702522782,0.0093581813924251,0.0131061071887615,0.0,0.0,-1.7168784562889752,1.1131401397656089,0.0,1.502154696132597,0.0033958306842789,0.3628729281767955,0.3120984109014096,0.0,0.4560131639819994,0.0676744271580418,0.0101613949828112,0.3652242953552997,0.0075023125457331,1.168829137305361,0.0706610320024204,0.0874607393090118,-0.3260898957406659,28122000.0,60328000.0,-76891000.0,460434000.0,92550000.0,28415000.0,11976500.0,23.27119603484696,12.971209319016204,5.880917547685429,3.8674419598043617,6.9384432697464185,15.3037343697195,0.0888797226559814,0.0074679321564744,2013-10-23,0.07,bmo,362200000.0,2025-04-25,2013-09-30,0.0,7.668125,536231.671875
2013-06-30,ROL,USD,84839,2013-07-26,2013-07-26 10:00:54,2013,Q2,350798000.0,174361000.0,176437000.0,0.5029589678,0,109518000.0,0.0,109518000.0,9768000.0,119286000.0,293647000.0,0.0,0.0,9768000.0,66919000.0,0.190762205,57278000.0,0.1632791521,127000.0,57278000.0,0.1632791521,21284000.0,35994000.0,0.1026060582,0.0741,0.0741,493458750,493458750,https://www.sec.gov/Archives/edgar/data/84839/000110465913056914/0001104659-13-056914-index.htm,https://www.sec.gov/Archives/edgar/data/84839/000110465913056914/a13-13852_110q.htm,0.7108963008559479,0.0729422672107851,0.0696208143031205,0.0597415690774558,0.1856224051149159,0.7798159420620264,0.0844670400514734,0.7798159420620264,0.0,3918062475.0,3826465475.0,27.21330273795633,11.168998896801009,114.04635351477224,132.905782734057,10.181889817492928,10.181889817492928,10.907888514187652,57.18055372913523,111.38016227623343,129.79869318181818,0.0091866835278066,0.0075241270878407,0.0,0.0,-1.3687741896920158,1.0434135008459278,0.0,0.954464632994388,0.0033562507193048,0.3653386675557037,0.3121967628093661,0.0,0.4655276507355485,0.1419007422500363,0.0138968865272892,0.4990786240786241,0.0072577380714827,1.1312978005260883,0.073456693122287,0.0913685482417507,-0.3769575471100674,10726000.0,41681000.0,-94470000.0,438322000.0,85275000.0,26901000.0,11959000.0,23.464272886390457,15.858821640160356,6.254437632268684,3.835618535283955,5.675074860044265,14.389782949574975,0.0935377994683048,0.0098792452256647,2013-07-24,0.07,bmo,350800000.0,2025-04-25,2013-06-30,0.0,7.18625,475955.234375
2013-03-31,ROL,USD,84839,2013-04-26,2013-04-26 10:01:29,2013,Q1,299714000.0,155606000.0,144108000.0,0.4808183802,0,99134000.0,0.0,99134000.0,9894000.0,109028000.0,264634000.0,0.0,0.0,9894000.0,44974000.0,0.1500563871,35080000.0,0.1170449162,45000.0,35125000.0,0.1171950593,11946000.0,23179000.0,0.0773370613,0.0474,0.0474,493553250,493553250,https://www.sec.gov/Archives/edgar/data/84839/000110465913033308/0001104659-13-033308-index.htm,https://www.sec.gov/Archives/edgar/data/84839/000110465913033308/a13-8541_110q.htm,0.60725767685655,0.0469635241992632,0.0785852387761604,0.0689834379573024,0.1671126671742107,0.7394663088531988,0.0328799374738186,0.7394663088531988,0.0,3573325530.0,3490846530.0,38.540548880452135,11.92245117011551,92.12926133140824,104.95272799365584,9.790844982820316,9.790844982820316,11.647258820075136,77.61921399030551,90.0027466096014,102.53022380826503,0.0064866746131579,0.0095280991653732,0.0,0.0,-1.8339262685106952,0.9630031899699818,0.0,1.6733249924500626,0.0036789259443709,0.5671513007463652,0.3307619931000887,0.0,0.4929591003027827,0.1221832620017532,0.015811740525968,0.4789771578734587,0.0084947650093088,0.8839562984295424,0.0488815078423619,0.0646194591580708,-0.3946352293293581,-8652000.0,16228000.0,-117266000.0,423381000.0,79917500.0,23966000.0,11824000.0,23.7502418972754,13.347942881379897,6.825508013829801,3.789435088251656,6.7426120114394665,13.185831709177188,0.0635100255914249,0.0096018008188579,2013-04-24,0.05,bmo,299700000.0,2025-04-25,2013-03-31,0.0,7.212666666666666,737032.4833333333
2012-12-31,ROL,USD,84839,2013-02-27,2013-02-27 10:11:44,2012,Q4,306393000.0,163025000.0,143368000.0,0.4679219173,0,97608000.0,468000.0,97608000.0,-1000000.0,107418000.0,270443000.0,0.0,456000.0,9810000.0,45292000.0,0.1478232205,35482000.0,0.1158055178,-456000.0,35026000.0,0.1143172331,12112000.0,22914000.0,0.0747863039,0.0474,0.0474,492844500,492847875,https://www.sec.gov/Archives/edgar/data/84839/000104746913001764/0001047469-13-001764-index.htm,https://www.sec.gov/Archives/edgar/data/84839/000104746913001764/a2213058z10-k.htm,0.6216829040397123,0.0464933665689685,0.0442472219939555,0.0294636543575103,0.1320538222502229,0.7202190548945966,0.0014000359139647,0.7202190548945966,0.0009252411257506,3218274585.0,3153192585.0,35.11253584053417,10.503747099313626,147.57988650433347,221.6289914606432,9.066685969528615,9.066685969528615,10.291333630337508,69.6191951117195,144.59543197138532,217.14706872804905,0.0071199642525219,0.0045120450777198,0.0,0.0,-1.436942506402897,0.9018282432053796,77.81140350877193,0.9516889238020424,0.0090651059222779,1.2731954263768874,0.3185712467321381,0.0,0.5115710188792588,0.3341128995276746,0.0237799166430042,0.7427115188583079,0.0077318998802191,0.8679986704519408,0.0500168395790172,0.0677447965941343,-0.4179558664041092,-22424000.0,690000.0,-131558000.0,414105000.0,85943500.0,24766500.0,11383000.0,23.71748049074228,13.720963042478148,6.54028523232633,3.7946695069541634,6.559306349078619,13.760867730227062,0.0645544799918863,0.0147835676364451,2013-01-23,0.05,bmo,306400000.0,2025-04-25,2012-12-31,0.0,6.688225806451613,637381.5483870967
2012-09-30,ROL,USD,84839,2012-10-26,2012-10-26 10:03:53,2012,Q3,340179000.0,170478000.0,169701000.0,0.4988579542,0,108520000.0,0.0,108520000.0,9465000.0,117985000.0,288463000.0,0.0,19000.0,9465000.0,61181000.0,0.1798494322,51716000.0,0.1520258452,-19000.0,51697000.0,0.1519699923,19486000.0,32211000.0,0.0946883846,0.0652,0.0652,492949125,492955875,https://www.sec.gov/Archives/edgar/data/84839/000110465912071430/0001104659-12-071430-index.htm,https://www.sec.gov/Archives/edgar/data/84839/000110465912071430/a12-20047_110q.htm,0.6900894691718947,0.0653434570961049,0.0943444214451136,0.0855504105012865,0.1901068391185398,0.7478662225031842,0.0495730669975324,0.7478662225031842,3.854353124168747e-05,3347124558.75,3253411558.75,25.97811740360436,9.839303892215568,71.97033906186167,79.36840934150621,9.07916388745728,9.07916388745728,9.563822454501894,53.176828733593766,69.95530906637711,77.14624771767998,0.0096234841084101,0.0125994713551232,0.0,0.0,-1.5317337081773754,1.0044762906222335,2721.894736842105,1.4438235385427338,0.0034874710501838,0.3623917295333892,0.3190085219840143,0.0,0.487547961910913,0.0932117745715698,0.0127432910320742,0.4580031695721077,0.0069845581296905,1.048586524581861,0.0692327027707961,0.0890283743221505,-0.3445355542521756,1077000.0,24437000.0,-95691000.0,422821000.0,82464000.0,27177500.0,11540500.0,24.11365780956497,13.028719248231443,5.764438813219301,3.732324673044852,6.907816362089226,15.612968220533016,0.0873731893885965,0.0087940109438271,2012-10-24,0.07,bmo,340200000.0,2025-04-25,2012-09-30,0.0,6.945873015873016,580680.6984126985
2012-06-30,ROL,USD,84839,2012-07-27,2012-07-27 10:01:05,2012,Q2,334872000.0,165993000.0,168879000.0,0.5043091092,0,106068000.0,0.0,106068000.0,9613000.0,115681000.0,281674000.0,0.0,20000.0,9613000.0,62811000.0,0.1875671899,53198000.0,0.158860699,-20000.0,53178000.0,0.1588009747,20051000.0,33127000.0,0.0989243651,0.0681,0.0681,494157375,494194500,https://www.sec.gov/Archives/edgar/data/84839/000110465912051673/0001104659-12-051673-index.htm,https://www.sec.gov/Archives/edgar/data/84839/000110465912051673/a12-13916_110q.htm,0.6776626575693624,0.0670373481727354,0.073895487242298,0.0663978757779341,0.12558752158662,0.6967557653065484,-0.009165096443213,0.6967557653065484,4.047293637983244e-05,3276263396.25,3214203396.25,24.72502336651372,9.783628957482264,89.72131110335195,99.8525920042059,9.515529443926496,9.515529443926496,9.59830441556774,51.17261938593558,88.02178212975134,97.96115315747768,0.0101112139023733,0.0100147625607743,0.0,0.0,-0.9880434955660632,0.8735939187505193,2659.9,1.1023032571618316,0.0035738884771603,0.3534579044284118,0.3167419193005089,0.0,0.5124108735057449,0.1014623726585606,0.0110639289041783,0.3854155830646,0.0070982345493203,1.0251559996799786,0.0753111325751645,0.0997987575993107,-0.4310124886833875,-30431000.0,-4529000.0,-126158000.0,395368000.0,68787000.0,24445000.0,11518000.0,19.830144055041927,16.09007608754586,6.594133487556704,4.538544941992844,5.593509906995552,13.648495313270844,0.0962135536018727,0.0074976114643639,2012-07-25,0.07,bmo,334900000.0,2025-04-25,2012-06-30,0.0,6.2739682539682535,1369390.3015873015
2012-03-31,ROL,USD,84839,2012-04-27,2012-04-27 10:01:18,2012,Q1,289465000.0,148082000.0,141383000.0,0.4884286529,0,94824000.0,0.0,94824000.0,9767000.0,104591000.0,252673000.0,0.0,51000.0,9767000.0,46559000.0,0.1608450072,36792000.0,0.1271034495,-51000.0,36741000.0,0.1269272624,13661000.0,23080000.0,0.0797333011,0.0474,0.0474,495102375,495159750,https://www.sec.gov/Archives/edgar/data/84839/000110465912029465/0001104659-12-029465-index.htm,https://www.sec.gov/Archives/edgar/data/84839/000110465912029465/a12-8764_110q.htm,0.5846568601089825,0.0466166214613694,0.0749117796092171,0.0674103007484058,0.1205488056889244,0.6791625671357363,-0.0294120988613718,0.6791625671357363,0.0001030089988964,3124095986.25,3064411986.25,33.83986120288128,10.792655368524692,84.23241355253579,93.60587224719102,9.29085362671187,9.29085362671187,10.586468091997306,65.81782225241092,82.62320327455579,91.81758760299626,0.0073877371571108,0.0106830904514113,0.0,0.0,-1.2819003844584291,0.8337234177519763,721.4117647058823,1.6069757365684576,0.0037534058017453,0.5080589254766031,0.3275836456911889,0.0,0.5292906219919554,0.1001375070775701,0.0128305667351838,0.3802600593836387,0.0081944276510113,0.8440118167509372,0.0532261930703998,0.0739769671366618,-0.4314006774861462,-38008000.0,-14562000.0,-135976000.0,389955000.0,68568000.0,20899000.0,10999500.0,19.83348591366832,11.677719101578855,6.6089058764738455,4.537780216334848,7.706984490475695,13.61798786095273,0.0686383845593374,0.0075014788608113,2012-04-25,0.04453,bmo,248142857.0,2025-04-25,2012-03-31,0.1228385358185493,6.3106451612903225,836872.0322580645
2011-12-31,ROL,USD,84839,2012-02-28,2012-02-28 10:01:06,2011,Q4,289056000.0,151202000.0,137854000.0,0.4769110484,0,93059000.0,0.0,93059000.0,10083000.0,103142000.0,254344000.0,0.0,59000.0,9678000.0,44390000.0,0.1535688586,34712000.0,0.1200874571,-59000.0,34653000.0,0.1198833444,13058000.0,21595000.0,0.074708707,0.0436,0.0436,493661250,495102375,https://www.sec.gov/Archives/edgar/data/84839/000104746912001690/0001047469-12-001690-index.htm,https://www.sec.gov/Archives/edgar/data/84839/000104746912001690/a2207495z10-k.htm,0.5855351215028524,0.0437445718091099,0.0800974352351941,0.0694200729751423,0.0937383681623785,0.6563144261373564,0.1697520313777919,0.6563144261373564,0.0001195151533566,3248291025.0,3202016025.0,37.60466572123177,11.237583807289935,82.14994625831415,94.78526480887074,10.025682413726052,10.025682413726052,11.077493720939888,72.1337243748592,80.97964201714676,93.43495841844178,0.0066481112171899,0.010550163066131,0.0,0.0,-1.0424645190358188,0.7784867014093363,588.3389830508474,1.8310257003936097,0.0031462698142941,0.473257698541329,0.3219410771615189,0.0,0.3720235421668086,0.1333046711008826,0.0182352208568581,0.5446373217606943,0.0066077161518875,0.8037284085617535,0.0515288686341209,0.0532614137766892,-0.4351283395243195,-50029000.0,83800000.0,-145831000.0,267026000.0,78364500.0,23267500.0,10866000.0,22.83688973762869,13.442679329638496,6.6219362177748975,3.940992010470919,6.695093871767623,13.591191011235956,0.0666518517146763,0.0106773622600518,2012-01-25,0.03882,bmo,247799999.0,2025-04-25,2011-12-31,0.0303967027305512,6.26015873015873,1007035.746031746
2011-09-30,ROL,USD,84839,2011-10-28,2011-10-28 10:51:55,2011,Q3,323929000.0,165097000.0,158832000.0,0.490329671,0,102396000.0,0.0,102396000.0,9337000.0,111733000.0,276830000.0,0.0,79000.0,9337000.0,56436000.0,0.1742233638,47099000.0,0.1453991461,-79000.0,47020000.0,0.1451552655,17605000.0,29415000.0,0.0908069361,0.0593,0.0593,494602875,494805375,https://www.sec.gov/Archives/edgar/data/84839/000110465911058676/0001104659-11-058676-index.htm,https://www.sec.gov/Archives/edgar/data/84839/000110465911058676/a11-25850_110q.htm,0.6549274506340061,0.0594719551518983,0.0824216802217334,0.0707335152469544,0.0610975017078095,0.6601215166814386,-0.0505415582147596,0.6601215166814386,0.0001597241018867,2740099927.5,2709880927.5,23.28828767210607,8.45895220094527,67.21532471912869,78.3221359868515,8.392394218341307,8.392394218341307,8.365663239475317,48.01688509993621,66.47404522150812,77.45836579962841,0.0107350099552163,0.0127677825355513,0.0,0.0,-0.535456091856262,0.7285736691068317,596.1898734177215,1.3858915519292878,0.0037458487907645,0.3489376168621451,0.316106307246341,0.0,0.555792562889079,0.1418093509296963,0.0178465034004365,0.6191496197922245,0.0058068280394777,0.9398516573294092,0.0743094025465766,0.1047069167434956,-0.4202669667053593,-64033000.0,-24998000.0,-134045000.0,363509000.0,77420000.0,27902000.0,11456000.0,23.16702116821896,13.056506175157637,5.782237109093442,3.884832639746711,6.893115110016283,15.564909965117376,0.0900924354819937,0.011688164974779,2011-10-26,0.06,bmo,287911111.0,2025-04-25,2011-09-30,0.0,5.7700000000000005,1096825.625
2011-06-30,ROL,USD,84839,2011-07-29,2011-07-29 10:05:14,2011,Q2,320436000.0,159645000.0,160791000.0,0.5017881886,0,101757000.0,0.0,101757000.0,9288000.0,110867000.0,270512000.0,0.0,178000.0,9288000.0,59034000.0,0.1842302363,49746000.0,0.1552447291,-178000.0,49568000.0,0.1546892359,18507000.0,31061000.0,0.096933553,0.0622,0.0622,496951875,497184750,https://www.sec.gov/Archives/edgar/data/84839/000110465911041697/0001104659-11-041697-index.htm,https://www.sec.gov/Archives/edgar/data/84839/000110465911041697/a11-14095_110q.htm,0.644802879554484,0.0625030341217648,0.0832796938335326,0.0747174965382714,0.0519567412840529,0.6302079049404935,-0.0914957811558714,0.6302079049404935,0.0204808564209562,3001589325.0,2985769325.0,24.158827186825924,9.367203825412876,72.52668354032764,80.83782620990547,9.584138746355965,9.584138746355965,9.317833592355417,50.57711361249449,72.14442867153143,80.41176712181196,0.0103481844572458,0.0123704464467336,0.0319302133257552,0.0156953347187082,-0.2679811633973642,0.6799465594646318,279.4719101123595,1.33241041820933,0.0034341806569424,0.3318631080776536,0.3175579522900049,0.0,0.5629163187534137,0.1028125453051756,0.0132787826586276,0.4581180017226529,0.0058732477000087,0.9414206759954794,0.0783459983792822,0.1115376328641195,-0.4796918212653891,-79773000.0,-45469000.0,-154473000.0,352905000.0,70490500.0,27467000.0,12492500.0,20.06993596225143,17.95715493751762,6.936953866391056,4.484319240942105,5.011929802530374,12.973994311255588,0.0991784356111283,0.0085621972952612,2011-07-27,0.06,bmo,320400000.0,2025-04-25,2011-06-30,0.0,5.905714285714286,868146.3015873015
2011-03-31,ROL,USD,84839,2011-04-29,2011-04-29 10:27:33,2011,Q1,271643000.0,140898000.0,130745000.0,0.4813118689,0,91498000.0,0.0,91498000.0,9200000.0,100698000.0,241596000.0,0.0,192000.0,9200000.0,39247000.0,0.1444800713,30047000.0,0.1106120901,-192000.0,29855000.0,0.1099052801,11215000.0,18640000.0,0.0686194748,0.0385,0.0385,497721375,498048750,https://www.sec.gov/Archives/edgar/data/84839/000110465911024010/0001104659-11-024010-index.htm,https://www.sec.gov/Archives/edgar/data/84839/000110465911024010/a11-9517_110q.htm,0.5457732250297669,0.0374506720753152,0.0662097343116919,0.0594891067316528,0.0468937063432327,0.6051980387621488,0.1789957282827164,0.6051980387621488,0.0506146636760376,2991305463.75,2992965463.75,40.119440232698494,11.011899676229463,90.77215099077502,101.026899380256,9.93063363571476,9.93063363571476,11.018010638043314,76.25972593446633,90.82252423833222,101.08296341484008,0.0062313930241789,0.0098983538654996,0.0829958170108226,0.0407030226064587,0.0422962264631691,0.608657550554738,156.49479166666666,1.7679184549356224,0.0034493301085556,0.5535407725321888,0.3368317976167249,0.0,0.3453732874203238,0.1015051283607452,0.01231395618514,0.3635869565217391,0.0069282109238964,0.7141177417148141,0.0472197201476905,0.0463595100416588,-0.4644405717958165,-94672000.0,89090000.0,-165741000.0,190902000.0,68354500.0,24510500.0,12289500.0,23.03449748382988,14.743218498488268,8.099476216837713,3.90718313100512,6.1045015380616094,11.111829652996846,0.0618816811632693,0.0067206275800391,2011-04-27,0.04103,bmo,271600000.0,2025-04-25,2011-03-31,-0.0251035827443333,5.751451612903225,796822.6774193548
2010-12-31,ROL,USD,84839,2011-03-01,2011-03-01 17:03:06,2010,Q4,279928000.0,147622000.0,132306000.0,0.4726429653,0,92506000.0,0.0,92506000.0,9360000.0,101866000.0,249488000.0,0.0,172000.0,9365000.0,39682000.0,0.1417578806,30317000.0,0.1083028493,-295000.0,30145000.0,0.1076884056,10939000.0,19206000.0,0.0686104998,0.0386,0.0386,496715625,497721375,https://www.sec.gov/Archives/edgar/data/84839/000110465911011515/0001104659-11-011515-index.htm,https://www.sec.gov/Archives/edgar/data/84839/000110465911011515/a10-24360_410ka.htm,0.5635578707635782,0.0386659872034426,0.0636863396435334,0.0511117402437259,0.0421025611988751,0.5998804648031759,0.1146048103479732,0.5998804648031759,0.0526901081478964,2905786406.25,2910873406.25,37.82394051663543,10.380477859485296,91.85643314945943,114.45511289782574,9.751942834010134,9.751942834010134,10.39865038956446,73.35500746560153,92.0172411408611,114.6554831514889,0.0066095704621269,0.0087370496143121,0.0872571064201094,0.0420022810469553,0.1281941434403508,0.6128079337447908,176.26162790697674,1.6470894512131626,0.0030315373425427,0.4586587524731854,0.3304635477694264,0.0,0.3893999166416268,0.1974457861794272,0.0223128804549741,0.6669514148424986,0.0059979709068046,0.7224173540638978,0.0484618494991414,0.0508135566314786,-0.4908095049355453,-95420000.0,56926000.0,-170023000.0,219637000.0,72079000.0,25816500.0,11533000.0,21.600733045640307,15.81471596374524,7.254406524772731,4.166525266056412,5.690902081727063,12.406252626271115,0.0644561533040238,0.0125745993998074,2011-01-26,0.03794,bmo,233250000.0,2025-04-25,2010-12-31,0.0542962572482867,5.3078125,857663.484375
2010-09-30,ROL,USD,84839,2010-10-29,2010-10-29 12:49:56,2010,Q3,305118000.0,156064000.0,149054000.0,0.488512641,0,98909000.0,0.0,98909000.0,9076000.0,107985000.0,264049000.0,0.0,100000.0,9076000.0,50145000.0,0.1643462529,41069000.0,0.1346003841,-100000.0,40969000.0,0.1342726421,15456000.0,25513000.0,0.0836168302,0.0514,0.0514,498089250,498681562,https://www.sec.gov/Archives/edgar/data/84839/000110465910054606/0001104659-10-054606-index.htm,https://www.sec.gov/Archives/edgar/data/84839/000110465910054606/a10-17625_110q.htm,0.6125769628635832,0.051221743894292,0.0670201173785621,0.0624667165573238,0.0406553644753425,0.5750796669472389,0.1207936127912818,0.5750796669472389,0.048384902906457,2301172335.0,2304922335.0,22.54901751068083,7.541909474367294,68.93452564256187,73.95938596773156,8.033669534040168,8.033669534040168,7.554199801388315,45.96514777146276,69.04686163201725,74.07991049045445,0.011086957552877,0.013520934319767,0.0837868880502442,0.0394980456696153,0.0747831289261142,0.5900937196858278,410.69,1.3084309959628424,0.0038484731740006,0.3471171559597068,0.3241663880859208,0.0,0.3723925118288418,0.0679408064226229,0.0074331897823137,0.249889819303658,0.0053684148427821,0.8141087930563643,0.0680249539574355,0.0669017962501638,-0.4770646023779875,-104795000.0,60166000.0,-170323000.0,192262000.0,74233500.0,21646000.0,11144500.0,22.70456020293788,14.81680592577404,6.439858006971499,3.963961389058501,6.074183629782431,13.975463419002418,0.089068953117745,0.0045534008212383,2010-10-27,0.05,bmo,305100000.0,2025-04-25,2010-09-30,0.0,4.2504687500000005,879184.359375
2010-06-30,ROL,USD,84839,2010-07-30,2010-07-30 14:45:23,2010,Q2,298803000.0,148428000.0,150375000.0,0.5032579994,0,96772000.0,0.0,96772000.0,9158000.0,105930000.0,254358000.0,0.0,66000.0,8967000.0,53412000.0,0.1787532254,44445000.0,0.1487434865,-66000.0,44379000.0,0.1485226052,16679000.0,27700000.0,0.0927032192,0.0563,0.0563,501410250,502193250,https://www.sec.gov/Archives/edgar/data/84839/000110465910040777/0001104659-10-040777-index.htm,https://www.sec.gov/Archives/edgar/data/84839/000110465910040777/a10-12997_110q.htm,0.5959251929931628,0.0552441837796495,0.0614247514884268,0.0554775256389353,0.0384635136597227,0.5495898817385564,0.1223967798823418,0.5495898817385564,0.0499910003834185,2050767922.5,2056481922.5,18.50873576263538,6.863277552434212,66.585535975194,73.72354756084408,7.441912844286388,7.441912844286388,6.882400519740431,38.50224523515315,66.77106147926881,73.92896151633893,0.0135071353984473,0.0135641871977837,0.0907210509126537,0.0429253082466385,0.1069797049352205,0.6161199309386449,673.4090909090909,1.1118772563176895,0.0043515406604961,0.3221660649819494,0.3238655569053858,0.0,0.367782324044869,0.0968213253677067,0.0099798194797241,0.3325526932084309,0.0078513267939076,0.8265210219223189,0.0749889715272408,0.0752292182679355,-0.4554543908904934,-91160000.0,61371000.0,-160527000.0,194299000.0,66101500.0,19135000.0,11039500.0,21.53412114336201,10.671234537957798,6.743875818578704,4.179413657090105,8.433888289107335,13.345441467361985,0.1005189244112203,0.0059472258494915,2010-07-28,0.06,bmo,298800000.0,2025-04-25,2010-06-30,0.0,4.275555555555556,832408.7777777778
2010-03-31,ROL,USD,84839,2010-04-30,2010-04-30 10:41:07,2010,Q1,253041000.0,130975000.0,122066000.0,0.4823961334,0,85101000.0,0.0,85101000.0,8814000.0,93915000.0,224890000.0,0.0,99000.0,9000000.0,37151000.0,0.1468181046,28151000.0,0.1112507459,-99000.0,28052000.0,0.110859505,10469000.0,17583000.0,0.069486763,0.0356,0.0356,502230375,503177062,https://www.sec.gov/Archives/edgar/data/84839/000110465910023723/0001104659-10-023723-index.htm,https://www.sec.gov/Archives/edgar/data/84839/000110465910023723/a10-6248_110q.htm,0.5038345201641776,0.0350098299012679,0.0562251934682365,0.0531588715636723,0.0281723302777136,0.5409131217919665,0.1138182850848079,0.5409131217919665,0.0300638924915682,2149546005.0,2150397005.0,30.56284486435762,8.494852632577329,76.12245927473619,80.51337197542887,7.9125460773090195,7.9125460773090195,8.498215723934067,57.88261433070442,76.15259596996954,80.54524702224886,0.0081798667993616,0.0124202970943159,0.0552154691658415,0.0265330345124024,0.0229065166482732,0.5587624464674046,284.35353535353534,1.6059830518114089,0.0041552960388954,0.5079906728089632,0.3363130876024043,0.0,0.3794223935273547,0.0545364402578086,0.0060859702577843,0.1711111111111111,0.0074098663852893,0.6527547155473201,0.0496386564902428,0.0501178623447623,-0.4549918949048034,-99218000.0,57163000.0,-168025000.0,187485000.0,61731500.0,18256000.0,10582500.0,21.59258776245747,14.20416109944646,7.529146783737355,4.168096987267127,6.33617144792221,11.95354567856165,0.0647235729561994,0.0030663219045642,2010-04-28,0.03889,bmo,253000000.0,2025-04-25,2010-03-31,0.0285420416559526,4.087213114754098,755259.2131147541
2009-12-31,ROL,USD,84839,2010-02-25,2010-02-25 10:02:04,2009,Q4,259567000.0,136562000.0,123005000.0,0.4738853552,0,88563000.0,0.0,88563000.0,9045000.0,97608000.0,234170000.0,0.0,118000.0,9045000.0,31507000.0,0.1213829185,25397000.0,0.0978437167,-3053000.0,22344000.0,0.0860818209,2383000.0,19961000.0,0.0769011469,0.0397,0.0397,500998500,502230375,https://www.sec.gov/Archives/edgar/data/84839/000104746910001320/0001047469-10-001320-index.htm,https://www.sec.gov/Archives/edgar/data/84839/000104746910001320/a2196759z10-k.htm,0.518099355586893,0.039842434657988,0.0372316483981488,0.0254092577123484,0.018970116676996,0.5280774293735411,0.1000462077231768,0.5280774293735411,0.0601159484509434,1908804285.0,1929300285.0,23.906671572065527,7.353801850774559,102.3322942690184,149.9453483896308,7.214851057959072,7.214851057959072,7.432764122557952,61.23402053511918,103.43109875087116,151.5554033778476,0.0104573319312304,0.0066690965124274,0.1133932553691706,0.0529571259108625,0.6505221061986225,0.517845097592727,215.228813559322,0.9344722208306198,0.003627925636179,0.3469265066880417,0.3411951442209526,0.0,0.3785428317234367,0.3175360531817938,0.0228187712613698,0.6548369264787175,0.0055862262922482,0.688038905636088,0.0623747971939273,0.0566988493209829,-0.4795553280099641,-112223000.0,50123000.0,-181400000.0,176864000.0,66752000.0,16228500.0,10274500.0,21.758775190991148,10.439873464067604,6.727493739107512,4.136262230296077,8.620794141783978,13.377938871473354,0.0754480923474671,0.0118223906858004,2010-01-27,0.02625,bmo,207679999.0,2025-04-25,2009-12-31,0.1428571428571428,3.7221875,639847.796875
2009-09-30,ROL,USD,84839,2009-10-30,2009-10-30 14:22:48,2009,Q3,286852000.0,147436000.0,139416000.0,0.4860206657,0,93233000.0,0.0,93233000.0,9321000.0,102584000.0,250020000.0,0.0,159000.0,9321000.0,46153000.0,0.1608948168,36862000.0,0.1285052919,-159000.0,36673000.0,0.1278464156,13940000.0,22733000.0,0.0792499268,0.0454,0.0454,501820312,503354250,https://www.sec.gov/Archives/edgar/data/84839/000110465909061467/0001104659-09-061467-index.htm,https://www.sec.gov/Archives/edgar/data/84839/000110465909061467/a09-31216_110q.htm,0.5716229358209,0.0453010758161578,0.0559921536217131,0.0486309529854184,0.0522517709486418,0.5046188724222068,-0.1581821183834424,0.5046188724222068,0.0906340355549418,1866771560.64,1885873560.64,20.52931377996745,6.507786456569939,66.43788029895366,76.4944910932634,7.371900266321259,7.371900266321259,6.574378287897592,40.861342938487205,67.11771516264503,77.27723162760203,0.0121777085527306,0.0130728368240372,0.178980997362061,0.0774054825823574,0.4138842545446666,0.542543437311778,231.83647798742132,1.2360005278669774,0.003713362762835,0.3049311573483482,0.3250212653214898,0.0,0.5680472463268132,0.1314684319168624,0.0128777209153152,0.3963094088617101,0.0050548715016803,0.7171784997139178,0.061735993443949,0.0898821761821919,-0.4938919252036972,-119242000.0,-79379000.0,-190878000.0,290588000.0,69436500.0,17930500.0,10768500.0,22.1978581289306,10.142977291841884,6.312501695650995,4.054445229681979,8.873134328358208,14.257421912774394,0.0897728529230574,0.0073612006362946,2009-10-28,0.04783,bmo,286900000.0,2025-04-25,2009-09-30,0.0453690152623877,3.57609375,710522.21875
2009-06-30,ROL,USD,84839,2009-07-31,2009-07-31 08:36:15,2009,Q2,284567000.0,141633000.0,142934000.0,0.5022859291,0,91806000.0,0.0,91806000.0,9356000.0,101162000.0,242795000.0,0.0,259000.0,9374000.0,51146000.0,0.1797327167,41772000.0,0.146791441,-259000.0,41513000.0,0.1458812863,16031000.0,25482000.0,0.0895465743,0.0514,0.0514,494742937,498777750,https://www.sec.gov/Archives/edgar/data/84839/000110465909046150/0001104659-09-046150-index.htm,https://www.sec.gov/Archives/edgar/data/84839/000110465909046150/a09-18905_110q.htm,0.5751815310907612,0.0515055356919627,0.0878415774129586,0.0824933454279914,0.0456297570146009,0.4797845148418965,-0.1975935231997056,0.4797845148418965,0.1124988268402505,1692020844.54,1724844844.54,16.600157410525078,5.945948913753176,38.93372706551002,41.457889509225,7.128200044403252,7.128200044403252,6.061296090340763,33.72394409220662,39.689013657470255,42.262143055889055,0.0150600981555446,0.0241208612362548,0.2333866958756371,0.095739680147656,0.6417706174480898,0.4930329659659174,161.28185328185327,1.7054783768934934,0.0041193345947785,0.2735264107997802,0.3226164664209132,0.0,0.5791629366689593,0.0608849720426148,0.0092983374741273,0.2822701088116066,0.0050954608229344,0.7456608245086421,0.0700200233188216,0.1046428542096142,-0.5295815875386615,-135746000.0,-97758000.0,-209257000.0,276565000.0,63453000.0,18978500.0,11375500.0,21.54525999149585,12.229141513630298,7.114443667789287,4.177252910177179,7.359469992205768,12.65032154340836,0.1073513923410709,0.0053482319849671,2009-07-29,0.05,bmo,249025000.0,2025-04-25,2009-06-30,0.0,3.418253968253968,1070867.492063492
2009-03-31,ROL,USD,84839,2009-05-01,2009-05-01 07:28:42,2009,Q1,242972000.0,125371000.0,117601000.0,0.4840105033,0,81988000.0,0.0,81988000.0,9424000.0,91412000.0,216783000.0,0.0,428000.0,9429000.0,35618000.0,0.1465930231,26189000.0,0.1077860823,-428000.0,25761000.0,0.1060245625,9953000.0,15808000.0,0.0650609947,0.0316,0.0316,507019500,508619250,https://www.sec.gov/Archives/edgar/data/84839/000110465909028190/0001104659-09-028190-index.htm,https://www.sec.gov/Archives/edgar/data/84839/000110465909028190/a09-12294_110q.htm,0.4792162826084598,0.0311782880145635,0.040700604217392,0.0338428798103426,0.0294998515836175,0.4500714469561822,-0.2161258097568239,0.4500714469561822,0.1240662341389236,1718796105.0,1766315105.0,27.182377672697367,7.074050116885896,83.29114678232216,100.16878052334052,7.532137448235062,7.532137448235062,7.269624092488023,49.59051897916784,85.59387017832913,102.9381144006061,0.0091971351075408,0.0099831503865317,0.2737833870154911,0.1102032752647658,1.334128811275198,0.4446270462606624,61.1892523364486,1.305414979757085,0.0040877448928126,0.4444585020242915,0.337438058706353,0.0,0.5958113724079053,0.1684919558053886,0.0143102908977166,0.3687559656379255,0.0059677658331001,0.5618988227496585,0.0441536228205562,0.0689880903024775,-0.5402144296225293,-147341000.0,-109580000.0,-220761000.0,268759000.0,58926000.0,18747000.0,11224000.0,21.773990418649063,13.43277153408683,8.294980497882285,4.133371893234439,6.700032064985036,10.849935093033318,0.0692740857599859,0.0068577244070494,2009-04-29,0.02625,bmo,194399999.0,2025-04-25,2009-03-31,0.1428571428571428,3.2124590163934426,1298876.7704918033
2008-12-31,ROL,USD,84839,2009-03-02,2009-03-02 16:22:47,2008,Q4,248076000.0,133050000.0,115026000.0,0.463672423,0,84120000.0,0.0,84120000.0,8930000.0,93050000.0,226100000.0,0.0,1102000.0,9096000.0,31072000.0,0.1252519389,21976000.0,0.088585756,-1102000.0,20874000.0,0.0841435689,8321000.0,12553000.0,0.0506014286,0.0252,0.0252,497805750,497805750,https://www.sec.gov/Archives/edgar/data/84839/000104746909002119/0001047469-09-002119-index.htm,https://www.sec.gov/Archives/edgar/data/84839/000104746909002119/a2191137z10-k.htm,0.4983389605282783,0.0252166633270105,0.0263797676101571,0.016992571901791,0.0275529159717419,0.4588797939758631,-0.2282898500067546,0.4588797939758631,0.1340342091267527,1777166527.5,1829071527.5,35.39326311439496,7.16379870483239,135.33098747334756,210.09179897150963,7.779815208398086,7.779815208398086,7.373028940727841,58.86558726506179,139.283546108742,216.22786706466485,0.0070634911280141,0.0047598240621263,0.2872658503806368,0.1146184305444205,1.670475025746653,0.4282494034681318,19.941923774954628,1.046124432406596,0.0034087970408276,0.4825938022783398,0.3390896338218933,0.0,0.5974966682212056,0.3558483094730429,0.0188369693158548,0.5137423043095867,0.0,0.5102517894390863,0.0361935418697418,0.054474049644159,-0.5637133560630828,-155989000.0,-113644000.0,-227246000.0,264713000.0,30393000.0,19409500.0,11005000.0,21.429763459584965,12.704847801578357,7.368432919954905,4.199766374917469,7.083910126717069,12.21426604241256,0.0549526557021095,0.0093871957083661,2009-01-28,0.02884,bmo,248076000.0,2025-04-25,2008-12-31,0.0402219140083217,3.20546875,1657250.640625
2008-09-30,ROL,USD,84839,2008-10-31,2008-10-31 16:49:11,2008,Q3,277911000.0,145415000.0,132496000.0,0.4767569474,0,91440000.0,0.0,91440000.0,9031000.0,100471000.0,245886000.0,0.0,0.0,9031000.0,40902000.0,0.1471766141,31871000.0,0.1146805992,-20000.0,32005000.0,0.1151627679,12201000.0,19804000.0,0.0712602236,0.0395,0.0395,502367062,506736000,https://www.sec.gov/Archives/edgar/data/84839/000008483908000105/0000084839-08-000105-index.htm,https://www.sec.gov/Archives/edgar/data/84839/000008483908000105/f10q3q2008.htm,0.5532030680785358,0.0394213743256917,0.0507378009587738,0.0446545995883782,0.0325140743403276,0.5236430090633609,-0.1398439613463352,0.5236430090633609,0.0846412976016329,1883876482.5,1910063482.5,23.78151487704504,6.778704270431901,73.90939160029816,83.97791122453528,7.16136744899472,7.16136744899472,6.872932278679145,46.69853509608332,74.93677596217977,85.1452539785138,0.0105123664868511,0.0119078932235675,0.1616393155960024,0.0736548178506533,0.6402376411911398,0.4772627424986319,0.0,1.2870632195516056,0.0033452299333536,0.3182185417087457,0.3290261990349428,0.0,0.5773660534106125,0.1198948566048099,0.0109963261619727,0.3383899900343262,0.0,0.6815140197748414,0.0547844403673327,0.0811682589646169,-0.5793766590533358,-135643000.0,-70253000.0,-190397000.0,275634000.0,4661500.0,28240500.0,10688500.0,0.5560413225816898,12.401265344015403,6.880514389849741,161.8584740827024,7.257323950691221,13.080417378789242,0.0752829191708387,0.0060832013703955,2008-10-22,0.04199,bmo,277900000.0,2025-04-25,2008-09-30,-0.0473922362467253,3.32484375,1429603.421875
2008-06-30,ROL,USD,84839,2008-07-28,2008-07-28 17:20:01,2008,Q2,284499000.0,146076000.0,138423000.0,0.4865500406,0,92030000.0,0.0,92030000.0,8685000.0,100715000.0,246791000.0,0.0,365000.0,8685000.0,46379000.0,0.1630199052,37694000.0,0.1324925571,-379000.0,37329000.0,0.1312096,14591000.0,22738000.0,0.0799229523,0.0454,0.0454,503055562,507115687,https://www.sec.gov/Archives/edgar/data/84839/000008483908000087/0000084839-08-000087-index.htm,https://www.sec.gov/Archives/edgar/data/84839/000008483908000087/f10q22008.htm,0.5655419033017272,0.0451997785485174,0.0727832127616949,0.0641817772009844,0.0303584755912111,0.495921363056115,-0.1783441169864254,0.495921363056115,0.110617999687279,1473952796.66,1513962796.66,16.205831610739732,5.180871625770214,40.256535660130005,45.65158722272122,5.908194762862961,5.908194762862961,5.321504809015146,32.64328244809073,41.3492870666958,46.89078566172144,0.0154265455796987,0.0219050434133052,0.221592457791531,0.0938879906523009,0.8626749175273292,0.4553676522725661,103.27123287671232,1.6102559591872636,0.0042803270323827,0.2774650365027707,0.3234809261192482,0.0,0.5760672409342265,0.1181788386955809,0.0152091922994456,0.4982153137593552,0.0,0.7101757213685533,0.0635017572248081,0.0910922821144562,-0.6226459334923325,-153619000.0,-89717000.0,-210891000.0,264379000.0,30757000.0,27503000.0,9487500.0,2.406124450349562,22.45379117719543,6.321366959664831,37.404549040231394,4.008231807704972,14.237426900584795,0.0911430358030431,0.0086014355607104,2008-07-23,0.05,bmo,284500000.0,2025-04-25,2008-06-30,0.0,3.2378125,1537331.03125
2008-03-31,ROL,USD,84839,2008-04-30,2008-04-30 17:24:13,2008,Q1,210078000.0,110359000.0,99719000.0,0.4746760727,0,70760000.0,0.0,70760000.0,6631000.0,77391000.0,187750000.0,0.0,0.0,6631000.0,29377000.0,0.1398385362,22767000.0,0.1083740325,418000.0,22746000.0,0.1082740696,8907000.0,13839000.0,0.0658755319,0.0277,0.0277,503151750,508280062,https://www.sec.gov/Archives/edgar/data/84839/000008483908000074/0000084839-08-000074-index.htm,https://www.sec.gov/Archives/edgar/data/84839/000008483908000074/f10q12008.htm,0.4175241366049109,0.0275046245988412,0.0308237027894665,0.0253402676230381,0.1418359371700486,0.4701325196623086,0.0799619597864858,0.4701325196623086,0.0030905189140254,1755999607.5,1686189607.5,31.721938136787344,8.3587981963842,113.22455396866336,137.72545941176472,7.423438826369279,7.423438826369279,8.02649305258047,57.398291435476736,108.7232966342124,132.25016529411764,0.0078809812604129,0.0072608216684923,0.0065737186532965,0.0032755254005935,-2.376348844334003,0.8728916936388921,0.0,1.1206734590649614,0.0035877001185491,0.4552352048558422,0.3368272736793,0.0,0.4135271826479305,0.1778967051389516,0.0131332171859975,0.4160760066354999,0.0046792143870371,0.5393917087450737,0.0475871977930363,0.049705837984613,-0.2425341857600614,-23445000.0,40233000.0,-77181000.0,249693000.0,54182500.0,18851000.0,8780500.0,23.094850484105905,15.137687003325512,7.107259036417511,3.896972620019292,5.945426139424631,12.663109581181873,0.0585039822784382,0.0054834351664284,2008-04-23,0.02965,bmo,210100000.0,2025-04-25,2008-03-31,0.011804384485666,3.5752459016393443,1393356.737704918
2007-12-31,ROL,USD,84839,2008-02-29,2008-02-29 15:34:31,2007,Q4,215954000.0,117199000.0,98755000.0,0.4572964613,0,74633000.0,0.0,74633000.0,6586000.0,81219000.0,198418000.0,104000.0,1766000.0,6586000.0,24183000.0,0.1119821814,17597000.0,0.0814849459,627000.0,18224000.0,0.084388342,6290000.0,11934000.0,0.0552617687,0.0237,0.0237,503151750,503151750,https://www.sec.gov/Archives/edgar/data/84839/000104746908002054/0001047469-08-002054-index.htm,https://www.sec.gov/Archives/edgar/data/84839/000104746908002054/a2183133z10-k.htm,0.4292025219031833,0.0237184904951637,0.0203199134257209,0.0148901400024942,0.1416670020525617,0.4641800411108577,0.0687287682095908,0.4641800411108577,0.0070614879109533,1906945132.5,1837452132.5,39.94773614253394,8.83033022078776,186.516542693662,254.53085057394551,8.16493529305982,8.16493529305982,8.508534838437816,75.98114925774304,179.71949652777778,245.25522323812064,0.0062581769116527,0.0039287968344312,0.0076513682119262,0.0037603003190047,-2.87363023611628,0.8536981688962765,9.964326160815402,0.8567119155354449,0.0026524098222841,0.4238310708898944,0.3455967474554766,0.0,0.418687451076115,0.2672143974960876,0.0126508423090102,0.4148193136957182,0.0,0.4977118871350003,0.0399130229054097,0.0431990617398355,-0.2486908770564745,-27461000.0,34581000.0,-81435000.0,248881000.0,27228500.0,20864500.0,8545000.0,22.69524991433361,14.69807762864871,6.793061374243808,3.965587527774207,6.12324973876698,13.24881302283518,0.0510976095361652,0.0054297734232266,2008-01-23,0.01889,bmo,162000000.0,2025-04-25,2007-12-31,0.0587612493382742,3.81,1103334.578125
2007-09-30,ROL,USD,84839,2007-10-31,2007-10-31 09:31:26,2007,Q3,238116000.0,123029000.0,115087000.0,0.4833232542,0,78154000.0,0.0,78154000.0,6885000.0,85039000.0,208068000.0,0.0,0.0,6885000.0,36916000.0,0.1550336811,30031000.0,0.1261192024,500000.0,30531000.0,0.1282190193,11766000.0,18765000.0,0.0788061281,0.0369,0.0369,505804500,511196062,https://www.sec.gov/Archives/edgar/data/84839/000008483907000072/0000084839-07-000072-index.htm,https://www.sec.gov/Archives/edgar/data/84839/000008483907000072/f10q3q2007.htm,0.4707668674359362,0.0370993140630421,0.0653968084506958,0.0586491421092536,0.1617640807861535,0.4441676576621995,0.0460197566451069,0.4441676576621995,0.0041933197510105,1775373795.0,1695673795.0,23.652728417266182,7.455919782794941,53.672344005078905,59.84742272037755,7.902421393025968,7.902421393025968,7.121208969577853,45.93330249756203,51.26288756877683,57.16075493005225,0.0105696051461658,0.0167091572960836,0.0094408489197104,0.0043875617485705,-2.158955466464405,0.9001766289824237,0.0,1.762749800159872,0.0028354592222647,0.2682653876898481,0.3282181793747585,0.0,0.4165908169428975,0.1031803615696233,0.0143333501318685,0.4957153231663035,0.0,0.6089023707752778,0.0640458349300348,0.0665361827059111,-0.3416478105671262,-19611000.0,23277000.0,-81904000.0,259407000.0,0.0,23650500.0,8492000.0,0.0,16.52464053190711,6.030773232327337,0.0,5.446411970428085,14.92345948568656,0.0835254738228984,0.0067476663414421,2007-10-24,0.04,bmo,238100000.0,2025-04-25,2007-09-30,0.0,3.318888888888889,1399539.142857143
2007-06-30,ROL,USD,84839,2007-08-01,2007-08-01 08:10:46,2007,Q2,239618000.0,121601000.0,118017000.0,0.4925214299,0,76787000.0,0.0,76787000.0,6911000.0,83698000.0,205299000.0,0.0,0.0,6911000.0,41230000.0,0.1720655376,35019000.0,0.1461451143,611000.0,34930000.0,0.1457736898,13691000.0,21239000.0,0.0886369138,0.0421,0.0408,508606593,513907031,https://www.sec.gov/Archives/edgar/data/84839/000008483907000047/0000084839-07-000047-index.htm,https://www.sec.gov/Archives/edgar/data/84839/000008483907000047/f10q2q2007.htm,0.4711264134163514,0.0417591912734013,0.0509155806401432,0.0431374667610728,0.1121574135787893,0.4095699954876519,0.0123631901090987,0.4095699954876519,0.0044887345768244,1525819779.0,1471058779.0,17.9601179316352,6.367717696500263,58.92106035681186,69.54511298997265,7.324755311794921,7.324755311794921,6.139183112287057,35.67933007518797,56.8064094454742,67.0491695077484,0.0139197304244671,0.0143791555870242,0.0109596274782775,0.0049269056960468,-1.3281833616298813,0.8044363568880549,0.0,1.2192664438062055,0.0032244961480473,0.2316493243561373,0.3204558922952366,0.0,0.4359804391269255,0.1527649057769539,0.0165096111310502,0.5724207784691072,0.0,0.6203422564051536,0.0786722480743333,0.0812658789678288,-0.3807461457740089,-37937000.0,6288000.0,-99013000.0,241719000.0,0.0,20838500.0,8715500.0,0.0,18.289981167918025,6.468696803480235,0.0,4.920726772418258,13.913157894736845,0.1019586193653689,0.0077781138790703,2007-07-25,0.03935,bmo,239600000.0,2025-04-25,2007-06-30,0.0165184243964421,3.044126984126984,1144858.2857142857
2007-03-31,ROL,USD,84839,2007-05-01,2007-04-30 20:42:57,2007,Q1,201232000.0,106836000.0,94396000.0,0.4690904031,0,67041000.0,0.0,67041000.0,6686000.0,73727000.0,180563000.0,0.0,0.0,6686000.0,27348000.0,0.1359028385,20662000.0,0.1026775066,566000.0,21228000.0,0.1054901805,8435000.0,12793000.0,0.0635733879,0.0257,0.0257,511221375,521913375,https://www.sec.gov/Archives/edgar/data/84839/000008483907000030/0000084839-07-000030-index.htm,https://www.sec.gov/Archives/edgar/data/84839/000008483907000030/f10q1q2007.htm,0.3936298633835489,0.0250243840058526,0.0382691353623467,0.0262528146441451,0.1075737492392605,0.4007363737480656,0.0087828878438426,0.4007363737480656,0.0041508436535933,1549000766.25,1496128766.25,30.270475382044864,7.697586697195277,79.17607678644448,115.41619598018032,7.561080546945549,7.561080546945549,7.434845184910949,54.70706326788065,76.47356196329994,111.47669817822816,0.0082588726091922,0.008664295262094,0.010358040660923,0.0047346625493101,-1.9333040807371653,0.7840008712935987,0.0,1.5292738216211992,0.0034344721551553,0.4158524192918002,0.3331527788820863,0.0,0.4470820020348785,0.3139950930280106,0.0305269539635843,0.91878552198624,0.0023703983461874,0.4750095475778891,0.0468588711375712,0.0516244365620296,-0.359882252576,-39665000.0,4490000.0,-99349000.0,237560000.0,26346500.0,16637000.0,8546000.0,0.0,14.291530944625409,7.32140851398405,0.0,6.297435897435897,12.292716603382807,0.0624460010250652,0.0120163207182015,2007-04-25,0.02842,bmo,201200000.0,2025-04-25,2007-03-31,0.0555946516537648,2.946885245901639,1273918.2786885246
2006-12-31,ROL,USD,84839,2007-02-28,2007-02-28 06:54:36,2006,Q4,204653000.0,112614000.0,92039000.0,0.4497319854,0,69238000.0,0.0,69238000.0,6460000.0,75698000.0,188312000.0,86000.0,998000.0,6460000.0,22735000.0,0.11109048,16275000.0,0.0795248543,671000.0,16946000.0,0.0828035748,6407000.0,10539000.0,0.0514969241,0.0206,0.0206,509601372,511218843,https://www.sec.gov/Archives/edgar/data/84839/000104746907001460/0001047469-07-001460-index.htm,https://www.sec.gov/Archives/edgar/data/84839/000104746907001460/a2176407z10-k.htm,0.4015942877014075,0.0206808705373736,0.0438381865267034,0.0378099452997548,0.1243010782160924,0.4149498247426225,0.0181377062697547,0.4149498247426225,0.0031789553345237,1482939992.52,1420217992.52,35.1774360119556,7.246119003972578,66.38048310295434,76.9638775441146,7.012896081604472,7.012896081604472,6.939639255324867,62.46835243105344,63.57287343419875,73.70863569233963,0.0071068283633586,0.0129931083504312,0.0029414685589168,0.001372538202681,-2.758829997800748,0.8157025150373098,16.30761523046092,2.1197457064237595,0.0028558134660616,0.4018407818578612,0.3383190082725393,0.0,0.4462205549732443,0.1375111906893464,0.015010774335094,0.4755417956656346,0.0,0.4394135650075923,0.0377018177655625,0.0419949075346969,-0.264229567262625,-34133000.0,9243000.0,-90643000.0,240224000.0,55255000.0,15200500.0,8399500.0,23.172736290208302,13.033992221215836,6.713996483563322,3.883874518436984,6.905021767122448,13.404832758005,0.0498394487820334,0.0060282412269486,2007-02-07,0.01867,bmo,204700000.0,2025-04-25,2006-12-31,0.0712372790573112,2.893650793650794,649167.2380952381
2006-09-30,ROL,USD,84839,2006-10-31,2006-10-31 14:34:05,2006,Q3,227816000.0,119206000.0,108610000.0,0.4767443902,0,74472000.0,0.0,74472000.0,6662000.0,81134000.0,200340000.0,0.0,0.0,6662000.0,34121000.0,0.1497743793,27459000.0,0.1205314815,366000.0,27825000.0,0.1221380412,10788000.0,17037000.0,0.0747840362,0.0329,0.0329,509297625,521690625,https://www.sec.gov/Archives/edgar/data/84839/000008483906000070/0000084839-06-000070-index.htm,https://www.sec.gov/Archives/edgar/data/84839/000008483906000070/form10q3q.htm,0.4473140828017802,0.0334519525788089,0.0560379601220406,0.0475831788926956,0.1056101528060336,0.3904966177684414,-0.0052562585580484,0.3904966177684414,0.0016100605220768,1415847397.5,1362880397.5,20.77606675911252,6.2148725177336095,49.60922906447092,58.4240074894776,7.1191397658878,7.1191397658878,5.982373483425221,39.94256901907916,47.753342589348286,56.23835922670628,0.0120330764671974,0.0171162514002502,0.0041231100317278,0.0018054317073439,-1.5523284780633628,0.7699176352859672,0.0,1.6751775547338146,0.0029904352739398,0.2485179315607207,0.3268953892615093,0.0,0.4437751136651364,0.1508759635599159,0.0189012185272325,0.6463524467126989,0.0,0.5421389790864897,0.0646791852657144,0.0674388134378871,-0.3022932808689221,-44835000.0,-2677000.0,-105276000.0,228811000.0,57217000.0,14416000.0,8471500.0,22.8409330336763,10.639397345771188,6.34045266177877,3.940294377086324,8.459125745103606,14.194570135746606,0.085665153183594,0.008454781229345,2006-10-25,0.03,bmo,227800000.0,2025-04-25,2006-09-30,0.0,2.7344444444444447,1028019.5555555556
2006-06-30,ROL,USD,84839,2006-07-31,2006-07-31 16:51:17,2006,Q2,232222000.0,119035000.0,113187000.0,0.4874086004,0,74368000.0,0.0,74368000.0,6945000.0,81313000.0,200348000.0,0.0,0.0,6945000.0,38821000.0,0.1671719303,31876000.0,0.1372652031,340000.0,32216000.0,0.1387293194,12886000.0,19330000.0,0.0832393141,0.0382,0.0369,513003375,525814031,https://www.sec.gov/Archives/edgar/data/84839/000008483906000056/0000084839-06-000056-index.htm,https://www.sec.gov/Archives/edgar/data/84839/000008483906000056/form10q2q.htm,0.4526714858357413,0.0376800639956803,0.0133254483949545,0.0017894619114347,0.0725550782195146,0.3665492454118845,-0.0331810682532059,0.3665492454118845,0.0019337104751016,1328678741.25,1292449741.25,17.18415340468184,5.72158857149624,194.36494166910472,1447.3624632352942,7.06589914566504,7.06589914566504,5.565578374357296,33.29254118260735,189.06520498098303,1407.8973216230936,0.0145482872570194,0.0006909119349169,0.0052754452486425,0.0022381560482106,-0.933232013600886,0.7059106671497335,0.0,0.3536471805483704,0.0032212451867585,0.2214174857734092,0.3202452825313708,0.0,0.4626643081796481,0.8657109420713868,0.0254842349131434,0.8521238300935925,0.0,0.5574593958805281,0.0762851971685013,0.0811642642100445,-0.3337692466448198,-56821000.0,-17022000.0,-118792000.0,219150000.0,50966000.0,16443000.0,8722000.0,21.94249468181309,11.144621329860966,6.46070483471248,4.1016302523976895,8.075644504748983,13.930368636629607,0.1027967305002632,0.0115359864835197,2006-07-26,0.03571,bmo,193500000.0,2025-04-25,2006-06-30,0.1201344161299356,2.6153968253968256,1229434.396825397
2006-03-31,ROL,USD,84839,2006-05-02,2006-05-01 18:34:51,2006,Q1,194187000.0,107014000.0,87173000.0,0.4489126461,0,62500000.0,0.0,62500000.0,6793000.0,69293000.0,176307000.0,0.0,0.0,6793000.0,24673000.0,0.127057939,17880000.0,0.0920761946,292000.0,18172000.0,0.0935798998,7269000.0,10903000.0,0.0561469099,0.0211,0.0211,513907031,528395906,https://www.sec.gov/Archives/edgar/data/84839/000008483906000035/0000084839-06-000035-index.htm,https://www.sec.gov/Archives/edgar/data/84839/000008483906000035/q1q2006.txt,0.3778640654558392,0.0212158996517017,0.0534824362035241,0.0429104851067896,0.1035771001156043,0.3583430248884842,-0.0448446870928294,0.3583430248884842,0.0024070501576772,1372131772.77,1320139772.77,31.46225288383931,7.066033116377512,49.92293151791886,62.22255454244513,7.450961270505824,7.450961270505824,6.798291197505497,53.50544209338143,48.031281527014734,59.86485456058407,0.007946029832098,0.0160713427366253,0.0067171676033775,0.0027653334048698,-2.1072427349734526,0.7282053140972197,0.0,2.5208658167476843,0.0031163187711686,0.3921856369806475,0.3218547070607198,0.0,0.4632011696220189,0.19767145715845,0.0279781859753742,0.7997939054909465,0.0,0.4135913650944982,0.0420678368615414,0.0454058961448924,-0.3337262182739041,-52486000.0,-23046000.0,-122546000.0,223029000.0,46510000.0,17675000.0,8990500.0,21.002178312657385,15.260993888650082,7.48416095090362,4.285269778219133,5.897387854072523,12.025396111922689,0.0592055605332464,0.0105719510967344,2006-04-26,0.0225,bmo,259733333.0,2025-04-25,2006-03-31,-0.111111111111111,2.6846774193548386,963018.0967741936
2005-12-31,ROL,USD,84839,2006-03-17,2006-03-17 16:32:07,2005,Q4,194830000.0,106353000.0,88477000.0,0.4541241082,0,71105000.0,0.0,71105000.0,6472000.0,77577000.0,183930000.0,0.0,0.0,6472000.0,16934000.0,0.0869167993,10462000.0,0.0536980958,1154000.0,11616000.0,0.0596212082,4264000.0,7352000.0,0.0377354617,0.0143,0.0143,513299530,513907031,https://www.sec.gov/Archives/edgar/data/84839/000110465906017715/0001104659-06-017715-index.htm,https://www.sec.gov/Archives/edgar/data/84839/000110465906017715/a06-7187_110ka.htm,0.3795639555719055,0.0143230211023181,0.0169569607827227,0.0003156051983916,0.0838983819057851,0.3447324411148399,-0.0557822447256088,0.3447324411148399,0.002698229628225,1334578778.0,1292898778.0,45.38148728237214,6.849965498126572,153.32936328124998,8238.140604938271,7.542081016778656,7.542081016778656,6.636035405225068,76.34928416204086,148.54076034007352,7980.856654320987,0.0055088542701223,0.000121386614766,0.0078270255607484,0.0031503262919181,-2.461320420455888,0.7212929250595909,0.0,1.1838955386289445,0.0025551133108157,0.4638193688792165,0.3649591951958117,0.0,0.4676221519116907,0.9813878676470588,0.0438433506133552,1.3198393077873918,0.0,0.3333110043888199,0.0265313317847296,0.0314116888055269,-0.3493111517168153,-53201000.0,-28633000.0,-125002000.0,218315000.0,48329500.0,16052500.0,8220000.0,22.03690396756146,14.558686637894558,7.685537784547685,4.084058274813961,6.181876307835387,11.71030609997798,0.0415482252148899,0.016641355584331,2006-02-15,0.01846,bmo,129866666.0,2025-04-25,2005-12-31,0.0834236186348862,2.61984126984127,987677.6825396824
2005-09-30,ROL,USD,84839,2005-10-28,2005-10-28 17:30:47,2005,Q3,209346000.0,106398000.0,102948000.0,0.4917600527,0,72258000.0,0.0,72258000.0,5800000.0,78058000.0,184456000.0,0.0,0.0,5800000.0,30690000.0,0.1465994096,24890000.0,0.1188940797,489000.0,25379000.0,0.1212299256,10279000.0,15100000.0,0.0721293934,0.029,0.029,517263468,531881437,https://www.sec.gov/Archives/edgar/data/84839/000008483905000093/0000084839-05-000093-index.htm,https://www.sec.gov/Archives/edgar/data/84839/000008483905000093/q3q2005.txt,0.4047183165852339,0.0291920866911096,0.0568240400074029,0.051418670842612,0.153672170794014,0.3454390480945389,-0.0216717411792939,0.3454390480945389,0.0,1329367112.76,1249878112.76,22.00938928410596,6.3500955965721815,45.227336874766095,49.98184429672519,7.439807439767632,7.439807439767632,5.970394049850487,40.72590787748453,42.5229854985881,46.99319896078505,0.0113587885957624,0.0200072649193043,0.0,0.0,-2.590061909416748,0.8716348397731899,0.0,1.9465562913907284,0.0025922109603309,0.2282119205298013,0.3451606431457969,0.0,0.4174408328900105,0.0951246895519341,0.0133558797397609,0.4820689655172414,0.0,0.4763317639687476,0.0584192836584751,0.0569800569800569,-0.3022279934139869,-25853000.0,-11210000.0,-100666000.0,221968000.0,48755000.0,13653000.0,7739000.0,21.045828437132787,12.60446624936559,6.22398917272881,4.276381909547739,7.140326152607208,14.460179396575157,0.0845071999015015,0.0054053691647908,2005-10-26,0.02955,bmo,209346000.0,2025-04-25,2005-09-30,0.015228426395939,2.649375,1178081.40625
2005-06-30,ROL,USD,84839,2005-08-01,2005-07-29 18:03:08,2005,Q2,214326000.0,110594000.0,103732000.0,0.4839916762,0,71294000.0,0.0,71294000.0,6045000.0,77339000.0,187933000.0,0.0,0.0,6045000.0,27716000.0,0.1293170217,21671000.0,0.1011123242,9798000.0,31469000.0,0.1468277297,12745000.0,18724000.0,0.0873622426,0.0369,0.0356,515896593,531782718,https://www.sec.gov/Archives/edgar/data/84839/000008483905000070/0000084839-05-000070-index.htm,https://www.sec.gov/Archives/edgar/data/84839/000008483905000070/q2q2005.txt,0.4154437205209456,0.0362940950842836,0.0379223283608697,0.0228301565852752,0.1275604469828317,0.3396068172909992,-0.0288488045897988,0.3396068172909992,0.0,1361967005.52,1296788005.52,18.184776296731467,6.354651351305955,69.61597860969127,115.6365261946001,7.773695537265557,7.773695537265557,6.050539857600104,46.788425657382014,66.28440020036803,110.10256457123452,0.0137477632895013,0.0086477865853315,0.0,0.0,-2.3516741232501084,0.8411394887888674,0.0,1.044750614119406,0.0025125425110379,0.1827600939970091,0.3326427964875936,0.0,0.4279198661885112,0.3979758740543856,0.0363278370333044,1.288006617038875,0.0,0.5266201170252479,0.0514798404784254,0.0736811452766781,-0.315412046150109,-30777000.0,-14883000.0,-106046000.0,217181000.0,46432000.0,12632000.0,8360000.0,20.389686738893086,10.0950322802322,6.607953415194314,4.4139962105610016,8.91527609834744,13.619950738916256,0.1068709261309802,0.0150921717755945,2005-07-27,0.02869,bmo,160744500.0,2025-04-25,2005-06-30,0.0456605088881142,2.585,1230022.453125
2005-03-31,ROL,USD,84839,2005-05-02,2005-04-29 17:35:21,2005,Q1,183915000.0,98637000.0,85278000.0,0.463681592,0,60283000.0,0.0,60283000.0,5963000.0,66246000.0,164883000.0,0.0,0.0,5963000.0,24998000.0,0.1359214855,19035000.0,0.1034988989,456000.0,19491000.0,0.1059783052,7896000.0,11595000.0,0.0630454286,0.0224,0.0224,515934562,532040906,https://www.sec.gov/Archives/edgar/data/84839/000008483905000055/0000084839-05-000055-index.htm,https://www.sec.gov/Archives/edgar/data/84839/000008483905000055/q1q2005.txt,0.3564696253088003,0.0224737803085965,0.0382374073245358,0.0257997835004509,0.108335444292255,0.3268631575025206,-0.047620380198526,0.3268631575025206,0.0,1264039676.9,1208145676.9,27.253981821905995,6.872955859500313,64.07338183799676,94.96203717977612,7.495491442718216,7.495491442718216,6.569043726177855,48.329693451476125,61.24014988341444,90.76295371497258,0.0091729715545292,0.010530523877735,0.0,0.0,-2.235938875110009,0.7824865060138553,0.0,1.7014230271668822,0.0027182691040416,0.2963346269943941,0.3277764184541772,0.0,0.4613395415472779,0.3252737226277372,0.0348911181795938,1.076136173067248,0.0,0.4065484507846901,0.0491123234063766,0.0513983270609199,-0.3037885258014562,-40943000.0,-24569000.0,-102871000.0,205196000.0,44888500.0,14148500.0,8738000.0,21.68240763396134,11.733021077283372,7.846953982785364,4.150830549787849,7.670658682634731,11.469418604651162,0.0687559297912713,0.0124376238240848,2005-04-27,0.01921,bmo,183915000.0,2025-04-25,2005-03-31,0.0411244143675168,2.24344262295082,1460048.0983606558
2004-12-31,ROL,USD,84839,2005-03-11,2005-03-11 16:55:12,2004,Q4,182237000.0,97787000.0,84450000.0,0.4634075407,0,65483000.0,0.0,65483000.0,6364000.0,71847000.0,169634000.0,0.0,0.0,6364000.0,8708000.0,0.0477839297,2344000.0,0.0128623715,20626000.0,22970000.0,0.1260446561,8877000.0,7889000.0,0.043289782,0.0273,0.0273,515934562,515934562,https://www.sec.gov/Archives/edgar/data/84839/000008483905000028/0000084839-05-000028-index.htm,https://www.sec.gov/Archives/edgar/data/84839/000008483905000028/form10k.txt,0.3532172748682807,0.0152906988231581,0.0231560373735923,0.0086251248273613,0.1099693724337079,0.3247485482470933,-0.0541173281583721,0.3247485482470933,0.0,1191808838.22,1135071838.22,37.76805799911269,6.539883987444921,99.75800102285092,267.82221083595505,7.11319577090881,7.11319577090881,6.228547650696621,130.3481669981626,95.0089426818448,255.0723231955056,0.0066193501398952,0.0037338202715849,0.0,0.0,-6.515502985760221,0.780960740504309,0.0,1.5143871213081506,0.0022965092322085,0.3469387755102041,0.3593287861411239,0.0,0.466760590286069,0.6275215535280824,0.0411387369195059,1.1780326838466373,0.0,0.3342554793886603,0.0062310933785232,0.0353275715373248,-0.3022752524960714,-41175000.0,-27921000.0,-104426000.0,203458000.0,54413500.0,14908000.0,9939000.0,22.455428919483968,14.208637139906122,8.169184042868684,4.007939475246872,6.33417541132271,11.017012167643085,0.0470847334212678,0.014530912546231,2005-02-16,0.0144,bmo,182237000.0,2025-04-25,2004-12-31,0.0618055555555555,2.27140625,1120043.171875
2004-09-30,ROL,USD,84839,2004-10-28,2004-10-28 16:27:55,2004,Q3,202257000.0,106748000.0,95509000.0,0.472216042,0,70080000.0,0.0,70080000.0,6249000.0,76329000.0,183077000.0,0.0,0.0,6249000.0,25114000.0,0.1241687556,18865000.0,0.0932724207,4079000.0,19563000.0,0.0967234756,7925000.0,13633000.0,0.067404342,0.0263,0.025,518076000,533058468,https://www.sec.gov/Archives/edgar/data/84839/000008483904000062/0000084839-04-000062-index.htm,https://www.sec.gov/Archives/edgar/data/84839/000008483904000062/q10930.txt,0.3904002501563477,0.0263146719786286,0.0467286652923509,0.0410229387194156,0.0789343648422239,0.3459781962491989,-0.0280615199314386,0.3459781962491989,0.0,1103501880.0,1062607880.0,20.23585931196362,5.455939126952343,45.58229914494609,51.92217004658166,6.156457323298539,6.156457323298539,5.253750821974023,42.31137532850203,43.89309265149325,49.99801816214182,0.0123543060932528,0.0192595956429181,0.0,0.0,-1.6283347933423589,0.8130716160603221,0.0,2.080168413816807,0.0024793795548404,0.2006895034108413,0.3464898619083641,0.0,0.4529212545606256,0.1221033499938039,0.0146150689469338,0.4730356857097135,0.0,0.4526000572097219,0.0457399772742276,0.0582442558936368,-0.2985865008222731,-34112000.0,-14538000.0,-100229000.0,204855000.0,63061500.0,14567000.0,11579500.0,28.19294264228185,12.122194326825792,9.275864653201932,3.1922882666750843,7.424398386423703,9.702599527358664,0.0760587582220784,0.0057057265729352,2004-10-27,0.02,bmo,202257000.0,2025-04-25,2004-09-30,0.0,2.05765625,1085785.765625
2004-06-30,ROL,USD,84839,2004-07-30,2004-07-30 11:20:36,2004,Q2,207698000.0,105442000.0,102256000.0,0.4923302102,0,69155000.0,0.0,69155000.0,5764000.0,74919000.0,180361000.0,0.0,0.0,5764000.0,18958000.0,0.0912767576,13194000.0,0.0635249256,28333000.0,41527000.0,0.199939335,17717000.0,23810000.0,0.1146375988,0.0457,0.0448,518865750,532545890,https://www.sec.gov/Archives/edgar/data/84839/000008483904000042/0000084839-04-000042-index.htm,https://www.sec.gov/Archives/edgar/data/84839/000008483904000042/q10630.txt,0.4002923684980171,0.0458885559511299,0.030028962212287,0.0261512732339723,0.0421399947867054,0.3268224969561009,-0.0509611590281301,0.3268224969561009,0.0,1048108815.0,1026243815.0,11.00492245905082,5.0463115436836175,67.26839195173609,77.2428929913774,6.18072506884778,6.18072506884778,4.941038503018806,54.13249367021838,65.86508022591617,75.63149937357211,0.0227171069064999,0.0129461748683031,0.0,0.0,-1.1533389598058867,0.750763225355395,0.0,0.6543889122217555,0.0026075536822958,0.1147837043259134,0.3329593929647854,0.0,0.4781406036183929,0.129131634683268,0.0096871419079625,0.3490631505898681,0.0,0.580897391840681,0.0317426371529195,0.1112918454534406,-0.3187081629496647,-42779000.0,-26442000.0,-111523000.0,198553000.0,54157000.0,15040500.0,11152000.0,27.19742125586188,12.594981127065116,10.376605147853796,3.3091372580259697,7.145703442667389,8.673356913712265,0.1404081921486994,0.0038776889783147,2004-07-28,0.03044,bmo,249237600.0,2025-04-25,2004-06-30,-0.014454664914586,2.103709677419355,1203384.8709677418
2004-03-31,ROL,USD,84839,2004-04-29,2004-04-29 11:02:10,2004,Q1,158692000.0,85357000.0,73335000.0,0.462121594,0,54175000.0,0.0,54175000.0,4657000.0,58832000.0,144189000.0,0.0,0.0,4657000.0,19161000.0,0.1207433267,14504000.0,0.0913971719,2094000.0,14652000.0,0.0923297961,5934000.0,8718000.0,0.0549366068,0.0169,0.0164,515972531,531289125,https://www.sec.gov/Archives/edgar/data/84839/000008483904000022/0000084839-04-000022-index.htm,https://www.sec.gov/Archives/edgar/data/84839/000008483904000022/q104.txt,0.3075590084077557,0.0168962483004739,0.0391299900420474,0.0357596555852311,0.1897155257670102,0.2865326952841216,0.0899233916776085,0.2865326952841216,0.0,1166097920.06,1068209920.06,33.43937600539114,7.348183399667279,57.75621198910351,63.19971383990028,7.887407047070203,7.887407047070203,6.731340710684848,55.74917384583268,52.90787122634968,57.89441873394396,0.0074762160621566,0.0158228564536421,0.0,0.0,-5.108710401336047,1.2164280102724578,0.0,2.315898141775637,0.002330850568587,0.3117687543014453,0.3413845688503516,0.0,0.2794966883038164,0.0861317483902922,0.0109583343835858,0.3734163624651063,0.0,0.3300452548194,0.0408067759296936,0.0333370297998937,-0.1511509728024649,32783000.0,46398000.0,-30857000.0,168846000.0,47010000.0,13807500.0,9992000.0,25.832493131348777,16.158604449547195,10.69894677647996,3.4839842806647785,5.56978792822186,8.412042968365034,0.0589679592540735,0.0033703344568162,2004-04-28,0.01947,bmo,130920900.0,2025-04-25,2004-03-31,0.027221366204417,2.170483870967742,1407499.4838709678
2003-12-31,ROL,USD,84839,2004-03-15,2004-03-15 16:34:49,2003,Q4,158524000.0,86709000.0,71815000.0,0.4530228861,0,58613000.0,0.0,58613000.0,4921000.0,63534000.0,150243000.0,0.0,0.0,4921000.0,13202000.0,0.0832807651,8281000.0,0.0522381469,1852000.0,10133000.0,0.0639209205,5308000.0,4825000.0,0.0304370316,0.0094,0.0094,514062705,515972531,https://www.sec.gov/Archives/edgar/data/84839/000008483904000012/0000084839-04-000012-index.htm,https://www.sec.gov/Archives/edgar/data/84839/000008483904000012/a200310k.txt,0.308374831432286,0.0093860144940878,0.0063902710078919,0.0027856523845665,0.1583581131410807,0.2699553938658125,0.0699194857950257,0.2699553938658125,0.0,1017844155.9,958304155.9,52.73803916580311,6.420757461961595,309.84601397260275,710.7850250698324,7.334545058152104,7.334545058152104,6.0451676459085055,72.5878015376458,291.72120423135465,669.2068127793295,0.0047404113606504,0.0014068951437204,0.0,0.0,-4.509922738978943,1.1747941691605412,0.0,0.6808290155440414,0.0022164493325652,0.4675647668393782,0.3697421210668416,0.0,0.2938834651790205,0.5640791476407915,0.0116890817794151,0.3765494818126397,0.0,0.2387689634156592,0.0192459013215621,0.0195286413327235,-0.1720650985564105,25349000.0,35943000.0,-40759000.0,164016000.0,50580000.0,12886000.0,10241500.0,27.51879841538189,12.756461266996505,10.21035878628516,3.270491634173011,7.055248169243288,8.814577615126563,0.0347687607188666,0.0036046186233253,2004-02-17,0.00792,bmo,174376400.0,2025-04-25,2003-12-31,0.1805555555555556,1.86546875,1243803.5625
2003-09-30,ROL,USD,84839,2003-10-29,2003-10-29 16:07:18,2003,Q3,178262000.0,96085000.0,82177000.0,0.4609900035,0,61426000.0,0.0,61426000.0,5065000.0,66491000.0,162576000.0,0.0,0.0,5065000.0,20751000.0,0.1164073106,15686000.0,0.0879940761,120000.0,15806000.0,0.0886672426,6006000.0,9800000.0,0.0549752611,0.0193,0.0184,513888046,523900406,https://www.sec.gov/Archives/edgar/data/84839/000008483903000045/0000084839-03-000045-index.htm,https://www.sec.gov/Archives/edgar/data/84839/000008483903000045/a10q3rd.txt,0.3468887851888269,0.0190703015496881,0.0503202987523862,0.0378428728813045,0.1596962619363985,0.2332044906138953,0.0299111841959445,0.2332044906138953,0.0,806804232.22,751738232.22,20.581740617857143,4.525946260111521,31.20013272825709,41.48733646423613,6.732288884605436,6.732288884605436,4.217041389752163,36.22660268035276,29.0706613643219,38.655742902247134,0.0121466888851516,0.024103740688729,0.0,0.0,-2.653655245530336,1.226422791867818,0.0,2.638673469387755,0.0027937384435848,0.23,0.3445826928902402,0.0,0.2925642145825632,0.2479600912641633,0.0359695279981151,1.2659427443237907,0.0,0.3163286251224174,0.0463092835440731,0.038794366107975,-0.2147106764962577,33300000.0,15371000.0,-56873000.0,175254000.0,53540500.0,14697000.0,10859500.0,26.601350820702116,12.628193786751314,9.971795805796951,3.383286834064036,7.126909954012758,9.0254555701672,0.0817750185662669,0.0124774258710816,2003-10-29,0.01809,bmo,178262000.0,2025-04-25,2003-09-30,0.105583195135434,1.5890625,1312907.265625
2003-06-30,ROL,USD,84839,2003-07-23,2003-07-22 17:31:39,2003,Q2,185105000.0,95550000.0,89555000.0,0.4838064882,0,62253000.0,0.0,62253000.0,5037000.0,67290000.0,162840000.0,0.0,0.0,5037000.0,27302000.0,0.1474946652,22265000.0,0.1202830826,94000.0,22359000.0,0.1207909025,8497000.0,13862000.0,0.0748872262,0.0272,0.0263,513910828,528570562,https://www.sec.gov/Archives/edgar/data/84839/000008483903000030/0000084839-03-000030-index.htm,https://www.sec.gov/Archives/edgar/data/84839/000008483903000030/a10q2nd.txt,0.3601889470209801,0.0269735511391092,0.0286450473466186,0.0259772693483703,0.126218395227119,0.2182460339208887,0.0115992885831936,0.2182460339208887,0.0,847952866.1999999,783087866.1999999,15.29275837180782,4.580929019745549,57.60158047686977,63.51706862921347,7.560274843748607,7.560274843748607,4.230506286702141,28.68243594608453,53.19529014333265,58.65826713108613,0.0163476067509753,0.0157437996050729,0.0,0.0,-2.3758332722877444,1.1338450282112251,0.0,1.0619679699899005,0.002656987304137,0.1625306593565142,0.3363118230193674,0.0,0.3086846067539836,0.0931322600366822,0.0074066070608573,0.2721858248957713,0.0,0.3639431102928583,0.068371814823726,0.0582838594661867,-0.234825758526341,19025000.0,5961000.0,-70708000.0,159614000.0,51298000.0,14936000.0,11130500.0,26.44596310202317,14.987755102040817,10.4298273155416,3.403165906750993,6.004901960784314,8.629097805472771,0.1235924000748936,0.0026677779982483,2003-07-22,,bmo,,2025-04-25,2003-06-30,,1.9046031746031744,1646477.746031746
2003-03-31,ROL,USD,84839,2003-05-02,2003-05-02 16:17:34,2003,Q1,155122000.0,84078000.0,71044000.0,0.4579879063,0,54222000.0,0.0,54222000.0,5156000.0,59378000.0,143456000.0,0.0,0.0,5156000.0,16822000.0,0.1084436766,11666000.0,0.0752053223,66000.0,11732000.0,0.0756307938,4458000.0,7274000.0,0.0468921236,0.014,0.0138,511575920,525227026,https://www.sec.gov/Archives/edgar/data/84839/000008483903000025/0000084839-03-000025-index.htm,https://www.sec.gov/Archives/edgar/data/84839/000008483903000025/a10q1st.txt,0.3032238108470781,0.0142188084224136,0.0354864239896201,0.0336079149307887,0.106242295376217,0.194237054785534,-0.0142969981855283,0.194237054785534,0.0,1033383358.4,979032358.4,35.516337585922464,6.661745970268563,56.923177173074805,60.10488910603152,10.39966345366168,10.39966345366168,6.311370137053416,58.19952195933896,53.92929152803789,56.943660699121736,0.0070390140705017,0.0166375816489053,0.0,0.0,-3.230947568660088,1.0857215412997527,0.0,2.495738245806984,0.0021744108628564,0.308908441022821,0.3495442297030724,0.0,0.3215917860415762,0.0529359920678638,0.0061951238380113,0.1863847944142746,0.0,0.2492808417967791,0.0365600613618901,0.0323221371535723,-0.2663592922825609,11477000.0,-7314000.0,-86997000.0,154496000.0,47972000.0,13049000.0,10925000.0,27.96740629955777,14.943266966388354,11.976022265039608,3.218031698614223,6.022779369627507,7.515016088666428,0.0732033773788078,0.0018785090588313,2003-07-22,0.029,bmo,185105000.0,2025-04-25,2003-03-31,0.0344827586206895,1.7734426229508198,1356050.1311475409
2002-12-31,ROL,USD,84839,2003-03-18,2003-03-18 16:19:06,2002,Q4,151710000.0,83927000.0,67783000.0,0.4467932239,0,56508000.0,0.0,56508000.0,5337000.0,61845000.0,145772000.0,0.0,0.0,5337000.0,11275000.0,0.0743194252,5938000.0,0.0391404654,71000.0,6009000.0,0.0396084635,2284000.0,3725000.0,0.0245534243,0.0073,0.0073,510083578,511575920,https://www.sec.gov/Archives/edgar/data/84839/000008483903000015/0000084839-03-000015-index.htm,https://www.sec.gov/Archives/edgar/data/84839/000008483903000015/form10k02.txt,0.2974218472095175,0.0073027248095409,0.0007018457669303,-0.0080555426154103,0.0751151412288752,0.1777943927455747,-0.0337376083885609,0.1777943927455747,0.0,760024531.22,721709531.22,51.0083578,5.0097194068947335,2122.9735508938547,-184.96581436359213,8.38046676833168,8.38046676833168,4.757165191615583,64.00971452062085,2015.9484112290504,-175.64116116330007,0.0049011575902959,-0.0054064044398727,0.0,0.0,-3.398226164079823,0.971970245337358,0.0,0.0961073825503355,0.0019644102771306,0.4008053691275168,0.3724737986948784,0.0,0.339938942745434,12.477653631284916,0.0294443345857227,0.8369870713884204,0.0,0.1709199498749585,0.0196272193503092,0.0177797506539129,-0.2887095494770075,-3640000.0,-17209000.0,-100495000.0,143139000.0,50121500.0,11936000.0,10868500.0,28.32113901522641,13.01631179477403,11.433507691207836,3.1778382907415166,6.914401054539463,7.871600075032827,0.0410739883118315,0.0087573883823407,2003-03-18,,bmo,,2025-04-25,2002-12-31,,1.37,911377.96875
2002-09-30,ROL,USD,84839,2002-11-14,2002-11-14 13:23:23,2002,Q3,174873000.0,95174000.0,79699000.0,0.455753604,0,63516000.0,0.0,63516000.0,5425000.0,68941000.0,164115000.0,0.0,0.0,5425000.0,16183000.0,0.0925414444,10758000.0,0.0615189309,135000.0,10893000.0,0.0622909197,4139000.0,6754000.0,0.0386223145,0.0132,0.0132,511268203,513922218,https://www.sec.gov/Archives/edgar/data/84839/000008483902000022/0000084839-02-000022-index.htm,https://www.sec.gov/Archives/edgar/data/84839/000008483902000022/ascii3q0210q.txt,0.3420376995359517,0.0132102875953738,0.0112172045246475,0.0086960228973989,0.0870267302736994,0.1977846449410428,-0.0162693473820432,0.1977846449410428,0.0,582845751.42,538351751.42,21.57409503331359,3.332965931962052,101.62959920139492,131.09441102564102,5.763844813836888,5.763844813836888,3.0785298554951304,33.26649888277822,93.87127313339144,121.08676370220422,0.0115879715748893,0.0076280902608762,0.0,0.0,-2.7494284125316693,1.0643021120293847,0.0,0.8491264435889843,0.0025650011111133,0.2213503109268581,0.3632121596815975,0.0,0.3367125917630191,0.2247602441150828,0.0073710635718492,0.2376036866359447,0.0,0.2424619989533451,0.0343224613633942,0.0313290008952468,-0.2630561595867521,8403000.0,-8318000.0,-84818000.0,156094000.0,53182500.0,13575000.0,11335500.0,27.02115249352387,11.09609767373442,10.472923277365666,3.3307239586309354,8.110959604567922,8.593589164785554,0.0667912698648154,0.0025211816272485,2002-11-14,,bmo,,2025-04-25,2002-09-30,,1.1484375,490321.421875
2002-06-30,ROL,USD,84839,2002-07-31,2002-07-31 15:13:52,2002,Q2,185027000.0,98023000.0,87004000.0,0.4702232647,0,62740000.0,0.0,62740000.0,5446000.0,68186000.0,166209000.0,0.0,0.0,5446000.0,24264000.0,0.1311376178,18818000.0,0.1017040756,39000.0,18857000.0,0.1019148557,7166000.0,11691000.0,0.0631853729,0.0229,0.0229,514396488,517983447,https://www.sec.gov/Archives/edgar/data/84839/000008483902000013/0000084839-02-000013-index.htm,https://www.sec.gov/Archives/edgar/data/84839/000008483902000013/edgar10q.txt,0.3596972458334513,0.022727604625481,0.0570027219937007,0.0533362894965954,0.0894446231133677,0.1941945606751498,-0.0206494411369309,0.1941945606751498,0.0,581268031.4399999,535258031.44,12.429818480882728,3.1415308654412595,19.82361474114999,21.186325683044178,5.81890654440251,5.81890654440251,2.8928644545931133,22.05976060995713,18.254485759497985,19.50933195217961,0.0201129244473283,0.0472002561916774,0.0,0.0,-1.896224859874712,1.090502575308257,0.0,2.508083140877598,0.002596048498077,0.1290736463946625,0.3390856469596329,0.0,0.3355844297812772,0.0643203055726076,0.0101931069519583,0.3463092177745134,0.0,0.3151277310829457,0.0579916627474122,0.0534308931199327,-0.2667660126015479,11597000.0,-10622000.0,-89691000.0,163430000.0,50370500.0,14105000.0,11608000.0,26.199311451842163,14.15422910949471,10.646888995439843,3.435204782592552,6.358523611831863,8.453173508106243,0.1170352276936321,0.0036664324971052,2002-10-17,0.01964,bmo,174873000.0,2025-04-25,2002-06-30,0.1491853360488797,1.1840625,394106.921875
2002-03-31,ROL,USD,84839,2002-05-14,2002-05-14 12:32:41,2002,Q1,153815000.0,84553000.0,69262000.0,0.4502941846,0,55819000.0,0.0,55819000.0,5427000.0,61246000.0,145799000.0,0.0,49000.0,5427000.0,13443000.0,0.0873971979,8016000.0,0.0521145532,-49000.0,7967000.0,0.0517959887,3027000.0,4940000.0,0.0321165036,0.0094,0.0094,514287989,517630176,https://www.sec.gov/Archives/edgar/data/84839/000008483902000009/0000084839-02-000009-index.htm,https://www.sec.gov/Archives/edgar/data/84839/000008483902000009/edgar1q2002.txt,0.2990833993597311,0.0096055130698376,0.0355423427942432,0.0302437551190797,0.0425831449857173,0.1763350533935958,-0.0399328789302135,0.1763350533935958,9.52773563607374e-05,632574226.47,610674226.47,32.01286571204454,4.112565266521471,34.6066101247333,40.66955294265141,6.975357289027093,6.975357289027093,3.9701864348080487,45.42693048203526,33.4085139487937,39.261555,0.0078093602193801,0.0245884187959998,0.0,0.0,-1.6291006471769691,1.043074759784392,163.59183673469389,3.7002024291497975,0.0023823291195558,0.3050607287449393,0.3628969866397946,0.0,0.3656290783335908,0.1490781771431697,0.0177160875077203,0.502119034457343,0.0,0.1952184541762399,0.0251634375021279,0.0255991708770566,-0.2929151627532954,4595000.0,-20537000.0,-102242000.0,159011000.0,47679000.0,12857000.0,11757500.0,27.429769528329487,13.618203966742753,12.368573557413692,3.2811066788967342,6.6088010004689695,7.276506024096386,0.0544730777288916,0.0052985876751634,2002-05-14,,bmo,,2025-04-25,2002-03-31,,1.1751666666666665,244408.4
2001-12-31,ROL,USD,84839,2002-03-20,2002-03-20 00:00:00,2001,Q4,150158000.0,84211000.0,65947000.0,0.4391840595,0,58281000.0,0.0,58281000.0,5259000.0,63540000.0,147751000.0,0.0,0.0,5259000.0,7666000.0,0.051052891,2407000.0,0.016029782,198000.0,2605000.0,0.017348393,990000.0,1615000.0,0.0107553377,0.0031,0.0031,513739617,514802406,https://www.sec.gov/Archives/edgar/data/84839/000091205702010621/0000912057-02-010621-index.htm,https://www.sec.gov/Archives/edgar/data/84839/000091205702010621/a2072459z10-k405.htm,0.2922842526275329,0.0031436158446001,0.0068925967218136,0.0024350857099657,0.0168373232543598,0.1664228281619947,-0.0524623741446827,0.1664228281619947,0.0004983069078746,601075351.89,592681351.89,93.04572010681112,4.002952569227081,169.7473459164078,480.4759007913669,7.030285525860254,7.030285525860254,3.947051451737503,77.3129861583616,167.37682911324484,473.7660686570744,0.0026868511492308,0.0020812698375776,0.0029942220870663,0.0008632346345921,-1.0949647795460475,0.9258034200633892,0.0,2.1925696594427246,0.0024971910681086,0.9294117647058824,0.3881311685025106,0.0,0.3791825572651647,0.646709968935329,0.0152506026984909,0.4354440007606008,0.0,0.1084956791261626,0.0079257251247762,0.0087719774698683,-0.311644741230848,-8053000.0,-26952000.0,-110578000.0,148670000.0,51094000.0,13790500.0,11721500.0,29.05679351083525,13.808172329030649,12.712709741007709,3.097382371748592,6.517879256965944,7.079529213955444,0.0188893307445788,0.0044575110118478,2002-03-20,,bmo,,2025-04-25,2001-12-31,,1.04206171875,331942.53125
2001-09-30,ROL,USD,84839,2001-11-14,2001-11-14 00:00:00,2001,Q3,169806000.0,95118000.0,74688000.0,0.4398431151,0,62664000.0,0.0,62664000.0,5140000.0,67804000.0,162922000.0,0.0,0.0,5140000.0,12024000.0,0.0708102187,6884000.0,0.0405403814,0.0,6884000.0,0.0405403814,2616000.0,4268000.0,0.0251345653,0.0082,0.0082,515591469,517936275,https://www.sec.gov/Archives/edgar/data/84839/000008483901500007/0000084839-01-500007-index.htm,https://www.sec.gov/Archives/edgar/data/84839/000008483901500007/a3qtr10-q01a.txt,0.3293421443324928,0.0082778716418211,0.0006691344227807,-0.0038150359698833,0.0202912589308183,0.1749253147553533,-0.0436042901245132,0.1749253147553533,0.0012374138021279,453560659.3646099,443736659.3646099,26.5675175354153,2.6710520203326733,1314.6685778684348,-230.58498188338075,5.028946217591861,5.028946217591861,2.6131977631215038,36.90424645414255,1286.193215549594,-225.59057415587696,0.0094099872021065,-0.0043367958825078,0.0070739549839228,0.0020963809498774,-0.8170326014637392,0.9191574549569154,0.0,0.0808341143392689,0.0033270081274552,0.3535613870665417,0.3690328963640861,0.0,0.3702248187846247,6.701449275362319,0.0136155377312933,0.4498054474708171,0.0,0.1804998872717776,0.0224534674508896,0.0222683682733144,-0.3057192748082494,-9288000.0,-22482000.0,-108542000.0,148943000.0,54229500.0,16319500.0,12341000.0,28.466661955407936,13.872137765722576,10.926638491137323,3.161593029101268,6.487824841416002,8.236750952545895,0.0473223195476216,0.0044841703926641,2001-11-14,,bmo,,2025-04-25,2001-09-30,,1.1202262711864408,269492.406779661
2001-06-30,ROL,USD,84839,2001-08-14,2001-08-14 00:00:00,2001,Q2,181349000.0,98720000.0,82629000.0,0.4556352668,0,63308000.0,0.0,63308000.0,4744000.0,68052000.0,166772000.0,0.0,0.0,4744000.0,19321000.0,0.1065404276,14577000.0,0.080380923,0.0,14577000.0,0.080380923,5539000.0,9038000.0,0.0498376059,0.0176,0.0174,515639019,518044121,https://www.sec.gov/Archives/edgar/data/84839/000008483901500005/0000084839-01-500005-index.htm,https://www.sec.gov/Archives/edgar/data/84839/000008483901500005/a2qtr10-q01.txt,0.3516975894331999,0.0175277658729701,0.0278023956135096,0.0231382799989385,0.0298639153217378,0.1701131930824653,-0.0508262544809472,0.1701131930824653,0.001968431330058,603297652.23,588913652.23,16.687808481688425,3.326721692592736,42.08270453613281,50.565556301232085,6.877773433085947,6.877773433085947,3.247405015908552,30.48049543139589,41.0793563218471,49.359957441119775,0.014980996472624,0.0197763076914004,0.011571303168143,0.0032379597344554,-0.7444749236581958,0.9050284387886968,0.0,1.586191635317548,0.0025012528963476,0.1669617171940695,0.3490948392326398,0.0,0.363433066746632,0.1677594866071428,0.013261721873294,0.5069561551433389,0.0,0.2590141790630164,0.0468302287624031,0.0452932686525277,-0.3155763896913317,-11538000.0,-26208000.0,-115801000.0,150804000.0,50749500.0,16073500.0,12951000.0,27.171365709212623,16.389991896272285,11.973865478119937,3.312310502283105,5.491155857158749,7.516369727425004,0.1030358995405679,0.004664115614571,2001-08-14,,bmo,,2025-04-25,2001-06-30,,1.1085714285714283,227620.73015873012
2001-03-31,ROL,USD,84839,2001-05-14,2001-05-14 00:00:00,2001,Q1,150973000.0,86274000.0,64699000.0,0.4285468263,0,56338000.0,0.0,56338000.0,5149000.0,61487000.0,147761000.0,0.0,0.0,5149000.0,8361000.0,0.0553807634,3212000.0,0.0212753274,48000.0,3260000.0,0.021593265,1239000.0,2021000.0,0.0133864996,0.0041,0.0041,513671376,516385261,https://www.sec.gov/Archives/edgar/data/84839/000091205701515270/0000912057-01-515270-index.htm,https://www.sec.gov/Archives/edgar/data/84839/000091205701515270/a2049444z10-q.htm,0.2939096999635035,0.0039344220729947,0.0220685841758875,0.0192126726563015,0.0124359664533847,0.1581010813419356,-0.0649539794485258,0.1581010813419356,0.0026962763835219,580448654.88,575445654.88,71.80215918852053,3.8447182932047457,51.204009781227946,58.81534652751039,7.147326194158499,7.147326194158499,3.8115799174686864,68.82497965315153,50.762672448835566,58.308405601378055,0.0034817894451281,0.0170023651825677,0.0170541299315372,0.0046737487176718,-0.5983734003109676,0.8261587732741138,0.0,5.609104403760514,0.0025997131482921,0.7466600692726373,0.3731660628059322,0.0,0.3866455644943578,0.1294107268877911,0.0097169692594039,0.2849096912021752,0.0,0.1183039248901371,0.0105497432809104,0.0111191192733234,-0.3256756319627979,-18944000.0,-33365000.0,-125095000.0,143323000.0,48424000.0,14735500.0,12874000.0,27.86862551582071,14.780930523680368,13.319424160233677,3.229438062846264,6.088926529748042,6.757048872180451,0.0248854849037088,0.002855911519586,2001-05-14,,bmo,,2025-04-25,2001-03-31,,1.1218506451612902,310908.96774193546
2000-12-31,ROL,USD,84839,2001-03-26,2001-03-26 00:00:00,2000,Q4,147107000.0,88427000.0,58680000.0,0.3988933225,0,56775000.0,0.0,56775000.0,4873000.0,61648000.0,150075000.0,0.0,0.0,4873000.0,1905000.0,0.0129497577,-2968000.0,-0.0201757904,212000.0,-2756000.0,-0.0187346625,-1047000.0,-1709000.0,-0.0116173941,-0.0033,-0.0033,514442269,514442269,https://www.sec.gov/Archives/edgar/data/84839/000091205701008182/0000912057-01-008182-index.htm,https://www.sec.gov/Archives/edgar/data/84839/000091205701008182/a2040453z10-k405.txt,0.2859543409719313,-0.003322044285595,0.01662188454425,0.0115095519104788,0.0007755972322717,0.1527848793466852,-0.0726359443065126,0.1527848793466852,0.0040529329054802,601897454.73,603583454.73,-88.04819407987127,4.091562296355714,70.38913047947608,101.65469595169736,7.657825859489306,7.657825859489306,4.103023341717254,316.841708519685,70.58630040112268,101.939445149468,-0.0028393540902521,0.00983722385511,0.0265270550515909,0.0069774679655577,0.8850393700787401,0.8029258343411007,0.0,-5.003510825043885,0.0024971030998531,-0.8794616734932709,0.3859435648881426,0.0,0.388081079181712,0.3075663665068413,0.0178781431203137,0.5397085983993434,0.0,,-0.0096947015858531,-0.009346305502234,-0.3416452352207473,-21837000.0,-37367000.0,-131251000.0,143478000.0,53375500.0,8802000.0,13008000.0,30.65054688084184,15.5742024494781,13.210897124181528,2.936326074372742,5.778787086655339,6.812557781201849,-0.0217432791765798,0.0051123326337711,2001-04-18,,bmo,,2025-04-25,2000-12-31,,1.077275396825397,355821.34920634923
2000-09-30,ROL,USD,84839,2000-11-13,2000-11-13 00:00:00,2000,Q3,172373000.0,99949000.0,72424000.0,0.4201586095,0,63950000.0,0.0,63950000.0,4677000.0,68627000.0,168576000.0,0.0,0.0,4677000.0,8474000.0,0.0491608315,3797000.0,0.0220278118,14000.0,3811000.0,0.022109031,1448000.0,2363000.0,0.0137086435,0.0047,0.0046,513196362,513255206,https://www.sec.gov/Archives/edgar/data/84839/000091406200000396/0000914062-00-000396-index.htm,https://www.sec.gov/Archives/edgar/data/84839/000091406200000396/0000914062-00-000396-0001.txt,0.3358811807009653,0.0046044753528474,-0.0117986027344441,-0.0179970098852727,0.0005124744044853,0.1583955109954579,-0.0703220105835434,0.1583955109954579,0.00124318885955,444920717.99952,445295717.99952,47.07159521789251,2.581150864691802,-73.4798873657341,-48.172446730134254,5.473387437254207,5.473387437254207,2.5833263794185863,52.54846801976871,-73.54181965309992,-48.21304872233868,0.0053110585873021,-0.0207587545968357,0.0078486369451825,0.002020829110075,0.0442530092046259,0.8510607942529121,0.0,-2.562420651713923,0.0033803775350412,0.6364790520524757,0.3709977780742923,0.0,0.3717850445976079,-0.5253509496284062,0.0184541662557361,0.6801368398546076,0.0,0.1281010737408398,0.0119778553631343,0.011914185595079,-0.3607858779014493,-17747000.0,-36089000.0,-133015000.0,149859000.0,55655000.0,11403000.0,13851000.0,29.579342472428976,2.072857157150146,11.738386577154348,3.0426639836192897,43.41833188531712,7.667152500767107,0.0290694813502608,0.0061984071508285,2000-11-13,,bmo,,2025-04-25,2000-09-30,,0.8690504761904762,201098.80952380956
2000-06-30,ROL,USD,84839,2000-08-14,2000-08-14 00:00:00,2000,Q2,180528000.0,98762000.0,81766000.0,0.4529269698,0,64290000.0,0.0,64290000.0,4604000.0,68894000.0,167656000.0,0.0,0.0,4604000.0,17476000.0,0.0968049278,12872000.0,0.0713019587,195000.0,13067000.0,0.0723821235,4965000.0,8102000.0,0.0448794647,0.0158,0.0158,512314601,512325744,https://www.sec.gov/Archives/edgar/data/84839/000008483900000013/0000084839-00-000013-index.htm,https://www.sec.gov/Archives/edgar/data/84839/000008483900000013/0000084839-00-000013-0001.txt,0.3523772300215976,0.0158145014492764,0.0146726249560863,0.0076261734340068,0.0204308055627717,0.1568977340155878,-0.0657271917182778,0.1568977340155878,0.0073821827303337,446031337.92262,440507337.92262,13.763001046735992,2.470704477547084,59.33634933119861,114.16210338434092,5.548964779271469,5.548964779271469,2.4401053461104096,25.206416681312657,58.601481697834245,112.74823084786792,0.0181646429547638,0.0087594742068948,0.0470509199935308,0.0116671859623577,-0.3160906385900663,0.9389784279692536,0.0,0.927795606023204,0.0034347362387926,0.1890891137990619,0.3561220420101037,0.0,0.3518480242598494,0.480244778502062,0.0199968979881237,0.7841007819287577,0.0,0.2362802095912783,0.0387555873987743,0.0385620386191534,-0.3610720827376926,-7383000.0,-33673000.0,-130169000.0,156207000.0,50469000.0,19442500.0,14129500.0,27.24906939643712,18.684919300945708,13.364856928778275,3.302865088367668,4.816718689036286,6.7340788217646255,0.100794963984026,0.0070464515220794,2000-08-14,,bmo,,2025-04-25,2000-06-30,,0.791185873015873,299817.4761904762
2000-03-31,ROL,USD,84839,2000-05-12,2000-05-12 00:00:00,2000,Q1,149550000.0,87003000.0,62547000.0,0.4182347041,0,57028000.0,0.0,57028000.0,4267000.0,61295000.0,148298000.0,0.0,0.0,4267000.0,5519000.0,0.0369040455,1252000.0,0.008371782,29000.0,1281000.0,0.0085656971,487000.0,794000.0,0.0053092611,0.0018,0.0016,511452503,511507349,https://www.sec.gov/Archives/edgar/data/84839/000008483900000010/0000084839-00-000010-index.html,https://www.sec.gov/Archives/edgar/data/84839/000008483900000010/,0.2924025185580136,0.0015524413222003,0.0028037794156615,-0.006952747281794,0.0191572041245832,0.1446898774879981,-0.0797864899685514,0.1446898774879981,0.009013544704463,445280778.16186,442282778.16186,140.2017563481927,2.9774709338807086,310.5165817028312,-125.2195664122216,6.017145187452501,6.017145187452501,2.957424126792778,80.13820948756296,308.4259261937657,-124.37648429748592,0.0017831445661716,-0.0079859723895545,0.062295613632064,0.0147062107422329,-0.5432143504258018,0.8874145627005161,0.0,1.806045340050377,0.0033506948271134,1.879093198992443,0.3813306586425944,0.0,0.3662484488297238,3.4797768479776847,0.0333667669675693,1.1694398875087884,0.0,0.0710915413823662,0.0038418219377011,0.0039966979422542,-0.3679061083801168,-12914000.0,-40807000.0,-137681000.0,150740000.0,45579000.0,16828000.0,13496500.0,27.851554663991976,19.01417192510603,14.061239267611462,3.2314174589455487,4.733311571731679,6.400573824762746,0.0107294397448717,0.0097565266974556,2000-05-12,,bmo,,2025-04-25,2000-03-31,,0.89605,307627.90476190473
1999-12-31,ROL,USD,84839,2000-03-20,2000-03-20 00:00:00,1999,Q4,140300000.0,85800000.0,54500000.0,0.3884533143,0,54400000.0,0.0,54400000.0,3800000.0,58200000.0,144000000.0,0.0,0.0,3800000.0,100000.0,0.0007127584,-3700000.0,-0.0263720599,0.0,-3700000.0,-0.0263720599,-1400000.0,-2300000.0,-0.0163934426,-0.0045,-0.0045,511452503,511452503,https://www.sec.gov/Archives/edgar/data/84839/000008483900000005/0000084839-00-000005-index.html,https://www.sec.gov/Archives/edgar/data/84839/000008483900000005/,0.2743167726759565,-0.0044969962733763,-0.0117312946261991,-0.0875936665422869,0.0365625349183206,0.140384492360183,-0.0785996739955342,0.140384492360183,0.0119268162033024,449019495.95879,449419495.95879,-48.80646695204239,3.200424062429009,-74.83658265979834,-10.022756606222991,6.253753425609888,6.253753425609888,3.203275095928653,4494.1949595879005,-74.903249326465,-10.031685177651562,-0.0051222720186989,-0.0997729506250918,0.0849582172701949,0.0194950463406839,4.0,0.966786355475763,0.0,2.608695652173913,0.0033406121861079,-0.6521739130434783,0.3877405559515324,0.0,0.3579418344519016,-6.466666666666667,0.2765502494654312,10.210526315789474,0.0,,-0.0112140419307654,-0.011448481831757,-0.3559304117825385,-3700000.0,-40200000.0,-133400000.0,154500000.0,45239000.0,15537500.0,12950000.0,28.788453314326443,16.022727272727273,14.055944055944057,3.1262533981015195,5.617021276595745,6.402985074626866,-0.032033426183844,0.0758623719160877,2000-03-20,,bmo,,2025-04-25,1999-12-31,,0.91948734375,305891.71875
1999-09-30,ROL,USD,84839,1999-11-15,1999-11-15 00:00:00,1999,Q3,154100000.0,89200000.0,64900000.0,0.4211550941,0,60100000.0,0.0,60100000.0,3400000.0,63500000.0,152700000.0,0.0,0.0,3400000.0,4800000.0,0.0311486048,1400000.0,0.0090850097,900000.0,2300000.0,0.0149253731,900000.0,1400000.0,0.0090850097,0.0029,0.0029,477690908,477690908,https://www.sec.gov/Archives/edgar/data/84839/000008483999000007/0000084839-99-000007-index.html,https://www.sec.gov/Archives/edgar/data/84839/000008483999000007/,0.3225935378280216,0.0029307654312733,-0.0060708712504948,-0.0810147301359145,0.1465382715636697,0.1666349488066873,0.0498230123316477,0.1666349488066873,0.0152818483202112,431612843.01432,434912843.01432,77.07372196684287,2.800862057198702,-148.83201483252412,-11.1527866411969,5.4222718971648245,5.4222718971648245,2.82227672300013,90.60684229465,-149.9699458670069,-11.238057959026357,0.0032436476871786,-0.0896636896384383,0.0917085427135678,0.0227272727272727,0.6875,1.364470391993328,0.0,-2.071428571428572,0.0034753368076914,1.0714285714285714,0.3900064892926671,0.0,0.1737235367372353,-12.344827586206897,0.2323166774821544,10.529411764705882,0.0,0.1048249913956812,0.0041569459172852,0.0052750565184626,-0.2745499187939327,43700000.0,23800000.0,-78000000.0,140900000.0,45600000.0,16650000.0,13150000.0,26.63205710577547,15.94170403587444,12.612107623318384,3.379385964912281,5.6455696202531644,7.136,0.0175879396984924,0.0749438588854196,1999-11-15,,bmo,,2025-04-25,1999-09-30,,0.94957359375,315929.71875
1999-06-30,ROL,USD,84839,1999-08-16,1999-08-16 00:00:00,1999,Q2,162300000.0,89100000.0,73200000.0,0.4510166359,0,58200000.0,0.0,58200000.0,3800000.0,62000000.0,151100000.0,0.0,0.0,3800000.0,15000000.0,0.0924214418,11200000.0,0.0690080099,1100000.0,12300000.0,0.0757855823,4700000.0,7600000.0,0.0468268638,0.0147,0.0147,518635843,518635843,https://www.sec.gov/Archives/edgar/data/84839/000008483999000005/0000084839-99-000005-index.html,https://www.sec.gov/Archives/edgar/data/84839/000008483999000005/,0.3129363351772816,0.0146538271555597,0.0241016894005916,0.0206310461269064,0.1692902663497555,0.1600352176199283,0.0518668355900731,0.1600352176199283,0.0150394541859691,483788700.70883,486988700.70883,15.914101997000987,2.980829948914541,38.7030960567064,45.21389726250748,5.82877952661241,5.82877952661241,3.0005465231597657,32.46591338058867,38.9590960567064,45.512962683068224,0.0157093375452232,0.0221170936491959,0.0939759036144578,0.0232905344879068,0.2133333333333333,1.4486873508353222,0.0,1.644736842105263,0.0033072289568891,0.2105263157894736,0.3585951940850277,0.0,0.1675126903553299,0.144,0.011090573012939,0.4736842105263157,0.0,0.22970718186554,0.0325356144957782,0.0272596843615494,-0.2371606237018215,56400000.0,26900000.0,-69800000.0,149300000.0,42050000.0,16850000.0,14000000.0,25.286506469500925,17.67676767676768,13.93939393939394,3.5592105263157894,5.091428571428572,6.456521739130435,0.0915662650602409,0.0034706432736851,1999-08-16,,bmo,,2025-04-25,1999-06-30,,0.968126984126984,414944.2222222223
1999-03-31,ROL,USD,84839,1999-05-14,1999-05-14 00:00:00,1999,Q1,129900000.0,76900000.0,53000000.0,0.4080061586,0,51000000.0,0.0,51000000.0,2400000.0,53400000.0,130300000.0,0.0,0.0,2400000.0,1986000.0,0.0152886836,-1500000.0,-0.0115473441,1214000.0,800000.0,0.0061585835,300000.0,500000.0,0.0038491147,0.0012,0.0012,168428286,168503819,https://www.sec.gov/Archives/edgar/data/84839/000008483999000003/0000084839-99-000003-index.html,https://www.sec.gov/Archives/edgar/data/84839/,0.7712481263390639,0.0029686225032296,0.0273113270297128,0.0071246940077511,0.0035623470038755,0.4684486310096393,0.2273964837473914,0.4684486310096393,0.0516540315561959,165736801.98972,173836801.98972,82.86840099486,1.275879922938568,36.029739562982606,138.1140016581,2.1005931811117877,2.1005931811117877,1.3382355811371824,87.53111882664652,37.7906091282,144.8640016581,0.0030168314701222,0.0072403955282932,0.1102661596958174,0.0268187422934648,4.078549848942598,1.6548523206751056,0.0,9.2,0.0090504944103666,3.0,0.3926096997690531,0.0,0.125154130702836,0.7391304347826086,0.0261739799846035,1.4166666666666667,0.0,0.1768885548064165,-0.0044770773638968,0.0017618040873854,-1.2404389129745108,77600000.0,38300000.0,-49400000.0,154600000.0,40450000.0,13550000.0,13750000.0,26.674364896073904,18.95968790637191,16.618985695708712,3.374025974025974,4.746913580246914,5.415492957746479,0.0063371356147021,0.0201866330219616,1999-05-14,,bmo,,2025-04-25,1999-03-31,,0.9544826229508196,530224.1967213114
1998-12-31,ROL,USD,84839,1999-03-26,1999-03-26 00:00:00,1998,Q4,126600000.0,78500000.0,48100000.0,0.3799368088,0,52100000.0,0.0,52100000.0,2400000.0,54500000.0,133000000.0,0.0,0.0,2400000.0,-4000000.0,-0.0315955766,-8100000.0,-0.0639810427,1800000.0,-4600000.0,-0.0363349131,-1800000.0,600000.0,0.0047393365,-0.0181,-0.0181,154335567,154335567,https://www.sec.gov/Archives/edgar/data/84839/000104746999011738/0001047469-99-011738-index.html,https://www.sec.gov/Archives/edgar/data/84839/,0.8202905037437028,0.0038876327191644,0.0233257963149868,0.014254653303603,0.0077752654383289,0.5196469067949839,0.2565837594648549,0.5196469067949839,0.061554184720104,157422278.34,165722278.34,65.592615975,1.2434619142180094,43.72841065,71.55558106363637,1.9628713009975065,1.9628713009975065,1.3090227357030015,-41.430569585,46.03396620555556,75.32830833636363,0.0038114046266318,0.01397515029765,0.1184538653366583,0.0290253589978612,-2.075,1.7298001737619462,0.0,6.0,0.0101637456710182,2.6666666666666665,0.4115323854660347,0.0,0.1240452184540177,0.3888888888888889,0.0110584518167456,0.5833333333333334,0.0,0.2132004154277091,-0.0228684359119141,0.0020927799093128,-1.3441490126511149,84000000.0,39600000.0,-48000000.0,160100000.0,43750000.0,12850000.0,13650000.0,30.142180094786728,12.496815286624203,15.2484076433121,2.9858490566037736,7.201834862385321,5.902255639097745,0.0074812967581047,0.0090711430113837,1999-03-26,,bmo,,2025-04-25,1998-12-31,,0.989076875,761472.109375
1998-09-30,ROL,USD,84839,1998-11-12,1998-11-12 00:00:00,1998,Q3,144500000.0,85600000.0,58900000.0,0.4076124567,0,57500000.0,0.0,57500000.0,2200000.0,59700000.0,145300000.0,0.0,0.0,2200000.0,1400000.0,0.0096885813,-3000000.0,-0.0207612457,2200000.0,1400000.0,0.0096885813,500000.0,900000.0,0.0062283737,0.0018,0.0018,511823186,511823186,https://www.sec.gov/Archives/edgar/data/84839/000008483998000009/0000084839-98-000009-index.html,https://www.sec.gov/Archives/edgar/data/84839/,0.2823240602468525,0.0017584197524025,-0.0003907599449783,-0.0066429190646318,0.010355138541926,0.1596254375236529,0.0824503483904302,0.1596254375236529,0.0195379972489171,532296113.44,536996113.44,147.86003151111112,3.6837101276124566,-2661.4805672,-156.5576804235294,6.515252306487149,6.515252306487149,3.716236079169551,383.5686524571429,-2684.9805672,-157.9400333647059,0.0016907882234639,-0.0063874221775306,0.1223990208078335,0.0297530496875929,3.357142857142857,1.7298420615128844,0.0,-0.2222222222222222,0.0084539411173199,5.0,0.3979238754325259,0.0,0.1175245462659922,-16.0,0.0221453287197231,1.4545454545454546,0.0,0.0794700682796265,-0.0088022429419051,0.0030343897505057,-0.4069276377018215,87800000.0,42200000.0,-46300000.0,163300000.0,46500000.0,16350000.0,15150000.0,28.08996539792388,15.5607476635514,14.719626168224298,3.203991130820399,5.783783783783784,6.114285714285714,0.011015911872705,0.0062521591196534,1998-11-12,,bmo,,2025-04-25,1998-09-30,,1.13279140625,1471366.15625
1998-06-30,ROL,USD,84839,1998-08-13,1998-08-13 00:00:00,1998,Q2,155100000.0,86700000.0,68400000.0,0.4410058027,0,57400000.0,0.0,57400000.0,2200000.0,59600000.0,146300000.0,0.0,0.0,2200000.0,8600000.0,0.055448098,6400000.0,0.0412637008,4700000.0,11100000.0,0.0715667311,4200000.0,6900000.0,0.0444874275,0.0123,0.0123,560550260,560550260,https://www.sec.gov/Archives/edgar/data/84839/000008483998000007/0000084839-98-000007-index.html,https://www.sec.gov/Archives/edgar/data/84839/,0.276692405779992,0.0123093333325721,-0.000535188405764,-0.0046382995166213,0.072785623183905,0.2272766763144486,0.1568102028888542,0.2272766763144486,0.0192667826075042,672660312.0,642660312.0,24.37175043478261,4.336945918762089,-2242.20104,-258.7155046153846,5.279908257456829,5.279908257456829,4.143522321083172,74.72794325581395,-2142.20104,-247.17704307692307,0.0102577777771434,-0.0038652495971845,0.0847723704866562,0.0272314674735249,-3.488372093023256,2.001488095238096,0.0,-0.0434782608695652,0.0074331723022778,0.7246376811594203,0.3700838168923275,0.0,0.099596570852244,-7.666666666666667,0.0148291424887169,1.0454545454545454,0.0,0.2508915069669704,0.0149901219984113,0.0193223186782413,-0.328828676308169,134600000.0,87900000.0,-200000.0,210100000.0,46050000.0,18800000.0,16400000.0,27.79497098646035,18.581314878892737,16.920415224913494,3.2379958246346554,4.843575418994414,5.319018404907975,0.054160125588697,0.0041031111108573,1998-07-27,0.01114,bmo,155100000.0,2025-04-25,1998-06-30,0.1050269299820466,1.1895238095238094,861565.2222222222
1998-03-31,ROL,USD,84839,1998-05-28,1998-05-28 00:00:00,1998,Q1,123000000.0,76900000.0,46100000.0,0.374796748,0,49400000.0,0.0,49400000.0,2100000.0,51500000.0,128400000.0,0.0,0.0,2100000.0,-3300000.0,-0.0268292683,-8000000.0,-0.0650406504,2500000.0,-2900000.0,-0.0235772358,-1100000.0,-1800000.0,-0.0146341463,-0.0029,-0.0029,614174024,614174024,https://www.sec.gov/Archives/edgar/data/84839/000008483998000005/0000084839-98-000005-index.html,https://www.sec.gov/Archives/edgar/data/84839/,0.2002689713233459,-0.0029307654340001,-0.0061871714717781,-0.0118858820378896,0.180730535096678,0.2235522744934585,0.1592382552473434,0.2235522744934585,0.0188871550191123,749292309.28,649892309.28,-104.06837628888889,6.091807392520325,-197.1821866526316,-102.64278209315069,5.457336557028405,5.457336557028405,5.283677311219512,-196.93706341818185,-171.02429191578946,-89.02634373698629,-0.0024022667491804,-0.0097425262605652,0.0844865258557902,0.027871215761653,30.12121212121212,2.161875945537065,0.0,2.111111111111111,0.0066729631921679,-2.7777777777777777,0.4016260162601626,0.0,0.0949062950504565,-0.9210526315789472,0.0284552845528455,1.6666666666666667,0.0,,-0.0172894054365574,-0.0047783382001592,-0.2059676818894574,153600000.0,97800000.0,6900000.0,229200000.0,46700000.0,22550000.0,15750000.0,32.34146341463414,23.055916775032507,19.31079323797139,2.7828054298642533,3.9035532994923856,4.66060606060606,-0.0131099781500364,0.0056987105661114,1998-04-27,-0.00126,bmo,253846170.0,2025-04-25,1998-03-31,1.3253968253968251,1.199672131147541,802927.0819672131
1997-12-31,ROL,USD,84839,1998-03-25,1998-03-25 00:00:00,1997,Q4,99100000.0,99800000.0,-700000.0,-0.0070635721,0,66800000.0,0.0,66800000.0,1300000.0,68100000.0,167900000.0,0.0,120900000.0,1300000.0,-67500000.0,-0.6811301715,44200000.0,0.4460141271,-113000000.0,-181800000.0,-1.8345105954,-69100000.0,-7600000.0,-0.0766902119,-0.0124,-0.0124,614174024,614174024,https://www.sec.gov/Archives/edgar/data/84839/000104746998011462/0001047469-98-011462-index.html,https://www.sec.gov/Archives/edgar/data/84839/,0.161354919171899,-0.0123743429435563,-0.0638255583404484,-0.0678960658876709,0.2048279397762351,0.2370663595502372,0.1729151606060109,0.2370663595502372,0.2168766421160136,730867088.56,617367088.56,-24.04168054473684,7.375046302320888,-18.64456858571429,-17.52678869448441,5.019691542307692,5.019691542307692,6.229738532391523,-9.146179089777776,-15.74916042244898,-14.804966152517984,-0.0103986075155935,-0.0570555175526646,0.0844780219780219,0.0284261613126877,1.6814814814814816,2.307574598316756,0.3655913978494624,5.157894736842105,0.0069780129380956,-0.6710526315789473,0.6740665993945509,0.0,0.0910561590016177,-0.0637755102040816,0.0252270433905146,1.9230769230769231,0.0,,0.0898069813536581,-0.0193236714975845,-0.1903369329081231,170900000.0,106200000.0,14500000.0,244900000.0,62500000.0,24200000.0,15250000.0,44.68213925327952,22.905811623246493,13.527054108216433,2.0142276422764227,3.9291338582677167,6.653333333333333,-0.0521978021978022,0.0040705075472224,1998-01-27,-0.00288,bmo,356760000.0,2025-04-25,1997-12-31,3.295138888888889,1.24546875,1041574.75
1997-09-30,ROL,USD,84839,1997-11-12,1997-11-12 00:00:00,1997,Q3,142400000.0,90500000.0,51900000.0,0.3644662921,0,55000000.0,0.0,55000000.0,2400000.0,57400000.0,147900000.0,0.0,0.0,2400000.0,-18300000.0,-0.128511236,-6700000.0,-0.0470505618,1400000.0,-4200000.0,-0.029494382,-1600000.0,-2300000.0,-0.0161516854,-0.0039,-0.0039,584922010,584922010,https://www.sec.gov/Archives/edgar/data/84839/000008483997000007/0000084839-97-000007-index.html,https://www.sec.gov/Archives/edgar/data/84839/,0.2434512594251668,-0.0039321481508278,0.0502631111453644,0.0490663704038081,0.0222251852003312,0.2855081483427166,0.2166100742216898,0.2855081483427166,0.0218832592741722,818890814.0,818690814.0,-89.00987108695651,5.750637738764045,27.853429047619045,28.53278097560976,4.903537808383233,4.903537808383233,5.749233244382022,-44.73720295081967,27.84662632653061,28.525812334494773,-0.0028086772505913,0.0350474074312915,0.0766467065868263,0.0419534578826614,0.0109289617486338,2.239406779661017,0.0,-12.25,0.0061058201099811,-2.1739130434782608,0.3862359550561798,0.0,0.1320878400524418,0.0238095238095238,0.0049157303370786,0.2916666666666667,0.0,,-0.0194086057445907,-0.0086858006042296,-0.1034325926630799,117000000.0,126700000.0,73300000.0,195300000.0,79150000.0,20950000.0,17500000.0,47.90730337078652,22.872928176795583,15.414364640883978,1.878627968337731,3.934782608695652,5.838709677419355,-0.0137724550898203,0.0011967407415562,1997-10-27,-0.00268,bmo,142400000.0,2025-04-25,1997-09-30,0.4664179104477612,1.24390625,760831.0
1997-06-30,ROL,USD,84839,1997-08-14,1997-08-14 00:00:00,1997,Q2,177800000.0,102100000.0,75700000.0,0.4257592801,0,64300000.0,0.0,64300000.0,2400000.0,66700000.0,168800000.0,0.0,0.0,2400000.0,10200000.0,0.057367829,7800000.0,0.0438695163,2400000.0,10200000.0,0.057367829,3900000.0,6300000.0,0.0354330709,0.0111,0.0111,565682588,565682588,https://www.sec.gov/Archives/edgar/data/84839/000008483997000004/0000084839-97-000004-index.html,https://www.sec.gov/Archives/edgar/data/84839/,0.3143105405252459,0.0111369876564063,-0.0008838879092385,-0.0063639929465179,0.0123744307293403,0.3081233251605757,0.2340535183663811,0.3081233251605757,0.0240417511312899,667505453.8399999,674105453.8399999,26.488311660317457,3.754248896737907,-1335.01090768,-185.4181816222222,3.8296354207687897,3.8296354207687897,3.7913692566929127,66.08876998431371,-1348.2109076799998,-187.2515149555555,0.0094381251325477,-0.0053932143614558,0.0780263912794033,0.0450331125827814,0.6470588235294118,2.221076746849943,0.0,-0.078125,0.0076403870120624,0.8095238095238095,0.3616422947131608,0.0,0.1387417218543046,-6.2,0.0174353205849268,1.2916666666666667,0.0,0.2778672840614648,0.0221297522224323,0.0242214532871972,-0.0867535982917685,106600000.0,132400000.0,66200000.0,190700000.0,80500000.0,19450000.0,18300000.0,41.760404949381325,16.660137120470125,17.189030362389815,2.1551515151515157,5.402116402116402,5.235897435897436,0.036144578313253,0.0054801050372793,1997-07-21,0.01788,bmo,237066666.0,2025-04-25,1997-06-30,-0.3769574944071588,1.13015625,605776.515625
1997-03-31,ROL,USD,84839,1997-05-14,1997-05-14 00:00:00,1997,Q1,150400000.0,85900000.0,64500000.0,0.428856383,0,55100000.0,0.0,55100000.0,2300000.0,57400000.0,143300000.0,0.0,0.0,2300000.0,8200000.0,0.0545212766,5900000.0,0.0392287234,2400000.0,8300000.0,0.0551861702,3200000.0,5100000.0,0.0339095745,0.0088,0.0088,580053245,580053245,https://www.sec.gov/Archives/edgar/data/84839/000008483997000002/0000084839-97-000002-index.html,https://www.sec.gov/Archives/edgar/data/84839/,0.2592865418759962,0.0087922963003163,0.0289628584010421,0.0243081133008746,0.0246529092342203,0.3118679217112215,0.239633173675289,0.3118679217112215,0.0249977051675661,643859101.95,644059101.95,31.56172068382353,4.280978071476064,38.32494654464286,45.66376609574469,3.5591990157545608,3.5591990157545608,4.282307858710107,78.54379292073172,38.33685130654762,45.67795049290781,0.0079209876579426,0.0218992011719591,0.0801547816473189,0.0466688123591889,0.024390243902439,2.295964125560538,0.0,3.294117647058824,0.0080763011414317,1.0196078431372548,0.3663563829787234,0.0,0.134856775024139,0.1607142857142857,0.0179521276595744,1.173913043478261,0.0,0.2483863752716739,0.016141145168385,0.0189732142857142,-0.0828803224779821,115600000.0,139000000.0,75000000.0,199100000.0,78700000.0,16900000.0,16050000.0,46.9747340425532,20.954598370197903,17.916181606519206,1.915923566878981,4.295,5.023391812865497,0.0281923714759535,0.0046547451001674,1997-04-21,0.00703,bmo,150400000.0,2025-04-25,1997-03-31,0.2503556187766713,1.12327868852459,690467.9672131147
1996-12-31,ROL,USD,84839,1997-03-28,1997-03-28 00:00:00,1996,Q4,144500000.0,90500000.0,54000000.0,0.3737024221,0,52800000.0,0.0,52800000.0,2500000.0,55300000.0,145800000.0,0.0,0.0,2500000.0,1200000.0,0.0083044983,-3000000.0,-0.0207612457,1800000.0,500000.0,0.0034602076,200000.0,300000.0,0.0020761246,0.0005,0.0005,580053245,580053245,https://www.sec.gov/Archives/edgar/data/84839/000091205797010742/0000912057-97-010742-index.html,https://www.sec.gov/Archives/edgar/data/84839/,0.2491150618422969,0.0005171939000186,0.0043099491668217,0.0018963776334015,0.0210325519340901,0.3280733305784712,0.2558385825425388,0.3280733305784712,0.0256872970342576,678662296.65,681362296.65,565.551913875,4.696624890311418,271.46491866,616.9657242272727,3.566275862585392,3.566275862585392,4.715310011418685,567.801913875,272.54491866,619.4202696818181,0.0004420460683919,0.0016208355841039,0.0782974251182343,0.0482512953367875,2.25,2.587421383647799,0.0,8.333333333333334,0.0075147831626635,17.0,0.3653979238754325,0.0,0.1356865284974093,0.56,0.0096885813148788,0.56,0.0,0.0617878978442738,-0.0077586206896551,0.0011240164855751,-0.0683126942941246,126200000.0,148400000.0,87200000.0,209100000.0,81650000.0,14850000.0,15550000.0,49.141868512110726,13.723756906077348,14.917127071823206,1.8314321926489228,6.557971014492754,6.033333333333333,0.001576458223857,0.0024135715334201,1997-01-27,,bmo,,2025-04-25,1996-12-31,,1.125625,1027024.984375
1996-09-30,ROL,USD,84839,1996-11-12,1996-11-12 00:00:00,1996,Q3,162500000.0,94700000.0,67800000.0,0.4172307692,0,61600000.0,0.0,61600000.0,2300000.0,63900000.0,158600000.0,0.0,0.0,2300000.0,4700000.0,0.0289230769,2400000.0,0.0147692308,2900000.0,5300000.0,0.0326153846,2000000.0,3300000.0,0.0203076923,0.0053,0.0053,625538248,625538248,https://www.sec.gov/Archives/edgar/data/84839/000008483996000010/0000084839-96-000010-index.html,https://www.sec.gov/Archives/edgar/data/84839/,0.2597762814976583,0.0052754567934909,0.0148671964180198,0.0113502252223592,0.0508362200100032,0.3395475827083238,0.2724054053366214,0.3395475827083238,0.0124692615118875,738135132.64,714135132.64,55.91932823030303,4.5423700470153845,79.36936910107526,103.96269473802816,3.475212488888889,3.475212488888889,4.394677739323077,151.9436452425532,76.78872393978494,100.58241304788731,0.0044707260961787,0.0096188349342027,0.0367231638418079,0.0238386308068459,-5.1063829787234045,2.8948035487959443,0.0,2.8181818181818183,0.0070447805151907,1.5757575757575757,0.3790769230769231,0.0,0.128361858190709,0.2365591397849462,0.0135384615384615,0.9565217391304348,0.0,0.2007574246273869,0.0059797503907223,0.011570827489481,-0.0186239611042936,149500000.0,170400000.0,113600000.0,231900000.0,87600000.0,16500000.0,16950000.0,46.744615384615386,15.110876451953535,15.300950369588174,1.9253554502369667,5.955974842767295,5.881987577639752,0.0155367231638418,0.0035169711956606,1996-10-21,0.01738,bmo,439499999.0,2025-04-25,1996-09-30,-0.6962025316455697,1.2403125,583217.796875
1996-06-30,ROL,USD,84839,1996-08-12,1996-08-12 00:00:00,1996,Q2,177800000.0,94200000.0,83600000.0,0.4701912261,0,62400000.0,0.0,62400000.0,2000000.0,64400000.0,158600000.0,0.0,0.0,2000000.0,19700000.0,0.1107986502,17700000.0,0.0995500562,3000000.0,20700000.0,0.1164229471,7900000.0,12800000.0,0.0719910011,0.0211,0.0211,606588222,606588222,https://www.sec.gov/Archives/edgar/data/84839/000008483996000007/0000084839-96-000007-index.html,https://www.sec.gov/Archives/edgar/data/84839/,0.2931148241120976,0.0211016296323669,0.0367629953751393,0.0316524444485504,0.0499515138953687,0.3524631574531297,0.2832234352219255,0.3524631574531297,0.013518231483235,837091746.3599999,814991746.3599999,16.34944817109375,4.708052566704161,37.5377464735426,43.59852845625,3.915302836108512,3.915302836108512,4.583755603824521,41.37013940913705,36.54671508340807,42.44748678958333,0.0152910359654833,0.0229365539482249,0.0383536014967259,0.0246764971411375,-1.1218274111675126,2.773696682464455,0.0,1.7421875,0.0062119833609775,0.40625,0.3509561304836895,0.0,0.1263918146253385,0.1390134529147982,0.0174353205849268,1.55,0.0,0.409077997051526,0.0438674450349975,0.0440923182914226,-0.0184639259283211,149700000.0,171800000.0,115600000.0,232000000.0,88650000.0,17200000.0,17600000.0,45.96175478065242,16.337579617834397,17.006369426751593,1.9581497797356828,5.508771929824562,5.292134831460674,0.0598690364826941,0.0051105509265888,1996-07-22,0.03259,bmo,244166666.0,2025-04-25,1996-06-30,-0.386314820497085,1.3377777777777775,789261.873015873
1996-03-31,ROL,USD,84839,1996-05-13,1996-05-13 00:00:00,1996,Q1,142500000.0,79400000.0,63100000.0,0.4428070175,0,52300000.0,0.0,52300000.0,1800000.0,54100000.0,133500000.0,0.0,0.0,1800000.0,9500000.0,0.0666666667,7700000.0,0.0540350877,2600000.0,10300000.0,0.0722807018,3900000.0,6400000.0,0.0449122807,0.0106,0.0106,606593900,606593900,https://www.sec.gov/Archives/edgar/data/84839/000008483996000004/0000084839-96-000004-index.html,https://www.sec.gov/Archives/edgar/data/84839/,0.2349182871769729,0.0105507160556675,0.0395651852087533,0.0341249722425497,0.0614908920119374,0.3554272471253007,0.2861881730099824,0.3554272471253007,0.0145072345765428,837099581.9999999,808599581.9999999,32.699202421875,5.8743830315789465,34.87914925,40.43959333333333,3.882651122448979,3.882651122448979,5.674383031578946,85.1157454736842,33.69164925,39.06278173913043,0.0076454464171504,0.0247282407554708,0.0408163265306122,0.0267477203647416,-3.0,2.879950495049505,0.0,3.75,0.0062119252139347,0.8125,0.3670175438596491,0.0,0.1276595744680851,0.1375,0.0231578947368421,1.8333333333333333,0.0,0.2904742142850191,0.0191531866269714,0.0222996515679442,-0.0041625871938375,151900000.0,173600000.0,119300000.0,233200000.0,87500000.0,15300000.0,15650000.0,54.631578947368425,19.6095717884131,19.72292191435768,1.6473988439306355,4.589595375722543,4.563218390804598,0.0296846011131725,0.0054402129662035,1996-04-22,0.01153,bmo,142500000.0,2025-04-25,1996-03-31,-0.0849956634865568,1.3084126984126985,786332.8253968254
1995-12-31,ROL,USD,84839,1996-03-27,1996-03-27 00:00:00,1995,Q4,140100000.0,77600000.0,62500000.0,0.4461099215,0,50500000.0,0.0,50500000.0,2200000.0,52700000.0,130300000.0,0.0,0.0,2200000.0,10600000.0,0.0756602427,8400000.0,0.0599571734,2800000.0,11200000.0,0.0799428979,4300000.0,6900000.0,0.0492505353,0.0114,0.0114,595562120,606593900,https://www.sec.gov/Archives/edgar/data/84839/000091205796005250/0000912057-96-005250-index.html,https://www.sec.gov/Archives/edgar/data/84839/,0.2352399444074784,0.011585693193516,0.01998112304389,0.0171266768947628,0.056417288594513,0.359828123387028,0.2893065126438867,0.359828123387028,0.0266974669241892,768275134.8000001,750575134.8000001,27.83605560869565,5.483762561027838,64.560935697479,75.32109164705884,3.585044959402707,3.585044959402707,5.357424231263384,70.80897498113208,63.073540739495805,73.58579752941178,0.0089811575143535,0.0132764937168704,0.0741950536630891,0.0504922197523023,-1.669811320754717,3.1380281690140843,0.0,1.7246376811594204,0.0065080851553286,0.7246376811594203,0.3604568165596002,0.0,0.1333756748174023,0.1428571428571428,0.0121341898643825,0.7727272727272727,0.0,0.3062667308068522,0.0212177121771217,0.0252839868083547,0.010620218760723,151800000.0,172300000.0,122200000.0,231600000.0,90450000.0,12850000.0,15150000.0,56.85224839400428,15.425257731958762,16.121134020618555,1.583050847457627,5.834586466165414,5.58273381294964,0.0321978534764349,0.0028544461491271,1996-01-22,0.01307,bmo,140100000.0,2025-04-25,1995-12-31,-0.1300688599846977,1.271111111111111,1332079.365079365
1995-09-30,ROL,USD,84839,1995-11-08,1995-11-08 00:00:00,1995,Q3,162300000.0,88200000.0,74100000.0,0.4565619224,0,56000000.0,0.0,56000000.0,2000000.0,58000000.0,146200000.0,0.0,21100000.0,2100000.0,28800000.0,0.1774491682,26700000.0,0.1645101664,-10500000.0,5600000.0,0.0345040049,2100000.0,3500000.0,0.0215650031,0.0053,0.0053,663449657,663449657,https://www.sec.gov/Archives/edgar/data/84839/000091205795009466/0000912057-95-009466-index.html,https://www.sec.gov/Archives/edgar/data/84839/,0.2446304678698477,0.0052754567932499,0.0036174560867999,0.0003014546738999,0.0414500176612496,0.319994136344847,0.2566886548258476,0.319994136344847,0.0318034680964497,948733009.51,921233009.51,67.76664353642856,5.845551506531115,395.3054206291667,4743.66504755,4.4688318865284975,4.4688318865284975,5.676112196611213,31.987257274652777,383.8470872958333,4606.16504755,0.0036891306246503,0.0002108074642657,0.0,0.0,-0.9548611111111112,3.336349924585219,1.2654028436018958,0.6857142857142857,0.0053755903387761,1.457142857142857,0.3450400492914356,0.0,0.1382488479262673,0.9166666666666666,0.0135551447935921,1.0476190476190477,0.0,0.1948912335344074,0.0702631578947368,0.0133689839572192,0.0203481904882498,154900000.0,170300000.0,129700000.0,226500000.0,99350000.0,14650000.0,17600000.0,51.23844731977819,12.653061224489797,16.73469387755102,1.7564935064935066,7.112903225806452,5.378048780487805,0.0164861045690061,0.0033160014128999,1995-10-23,0.02645,bmo,162300000.0,2025-04-25,1995-09-30,-0.2438563327032136,1.406190476190476,1027841.253968254
1995-06-30,ROL,USD,84839,1995-08-11,1995-08-11 00:00:00,1995,Q2,175400000.0,86900000.0,88500000.0,0.5045610034,0,53800000.0,0.0,53800000.0,1900000.0,55700000.0,142600000.0,0.0,0.0,1900000.0,33500000.0,0.1909920182,31600000.0,0.1801596351,2400000.0,34000000.0,0.1938426454,12900000.0,21100000.0,0.1202964652,0.0346,0.0346,610124402,610124402,https://www.sec.gov/Archives/edgar/data/84839/000091205795006272/0000912057-95-006272-index.html,https://www.sec.gov/Archives/edgar/data/84839/,0.2874823551148508,0.0345831111341126,0.0136037830527551,0.0098340600381362,0.0521205182021223,0.3504203393589231,0.2814180180913334,0.3504203393589231,0.0,854174162.8,822374162.8,10.120546952606633,4.869864098061573,102.91254973493974,142.36236046666667,3.9952018840037415,3.9952018840037415,4.688564212086659,24.54848247164179,99.08122443373492,137.06236046666666,0.0247022222386518,0.0070243285986687,0.0,0.0,-0.9492537313432836,3.1323722149410225,0.0,0.3933649289099526,0.0058536071655573,0.2369668246445497,0.30672748004561,0.0,0.1307453416149068,0.2771084337349397,0.0131128848346636,1.2105263157894737,0.0,0.5221772444709935,0.0798151739328209,0.0753840657377634,0.0208564023308807,162700000.0,171700000.0,130800000.0,234100000.0,103450000.0,16800000.0,18250000.0,54.54389965792474,17.50287686996548,19.47065592635213,1.650047036688617,5.142011834319527,4.622340425531915,0.098690364826941,0.0037697230146189,1995-07-26,0.03018,bmo,175400000.0,2025-04-25,1995-06-30,-0.0059642147117296,1.577936507936508,760595.4126984127
1995-03-31,ROL,USD,84839,1995-05-12,1995-05-12 00:00:00,1995,Q1,142700000.0,73200000.0,69500000.0,0.4870357393,0,55900000.0,0.0,55900000.0,1800000.0,57700000.0,130900000.0,0.0,0.0,1800000.0,12700000.0,0.0889978977,10900000.0,0.0763840224,1600000.0,12500000.0,0.087596356,4700000.0,7800000.0,0.0546601261,0.0129,0.0129,604866504,604866504,https://www.sec.gov/Archives/edgar/data/84839/000091205795003607/0000912057-95-003607-index.html,https://www.sec.gov/Archives/edgar/data/84839/,0.2359198253768735,0.0128954074137324,0.0401741538658586,0.0353797075197273,0.0795216790513498,0.3260223515369269,0.2564202166499866,0.3260223515369269,0.0,973835071.44,925735071.44,31.21266254615385,6.824352287596357,40.07551734320988,45.50631174953271,4.938311721298175,4.938311721298175,6.487281509740715,72.89252531023622,38.09609347489712,43.25864819813084,0.008009569822194,0.0219749736147374,0.0,0.0,-3.7874015748031495,2.9693877551020407,0.0,3.1153846153846154,0.0051343396296115,0.6410256410256411,0.3917309039943938,0.0,0.1341618865519439,0.1193415637860082,0.020322354590049,1.6111111111111112,0.0,0.3075618614257375,0.028893797790994,0.0287081339712918,0.0261214662996117,154400000.0,155100000.0,116200000.0,225100000.0,101250000.0,14350000.0,17000000.0,63.44779257182901,20.5327868852459,21.762295081967213,1.4184890656063618,4.383233532934132,4.135593220338983,0.0395537525354969,0.0047944463461312,1995-04-24,0.02,bmo,142700000.0,2025-04-25,1995-03-31,-0.355,1.4553968253968257,836099.0158730159
1994-12-31,ROL,USD,84839,1995-03-28,1995-03-28 00:00:00,1994,Q4,139000000.0,75200000.0,63800000.0,0.4589928058,0,48900000.0,0.0,48900000.0,2200000.0,51100000.0,126300000.0,0.0,0.0,2200000.0,13600000.0,0.0978417266,11400000.0,0.0820143885,2600000.0,14000000.0,0.1007194245,5400000.0,8600000.0,0.0618705036,0.0142,0.0142,603931870,604866504,https://www.sec.gov/Archives/edgar/data/84839/000091205795001795/0000912057-95-001795-index.html,https://www.sec.gov/Archives/edgar/data/84839/,0.230158411742702,0.0142400168416348,0.0170549038917254,0.0130809457033622,0.0528205275869942,0.3205659605279649,0.250856110640427,0.3205659605279649,0.0,815308024.5,783408024.5,23.70081466569767,5.865525356115108,79.15611888349515,103.20354740506328,4.211301779442149,4.211301779442149,5.63602895323741,57.60353121323529,76.05903150485437,99.16557272151898,0.0105481606234331,0.0096895894098979,0.0,0.0,-2.3455882352941178,3.212257100149477,0.0,1.197674418604651,0.0055193863727266,0.5232558139534884,0.3517985611510791,0.0,0.1425668811378259,0.233009708737864,0.0172661870503597,1.0909090909090908,0.0,0.3204831590386518,0.0306604953715286,0.0339652448657188,0.0244646800971109,148000000.0,151500000.0,113200000.0,218100000.0,129200000.0,12300000.0,16550000.0,65.97841726618705,14.361702127659576,19.507978723404257,1.3640824337585868,6.266666666666667,4.613496932515337,0.0444214876033057,0.0039739581883632,1995-01-23,0.01365,bmo,139000000.0,2025-04-25,1994-12-31,0.0417582417582417,1.3626984126984123,685932.6666666666
1994-09-30,ROL,USD,84839,1994-11-14,1994-11-14 00:00:00,1994,Q3,158000000.0,82300000.0,75700000.0,0.4791139241,0,53500000.0,0.0,53500000.0,1900000.0,55400000.0,137700000.0,0.0,0.0,1900000.0,21300000.0,0.1348101266,19400000.0,0.1227848101,1700000.0,21100000.0,0.1335443038,8100000.0,13000000.0,0.082278481,0.0211,0.0211,616066163,616066163,https://www.sec.gov/Archives/edgar/data/84839/000095016894000363/0000950168-94-000363-index.html,https://www.sec.gov/Archives/edgar/data/84839/,0.2564659601342202,0.0211016296312966,0.0170436239329703,0.0144465002860415,0.0460989447329864,0.3074345117051981,0.2390976957453837,0.3074345117051981,0.0,917938582.87,889538582.87,17.65266505519231,5.809737866265823,87.42272217809523,103.13916661460674,4.846560627613516,4.846560627613516,5.629991030822785,41.76237478262911,84.71796027333333,99.94815537865168,0.0141621675377829,0.0096956377758667,0.0,0.0,-1.3333333333333333,2.8635761589403974,0.0,0.8076923076923077,0.0049022887630787,0.3461538461538461,0.3386075949367088,0.0,0.1416078035654221,0.1523809523809524,0.010126582278481,0.8421052631578947,0.0,0.3820547173407707,0.05388911918427,0.0509404388714733,0.0751136854760192,140700000.0,147300000.0,108300000.0,211100000.0,129100000.0,13950000.0,18150000.0,89.14556962025317,13.778857837181045,18.371810449574724,1.0095846645367412,6.531746031746032,4.898809523809524,0.0686378035902851,0.0025971236469288,1994-10-24,0.02,bmo,158000000.0,2025-04-25,1994-09-30,0.0,1.4340625,794789.78125
1994-06-30,ROL,USD,84839,1994-08-11,1994-08-11 00:00:00,1994,Q2,171900000.0,83700000.0,88200000.0,0.5130890052,0,52300000.0,0.0,52300000.0,2000000.0,54300000.0,138000000.0,0.0,0.0,2000000.0,35500000.0,0.2065154159,33500000.0,0.1948807446,800000.0,34300000.0,0.1995346131,13200000.0,21100000.0,0.1227457824,0.0346,0.0346,610124402,610124402,https://www.sec.gov/Archives/edgar/data/84839/000095016894000268/0000950168-94-000268-index.html,https://www.sec.gov/Archives/edgar/data/84839/,0.2817458200926047,0.0345831111341126,0.0063921390247885,0.0029502180114408,0.0398279431544519,0.2960052071479023,0.2270028858803126,0.2960052071479023,0.0,872477894.86,848177894.86,10.337415815876776,5.075496770564282,223.7122807333333,484.7099415888889,4.83099609557032,4.83099609557032,4.934135514019779,23.892335066478875,217.4815115025641,471.2099415888889,0.0241839938000787,0.0020630895184901,0.0,0.0,-0.6845070422535211,2.730819245773732,0.0,0.1848341232227488,0.0050431077118647,0.2085308056872037,0.3042466550319953,0.0,0.1442769019876627,0.5384615384615384,0.0122164048865619,1.05,0.0,0.4799245481730627,0.0958951685440512,0.0845014016820184,-0.0014341337555615,133100000.0,138500000.0,98800000.0,203900000.0,95150000.0,15000000.0,18850000.0,53.24607329842931,16.451612903225808,20.967741935483872,1.6902654867256637,5.470588235294118,4.292307692307692,0.1168327796234773,0.0034419210133477,1994-07-25,0.03,bmo,171900000.0,2025-04-25,1994-06-30,0.0,1.5683870967741935,473556.0483870968
1994-03-31,ROL,USD,84839,1994-05-12,1994-05-12 00:00:00,1994,Q1,136400000.0,70200000.0,66200000.0,0.4853372434,0,53600000.0,0.0,53600000.0,2000000.0,55600000.0,125800000.0,0.0,0.0,2000000.0,12100000.0,0.0887096774,10100000.0,0.0740469208,1100000.0,11200000.0,0.082111437,4300000.0,6900000.0,0.0505865103,0.0111,0.0111,619557120,619557120,https://www.sec.gov/Archives/edgar/data/84839/000095016894000180/0000950168-94-000180-index.html,https://www.sec.gov/Archives/edgar/data/84839/,0.2201572633044714,0.0111369876598302,0.0235652202657278,0.0200142966640428,0.0416426495106698,0.2634139689977253,0.1953007980926762,0.2634139689977253,0.0,985095820.8,959295820.8,35.6918775652174,7.222110123167156,67.47231649315069,79.44321135483871,6.036126352941177,6.036126352941177,7.032960563049854,79.28064634710745,65.70519320547946,77.36256619354839,0.0070043947546102,0.0125876079648068,0.0,0.0,-2.1322314049586777,2.5538261997405964,0.0,2.1159420289855078,0.0045680835356153,0.6521739130434783,0.3929618768328445,0.0,0.1510920157536699,0.1506849315068493,0.0161290322580645,1.1,0.0,0.2569179981014919,0.0307731030097499,0.0291016448755799,-0.0238073286931154,119800000.0,121000000.0,80800000.0,191100000.0,88050000.0,13500000.0,17000000.0,58.46041055718475,18.846153846153847,23.33333333333333,1.5395033860045146,4.775510204081633,3.857142857142857,0.0422794117647058,0.003550923601685,1994-04-25,0.02,bmo,136400000.0,2025-04-25,1994-03-31,-0.443,1.6977777777777776,553177.6031746032
1993-12-31,ROL,USD,84839,1994-03-28,1994-03-28 00:00:00,1993,Q4,133400000.0,69900000.0,63500000.0,0.476011994,0,0.0,0.0,49200000.0,2200000.0,51400000.0,121300000.0,0.0,0.0,2200000.0,13500000.0,0.1011994003,11300000.0,0.0847076462,1600000.0,12900000.0,0.0967016492,5000000.0,7900000.0,0.0592203898,0.0131,0.0131,604869593,604869593,https://www.sec.gov/Archives/edgar/data/84839/000095016894000091/0000950168-94-000091-index.html,https://www.sec.gov/Archives/edgar/data/84839/,0.2205434056262768,0.0130606664501318,0.0125646917748103,0.0099194935064292,0.0299238054110615,0.2653464512969823,0.1955793469684299,0.2653464512969823,0.0,961742652.87,943642652.87,30.43489407816456,7.209465163943029,126.54508590394737,160.290442145,5.992166061495327,5.992166061495327,7.073783005022489,69.89945576814814,124.16350695657894,157.2737754783333,0.0082142556290137,0.0062386751612762,0.0,0.0,-1.3407407407407408,2.753731343283582,0.0,0.9620253164556962,0.0040551388548295,0.4936708860759494,0.0,0.0,0.1579341317365269,0.2105263157894736,0.0119940029985007,0.7272727272727273,0.0,0.2792418908717151,0.0345662089848136,0.0351111111111111,-0.0249227274349034,117500000.0,118300000.0,77800000.0,188600000.0,87250000.0,12450000.0,16550000.0,59.03298350824588,15.836909871244636,20.34334763948498,1.5245714285714285,5.682926829268292,4.424050632911392,0.049221183800623,0.0026451982683811,1994-01-24,0.01276,bmo,133400000.0,2025-04-25,1993-12-31,0.0235109717868338,1.46328125,660504.984375
1993-09-30,ROL,USD,84839,1993-09-30,1993-09-30 00:00:00,1993,Q3,151800000.0,77100000.0,74700000.0,0.4920948617,0,0.0,0.0,53700000.0,2200000.0,55900000.0,133000000.0,0.0,0.0,2200000.0,20400000.0,0.1343873518,18200000.0,0.1198945982,1300000.0,19500000.0,0.128458498,7800000.0,11700000.0,0.0770750988,0.0193,0.0193,604869593,604869593,,,0.2509631857126599,0.019343012337537,0.021161586147049,0.0185163878786679,0.0410005731599075,0.258237480950708,0.1884703766221556,0.258237480950708,0.0406699233763599,846817430.1999999,846617430.1999999,18.09438953418804,5.578507445322793,66.157611734375,75.60869912499999,5.421366390524968,5.421366390524968,5.577189922266139,41.50085442156863,66.141986734375,75.59084198214285,0.013816437383955,0.0132259913419056,0.1574903969270166,0.0914838229825213,-0.0098039215686274,2.618104667609618,0.0,1.094017094017094,0.0047235683363948,0.3418803418803419,0.0,0.0,0.1569356638155448,0.125,0.0105401844532279,0.7272727272727273,0.0,0.3352454959443759,0.0550958627648839,0.0516100573445081,-0.0231454848483349,114400000.0,114000000.0,72400000.0,186200000.0,84750000.0,12800000.0,18350000.0,51.58102766798419,14.708171206225682,20.19455252918288,1.7448275862068965,6.119047619047619,4.456647398843931,0.0749039692701664,0.0026451982683811,1993-10-25,0.02029,bmo,151800000.0,2025-04-25,1993-09-30,-0.0142927550517495,1.42875,355547.71875
1993-06-30,ROL,USD,84839,1993-06-30,1993-06-30 00:00:00,1993,Q2,163200000.0,80900000.0,82300000.0,0.5042892157,0,0.0,0.0,49900000.0,2100000.0,52000000.0,132900000.0,0.0,0.0,2100000.0,31800000.0,0.1948529412,29700000.0,0.1819852941,1300000.0,31000000.0,0.1899509804,11900000.0,19100000.0,0.1170343137,0.0317,0.0317,603430791,603430791,,,0.2704535506541627,0.031652345695432,0.0192234141396341,0.0157433133040107,0.0457384681253363,0.2452642493677456,0.175330794480456,0.2452642493677456,0.0,850837415.31,823237415.31,11.136615383638745,5.213464554595588,73.3480530439655,89.56183319052631,5.748901454797297,5.748901454797297,5.044346907536764,25.88796903490566,70.96874269913792,86.65657003263158,0.0224484721244198,0.0111654704283763,0.0,0.0,-0.8679245283018868,2.476056338028169,0.0,0.6105263157894737,0.0045837194390176,0.2041884816753926,0.0,0.0,0.1621206300422589,0.1810344827586207,0.0128676470588235,1.0,0.0,0.4179374931418178,0.0966668370737692,0.0875745071068317,-0.0217506302226463,104800000.0,105800000.0,63500000.0,177200000.0,76050000.0,12850000.0,18900000.0,45.49632352941177,14.46229913473424,21.58220024721879,1.9781818181818185,6.223076923076923,4.170103092783505,0.129054054054054,0.0034801008356234,1993-07-26,0.02945,bmo,163200000.0,2025-04-25,1993-06-30,0.0186757215619693,1.3674603174603177,574575.6984126985
1993-03-31,ROL,USD,84839,1993-03-31,1993-03-31 00:00:00,1993,Q1,127300000.0,65600000.0,61700000.0,0.4846818539,0,0.0,0.0,50800000.0,1800000.0,52600000.0,118200000.0,0.0,0.0,1800000.0,10500000.0,0.0824823252,8700000.0,0.068342498,900000.0,9600000.0,0.0754124116,3700000.0,5900000.0,0.0463472113,0.0094,0.0094,629107165,629107165,,,0.2023502625343648,0.0093783703766909,0.0127164344090724,0.0089015040863506,0.0348112391948357,0.2104569894701485,0.1433777979622915,0.2104569894701485,0.0,943660747.5,921760747.5,39.9856248940678,7.412888825608798,117.9575934375,168.51084776785714,7.127347035498489,7.127347035498489,7.240854261586803,87.78673785714285,115.2200934375,164.6001334821429,0.0062522469177939,0.0059343360575671,0.0,0.0,-2.085714285714286,2.355182926829268,0.0,1.3559322033898304,0.0041328411829485,0.6610169491525424,0.0,0.0,0.176126878130217,0.3,0.01885310290652,1.3333333333333333,0.0,0.2107349778781961,0.0307291666666666,0.0298885511651469,-0.0379903477971038,88900000.0,90200000.0,47300000.0,161400000.0,68300000.0,12350000.0,18350000.0,49.20659858601728,17.42378048780488,25.243902439024392,1.8290229885057472,5.165354330708661,3.565217391304348,0.0445619335347432,0.0038149303227217,1993-04-27,0.01,bmo,127300000.0,2025-04-25,1993-03-31,-0.062,1.4670967741935483,451371.9516129032
1992-12-31,ROL,USD,84839,1992-12-31,1992-12-31 00:00:00,1992,Q4,122300000.0,65200000.0,57100000.0,0.4668847097,0,0.0,0.0,45200000.0,2100000.0,47300000.0,112500000.0,0.0,0.0,2100000.0,11400000.0,0.0932134096,9300000.0,0.0760425184,1000000.0,10300000.0,0.0842191333,4100000.0,6200000.0,0.0506950123,0.0102,0.0102,594805176,605935158,,,0.2056135436185242,0.0104235811155752,0.0104235811155752,0.0068930133183642,0.0337925774875906,0.2183908365989068,0.1472751138265145,0.2183908365989068,0.0,850571401.68,830471401.68,34.29723393870968,6.954794780703188,137.18893575483872,207.45643943414632,6.5478937773672055,6.5478937773672055,6.790444821586263,72.84836856842105,133.94700027096772,202.55400040975607,0.0072892175633393,0.0048202890338211,0.0,0.0,-1.763157894736842,2.449275362318841,0.0,1.0,0.0041148808825302,0.5645161290322581,0.0,0.0,0.1790097333897587,0.3387096774193548,0.017170891251022,1.0,0.0,0.2263168763132975,0.0321358108635314,0.0319587628865979,-0.0452248922595118,90000000.0,87600000.0,45700000.0,161100000.0,67400000.0,11800000.0,18300000.0,49.30498773507768,16.56441717791411,25.260736196319016,1.825373134328358,5.433333333333334,3.5628415300546448,0.0477290223248652,0.0035305677972109,1992-12-31,,bmo,,2025-04-25,1992-12-31,,1.324375,421955.9375
1992-09-30,ROL,USD,84839,1992-09-30,1992-09-30 00:00:00,1992,Q3,137700000.0,70600000.0,67100000.0,0.4872912128,0,0.0,0.0,48600000.0,2000000.0,50600000.0,121200000.0,0.0,0.0,2000000.0,18000000.0,0.1307189542,16000000.0,0.116194626,1000000.0,17000000.0,0.1234567901,6700000.0,10300000.0,0.0748002905,0.017,0.017,605935158,605935158,,,0.2272520387404224,0.0169985185114477,0.0143579719465626,0.0117174253816775,0.048355008969458,0.2097584177480587,0.1399489679389094,0.2097584177480587,0.0,781656353.82,752356353.82,18.97224159757281,5.676516730718955,89.84555791034484,110.0924442,6.149931973406766,6.149931973406766,5.463735321859114,41.79757521222223,86.47774181839081,105.96568363661972,0.0131771461329052,0.0090832754896725,0.0,0.0,-1.6277777777777778,2.361801242236025,0.0,0.8446601941747572,0.0045372093023255,0.3443241242499029,0.0,0.0,0.1784810126582278,0.1839080459770115,0.0116194625998547,0.8,0.0,0.2832412448920586,0.0561652239111171,0.0529019003595274,-0.0339970370228954,87700000.0,84800000.0,42200000.0,158900000.0,66450000.0,12000000.0,18100000.0,44.31372549019608,14.787535410764873,23.328611898016995,2.0309734513274336,6.086206896551724,3.85792349726776,0.081038552321007,0.002640546564885,1993-01-25,0.01728,bmo,122300000.0,2025-04-25,1992-09-30,-0.0162037037037036,1.16578125,669835.453125
1992-06-30,ROL,USD,84839,1992-06-30,1992-06-30 00:00:00,1992,Q2,150200000.0,75000000.0,75200000.0,0.500665779,0,0.0,0.0,46600000.0,2000000.0,48600000.0,123600000.0,0.0,0.0,2000000.0,28100000.0,0.1870838881,26100000.0,0.1737683089,1000000.0,27100000.0,0.1804260985,10700000.0,16400000.0,0.1091877497,0.0275,0.0275,595297846,595297846,,,0.2523106727317135,0.0275492345725705,0.0141105835615605,0.0117588196346337,0.0441795651986955,0.2017477483027882,0.1306908810820726,0.2017477483027882,0.0,648874652.1400001,622574652.1400001,9.89138189237805,4.320070919707058,77.24698239761905,92.69637887714288,5.402786445795171,5.402786445795171,4.14497105286285,22.15568157081851,74.11603001666668,88.93923602000001,0.0252745271307987,0.0107879079216823,0.0,0.0,-0.9359430604982206,2.187878787878788,0.0,0.5121951219512195,0.0053697247706422,0.2124559934535365,0.0,0.0,0.1840731070496083,0.1666666666666666,0.0093209054593874,0.7,0.0,0.3536310378852971,0.0964275576821702,0.0874666666666666,-0.0430456790196415,78400000.0,77800000.0,34700000.0,150000000.0,60150000.0,12000000.0,17450000.0,39.007989347536615,14.88,21.48,2.307219662058372,6.048387096774194,4.189944134078212,0.1365528726061615,0.0023517639269267,1992-06-30,,bmo,,2025-04-25,1992-06-30,,1.1265079365079365,561964.6031746032
1992-03-31,ROL,USD,84839,1992-03-31,1992-03-31 00:00:00,1992,Q1,117400000.0,60700000.0,56700000.0,0.4829642249,0,0.0,0.0,46800000.0,1900000.0,48700000.0,109400000.0,0.0,0.0,1900000.0,9500000.0,0.0809199319,7600000.0,0.0647359455,800000.0,8400000.0,0.0715502555,3300000.0,5100000.0,0.0434412266,0.0082,0.0082,621494596,621494596,,,0.1888994703342521,0.0082060246908405,0.0160902444918443,0.0136767078180676,0.0572812703909657,0.172165616062734,0.1049083940868248,0.172165616062734,0.0,720933731.3599999,685333731.3599999,35.33988879215686,6.1408324647359445,72.093373136,84.81573310117646,6.7376984239252335,6.7376984239252335,5.8375956674616685,72.14039277473682,68.533373136,80.62749780705882,0.0070741592162418,0.0117902653604031,0.0,0.0,-3.747368421052632,2.085483870967742,0.0,1.96078431372549,0.0050456896551724,0.7132564451741176,0.0,0.0,0.1963363081258806,0.15,0.0127768313458262,0.7894736842105263,0.0,0.1782915987008445,0.0305784341569629,0.0298071303331385,-0.0328240987633623,67300000.0,65200000.0,23400000.0,138800000.0,53900000.0,10850000.0,16050000.0,42.31686541737649,17.199341021416803,25.20593080724876,2.1268115942028984,5.232758620689655,3.570588235294118,0.0476635514018691,0.0024135366737766,1992-03-31,,bmo,,2025-04-25,1992-03-31,,1.1363492063492064,604597.0476190476
1991-12-31,ROL,USD,84839,1991-12-31,1991-12-31 00:00:00,1991,Q4,110800000.0,60100000.0,50700000.0,0.4575812274,0,0.0,0.0,40600000.0,2000000.0,42600000.0,102700000.0,0.0,0.0,2000000.0,9600000.0,0.0866425993,7600000.0,0.0685920578,1100000.0,8700000.0,0.0785198556,3500000.0,5200000.0,0.0469314079,0.0085,0.0085,596284361,611327193,,,0.185817383863938,0.0087206714448779,0.0087206714448779,0.0055342722630956,0.0690945506786484,0.176258186318591,0.1061574043193797,0.176258186318591,0.0,667838484.32,626638484.32,32.10761943846154,6.027423143682311,128.43047775384616,202.37529827878788,6.354314788962894,6.354314788962894,5.655581988447654,65.27484211666668,120.50740083076924,189.8904497939394,0.0077863137900696,0.004941314520621,0.0,0.0,-4.291666666666667,2.147163120567376,0.0,1.0,0.0050910513242762,0.6538461538461539,0.0,0.0,0.2043010752688172,0.3653846153846153,0.0171480144404332,0.95,0.0,0.1859691344766023,0.0306513409961685,0.0319410319410319,-0.0189506898706001,64700000.0,63300000.0,21600000.0,136600000.0,52650000.0,10200000.0,14800000.0,42.72563176895307,15.124792013311149,22.612312811980036,2.106463878326996,5.950495049504951,3.980132450331126,0.049476688867745,0.0031863991817823,1991-12-31,,bmo,,2025-04-25,1991-12-31,,0.96420125,569081.90625
1991-09-30,ROL,USD,84839,1991-09-30,1991-09-30 00:00:00,1991,Q3,124500000.0,65100000.0,59400000.0,0.4771084337,0,0.0,0.0,43800000.0,2000000.0,45800000.0,110900000.0,0.0,0.0,1900000.0,15600000.0,0.1253012048,13200000.0,0.1060240964,600000.0,14200000.0,0.1140562249,5600000.0,8600000.0,0.0690763052,0.0141,0.0141,611327193,611327193,,,0.2036552625592102,0.0140677530763791,0.0243732000974476,0.0217559437111445,0.0675579304714488,0.1688130369165502,0.1007643708726694,0.1688130369165502,0.0,569506299.7268701,528206299.72687006,16.555415689734595,4.574347788970844,38.221899310528194,42.82002253585489,5.518471896578197,5.518471896578197,4.242620881340322,33.859378187619875,35.45008722999128,39.71475937796016,0.0151007987165804,0.0233535608058744,0.0,0.0,-2.647435897435898,2.0870307167235493,0.0,1.7126436781609196,0.0059700832135318,0.3953488372093023,0.0,0.0,0.2021379980563654,0.1073825503355704,0.0128514056224899,0.8421052631578947,0.0,0.2311567708003672,0.0543095529699938,0.0523751522533495,-0.0237597806319078,63700000.0,61600000.0,19700000.0,135700000.0,51250000.0,10850000.0,15100000.0,38.09638554216867,14.239631336405528,20.04608294930875,2.362428842504744,6.320388349514563,4.489655172413793,0.0833333333333333,0.0026172563863031,1991-09-30,,bmo,,2025-04-25,1991-09-30,,0.95246703125,434570.1875
1991-06-30,ROL,USD,84839,1991-06-30,1991-06-30 00:00:00,1991,Q2,135600000.0,68600000.0,67000000.0,0.494100295,0,0.0,0.0,43100000.0,2000000.0,45100000.0,113700000.0,0.0,0.0,2000000.0,23300000.0,0.1718289086,21300000.0,0.157079646,1200000.0,22500000.0,0.1659292035,8900000.0,13600000.0,0.1002949853,0.0229,0.0229,594924349,594924349,,,0.227928139481815,0.0228600493875566,0.0043703035593858,0.0023532403781308,0.0532840857048195,0.1643906492722825,0.0941296151252333,0.1643906492722825,0.0,499093934.86308,467393934.86308,9.174520861453678,3.6806337379283183,191.95920571656924,356.4956677593429,5.103209967925153,5.103209967925153,3.446857926718879,20.059825530604293,179.76689802426154,333.8528106164857,0.0272493794254001,0.0028050831761441,0.0,0.0,-1.3605150214592274,1.9196581196581195,0.0,0.1911764705882352,0.0070127079403603,0.2573529411764705,0.0,0.0,0.2127226463104325,0.4615384615384615,0.0088495575221238,0.6,0.0,0.2907825873868308,0.0932946859903381,0.0879120879120879,-0.0366433144594658,53800000.0,56000000.0,13600000.0,126400000.0,44950000.0,12400000.0,15250000.0,33.05309734513274,14.956268221574344,20.59766763848397,2.7228915662650603,6.017543859649122,4.369426751592357,0.1390593047034765,0.002017063181255,1991-06-30,,bmo,,2025-04-25,1991-06-30,,0.92038859375,501846.0
1991-03-31,ROL,USD,84839,1991-03-31,1991-03-31 00:00:00,1991,Q1,104600000.0,54200000.0,50400000.0,0.4818355641,0,0.0,0.0,42400000.0,1900000.0,44300000.0,98500000.0,0.0,0.0,1900000.0,7500000.0,0.0717017208,5600000.0,0.0535372849,1000000.0,6600000.0,0.0630975143,2600000.0,4000000.0,0.0382409178,0.0064,0.0064,620366399,620366399,,,0.1686100345998913,0.0064478024703591,0.0149911407435849,0.0090269234585027,0.0557734913686065,0.141045679039106,0.0736661432238531,0.141045679039106,0.0,596085258.1431401,561485258.1431401,37.255328633946256,5.698711836932506,64.09518904764947,106.4437960969893,6.812402950207314,6.812402950207314,5.367927898117974,74.86470108575202,60.37475894012259,100.26522466841789,0.0067104494623141,0.0093946292472397,0.0,0.0,-4.613333333333333,1.7894736842105263,0.0,2.325,0.0057038820429669,0.85,0.0,0.0,0.223888591322978,0.3978494623655914,0.0353728489483747,1.947368421052632,0.0,0.1430464269011678,0.0261676129062405,0.0276052449965493,-0.0437241605021228,45000000.0,45700000.0,2800000.0,117800000.0,38900000.0,11800000.0,13850000.0,34.50286806883365,22.25092250922509,24.575645756457565,2.6084788029925186,4.044776119402985,3.6621621621621614,0.0457142857142857,0.0059642172850821,1991-03-31,,bmo,,2025-04-25,1991-03-31,,0.8372401639344262,558500.0819672131
1990-12-31,ROL,USD,84839,1990-12-31,1990-12-31 00:00:00,1990,Q4,101900000.0,55500000.0,46400000.0,0.4553483808,0,0.0,0.0,38200000.0,1900000.0,40100000.0,95600000.0,0.0,0.0,1900000.0,7600000.0,0.0745829244,5700000.0,0.0559371933,1100000.0,6800000.0,0.0667320903,2700000.0,4100000.0,0.040235525,0.0067,0.0067,593684681,609293761,,,0.1716399349034239,0.006906022896016,0.0160017603688177,0.0128014082950541,0.053563787339832,0.1460371183133155,0.0756293726905175,0.1460371183133155,0.0,492259590.09796,460459590.09796,30.015828664509755,4.830810501452012,51.81679895768,64.7709986971,5.677734603205997,5.677734603205997,4.518739843944652,60.58678817078421,48.46943053662737,60.58678817078421,0.0083289388007333,0.0154390085086764,0.0,0.0,-4.184210526315789,1.907258064516129,0.0,2.317073170731707,0.0067037800103463,0.8048780487804879,0.0,0.0,0.2348314606741573,0.2,0.0186457311089303,1.0,0.0,0.1506388159195671,0.0267660802638812,0.0301027900146842,-0.0417309066460483,45000000.0,44900000.0,3300000.0,116600000.0,39650000.0,10200000.0,12600000.0,33.297350343473994,16.54054054054054,20.91891891891892,2.702917771883289,5.441176470588236,4.3023255813953485,0.0472895040369088,0.0032003520737635,1990-12-31,,bmo,,2025-04-25,1990-12-31,,0.7243753125,520547.078125
1990-09-30,ROL,USD,84839,1990-09-30,1990-09-30 00:00:00,1990,Q3,113000000.0,59700000.0,53300000.0,0.4716814159,0,0.0,0.0,39700000.0,1900000.0,41600000.0,101300000.0,0.0,0.0,1900000.0,12900000.0,0.114159292,11000000.0,0.0973451327,1400000.0,12400000.0,0.1097345133,4900000.0,7500000.0,0.0663716814,0.0123,0.0123,609293761,609293761,,,0.1854606221710515,0.012309333329937,0.011324586663542,0.0080420977755588,0.050057955541744,0.1408187732944798,0.072543004424429,0.1408187732944798,0.0,430910826.59203,400410826.59203,14.363694219734333,3.813370146832124,62.45084443362754,87.94098501878163,5.022270706200816,5.022270706200816,3.543458642407345,31.03959896062248,58.03055457855507,81.71649522286326,0.0174049931845892,0.0113712622139316,0.0,0.0,-2.364341085271318,1.890566037735849,0.0,0.92,0.0076581970012192,0.44,0.0,0.0,0.2267029972752043,0.2898550724637681,0.0176991150442477,1.0526315789473684,0.0,0.1974871323425359,0.0509825732295142,0.0528541226215644,-0.0489911466531494,47200000.0,44200000.0,2500000.0,119000000.0,41000000.0,11450000.0,13000000.0,33.13274336283186,15.376884422110551,18.542713567839197,2.7163461538461537,5.852941176470588,4.853658536585366,0.0874125874125874,0.0032824888879832,1990-09-30,,bmo,,2025-04-25,1990-09-30,,0.694531746031746,545163.4444444445
1990-06-30,ROL,USD,84839,1990-06-30,1990-06-30 00:00:00,1990,Q2,123800000.0,63400000.0,60400000.0,0.4878836834,0,0.0,0.0,39100000.0,1900000.0,41000000.0,104400000.0,0.0,0.0,1900000.0,20700000.0,0.1672051696,18800000.0,0.1518578352,1400000.0,20200000.0,0.1631663974,8000000.0,12200000.0,0.098546042,0.0205,0.0205,594676436,594676436,,,0.2081804364617534,0.0205153580358109,0.0147979631733718,0.0099213616730561,0.0492704910204311,0.1370493180261139,0.0679361036595705,0.1370493180261139,0.0,466981564.89772,437681564.89772,9.569294362658196,3.7720643368151854,53.06608692019546,79.14941777927459,5.729835152119264,5.729835152119264,3.5353922851189017,21.14403695158068,49.736541465650006,74.18331608435933,0.0261252283110406,0.0126343317241918,0.0,0.0,-1.4154589371980677,1.7956600361663653,0.0,0.7213114754098361,0.0070666601169208,0.2704918032786885,0.0,0.0,0.2259483232545354,0.3295454545454545,0.0234248788368336,1.5263157894736843,0.0,0.2515181029808043,0.0896876417499569,0.0866477272727272,-0.0570898692881787,44000000.0,40400000.0,-1100000.0,115100000.0,37850000.0,12150000.0,13000000.0,29.36995153473344,18.028391167192428,19.44794952681388,3.0643564356435644,4.9921259842519685,4.627737226277373,0.1496932515337423,0.0048766015003157,1990-06-30,,bmo,,2025-04-25,1990-06-30,,0.7303,605615.1428571428
1990-03-31,ROL,USD,84839,1990-03-31,1990-03-31 00:00:00,1990,Q1,97600000.0,51500000.0,46100000.0,0.4723360656,0,0.0,0.0,38800000.0,1800000.0,40600000.0,92100000.0,0.0,0.0,1800000.0,6800000.0,0.0696721311,5000000.0,0.0512295082,1000000.0,6000000.0,0.0614754098,2400000.0,3600000.0,0.0368852459,0.0059,0.0059,614174024,614174024,,,0.1589126146435655,0.0058615308680003,0.0180730535096678,0.0162820301888899,0.0477063484534474,0.1182075391713407,0.0512883950950032,0.1182075391713407,0.0,407400055.33992,378100055.33992,28.291670509716667,4.17418089487623,36.70270768828108,40.740005533992,5.611571010191735,5.611571010191735,3.8739759768434414,55.60294931469412,34.06306804864144,37.810005533992,0.0088365231001166,0.0245458975003239,0.0,0.0,-4.3088235294117645,1.6875,0.0,3.083333333333333,0.0081001461751069,0.9166666666666666,0.0,0.0,0.2436277415530527,0.0990990990990991,0.0112704918032786,0.6111111111111112,0.0,0.1248588628927537,0.0258843830888697,0.0282131661442006,-0.0556438381705312,36300000.0,31500000.0,-7000000.0,105800000.0,35650000.0,9900000.0,11900000.0,32.55122950819672,20.271844660194173,21.49514563106796,2.764872521246459,4.439655172413793,4.186991869918699,0.0495867768595041,0.0017910233207778,1990-03-31,,bmo,,2025-04-25,1990-03-31,,0.6734730158730159,362343.9523809524
1989-12-31,ROL,USD,84839,1989-12-31,1989-12-31 00:00:00,1989,Q4,92000000.0,50500000.0,41500000.0,0.4510869565,0,0.0,0.0,34600000.0,2000000.0,36600000.0,87100000.0,0.0,0.0,2000000.0,6300000.0,0.0684782609,4300000.0,0.0467391304,1300000.0,5600000.0,0.0608695652,1800000.0,3800000.0,0.0413043478,0.0062,0.0062,593058848,612164493,,,0.1551279444025763,0.0064074585731498,0.0111287438375761,0.0077563972201288,0.043840506026815,0.1217417128898479,0.0537889285482846,0.1217417128898479,0.0,419429009.07104,393429009.07104,27.59401375467369,4.559010968163479,63.54984985924849,91.18021936326956,5.809266053615513,5.809266053615513,4.276402272511305,62.44904905889524,59.61045591985455,85.52804545022609,0.0090599360507188,0.0109672910087649,0.0,0.0,-4.126984126984127,2.089108910891089,0.0,1.736842105263158,0.0076294198321842,0.8421052631578947,0.0,0.0,0.2517176764522174,0.303030303030303,0.0217391304347826,1.0,0.0,0.1324810820239449,0.02437641723356,0.031719532554257,-0.0491519519492945,44000000.0,31900000.0,-3500000.0,112900000.0,37600000.0,9400000.0,11450000.0,35.21739130434783,14.613861386138614,20.495049504950497,2.555555555555556,6.158536585365853,4.391304347826087,0.0526315789473684,0.0033723466174473,1989-12-31,,bmo,,2025-04-25,1989-12-31,,,
1989-09-30,ROL,USD,84839,1989-09-30,1989-09-30 00:00:00,1989,Q3,106000000.0,56000000.0,50000000.0,0.4716981132,0,0.0,0.0,38300000.0,2000000.0,40300000.0,96300000.0,0.0,0.0,1900000.0,11700000.0,0.1103773585,9200000.0,0.0867924528,600000.0,10300000.0,0.0971698113,4200000.0,6100000.0,0.0575471698,0.01,0.01,612164493,612164493,,,0.1731560735914815,0.0099646419708305,0.0133950924853787,0.0098012871844234,0.0403486322425433,0.1167986722810465,0.0511300481454091,0.1167986722810465,0.0,429953731.65855,405253731.65855,17.621054576170085,4.056167279797641,52.43338190957927,71.658955276425,6.013338904315385,6.013338904315385,3.8231484118731136,34.63707108192735,49.42118678762805,67.54228860975834,0.01418757310576,0.0139549899400918,0.0,0.0,-2.111111111111111,1.9478260869565216,0.0,1.3442622950819672,0.0072100781357141,0.5081967213114754,0.0,0.0,0.244228432563791,0.2682926829268293,0.020754716981132,1.1578947368421053,0.0,0.1618233030773147,0.0459405032826339,0.0490353697749196,-0.0543971438735503,43600000.0,31300000.0,-3500000.0,112600000.0,38800000.0,10950000.0,11700000.0,33.28301886792453,17.035714285714285,18.32142857142857,2.704081632653061,5.283018867924528,4.912280701754386,0.0853146853146853,0.0035938053009552,1989-09-30,,bmo,,2025-04-25,1989-09-30,,,
1989-06-30,ROL,USD,84839,1989-06-30,1989-06-30 00:00:00,1989,Q2,115500000.0,59100000.0,56400000.0,0.4883116883,0,0.0,0.0,37400000.0,1900000.0,39300000.0,98400000.0,0.0,0.0,1900000.0,18400000.0,0.1593073593,16500000.0,0.1428571429,1300000.0,17800000.0,0.1541125541,7200000.0,10600000.0,0.0917748918,0.0176,0.0176,602800431,602800431,,,0.1916057024186168,0.0175845926029206,,,0.0361645395041198,0.1136362823867987,0.0471134367851837,0.1136362823867987,0.0,482180064.7569,460380064.7569,11.372171338606131,4.174719175384416,0.0,0.0,7.039125032947445,7.039125032947445,3.985974586639827,25.020655693309784,0.0,0.0,0.021983488689737,,0.0,0.0,-1.184782608695652,1.8411016949152543,0.0,0.0,0.0065851981497687,0.2995520066313679,0.0,0.0,0.2479901051329622,0.0,,0.0,,0.212039085878882,0.085815220057897,0.0871710526315789,-0.0607166121949902,39700000.0,28400000.0,-6300000.0,108500000.0,,,,29.922077922077925,17.20812182741117,18.274111675126903,3.0078125,5.230088495575221,4.925,0.1547445255474452,,1989-06-30,,bmo,,2025-04-25,1989-06-30,,,
1989-03-31,ROL,USD,84839,1989-03-31,1989-03-31 00:00:00,1989,Q1,88800000.0,0.0,88800000.0,1.0,0,0.0,0.0,0.0,0.0,0.0,0.0,0.0,0.0,0.0,88800000.0,1.0,88800000.0,1.0,-88800000.0,0.0,0.0,0.0,0.0,0.0,0.0053,0.0053,603884656,603884656,,,0.1470479488387597,0.0,,,,,,,,409409641.38176,,0.0,4.610468934479279,0.0,0.0,0.0,0.0,,,0.0,0.0,0.0,,0.0,0.0,,0.0,0.0,0.0,0.0074818720868487,0.0,0.0,0.0,0.0,0.0,,0.0,,,0.0,0.0,,,,,,,,,,0.0,0.0,0.0,0.0,0.0,0.0,,1989-03-31,,bmo,,2025-04-25,1989-03-31,,,
1988-09-30,ROL,USD,84839,1988-09-30,1988-09-30 00:00:00,1988,Q3,99300000.0,0.0,99300000.0,1.0,0,0.0,0.0,0.0,0.0,0.0,0.0,0.0,0.0,0.0,99300000.0,1.0,99300000.0,1.0,0.0,0.0,0.0,93200000.0,6100000.0,0.0614300101,0.01,0.01,612164493,612164493,,,0.1622113029022086,0.0099646419708305,,,,,,,,423985127.8518,,17.376439666057376,4.269739454700907,0.0,0.0,0.0,0.0,,,0.0,0.0,0.0143872970990911,,0.0,0.0,,0.0,0.0,0.0,0.0073237222061796,0.5090408681865787,0.0,0.0,0.0,0.0,,0.0,,,0.0,0.0,,,,,,,,,,0.0,0.0,0.0,0.0,0.0,0.0,,1988-09-30,,bmo,,2025-04-25,1988-09-30,,,
1988-06-30,ROL,USD,84839,1988-06-30,1988-06-30 00:00:00,1988,Q2,111500000.0,0.0,111500000.0,1.0,0,0.0,0.0,0.0,-331200000.0,-331200000.0,-331200000.0,0.0,0.0,0.0,-219700000.0,-1.9704035874,-219700000.0,-1.9704035874,219700000.0,0.0,0.0,0.0,0.0,0.0,0.0,0.0,603731100,603731100,,,0.1846848704663384,0.0,,,0.0478689933316339,0.0957379866632678,0.0298145979228169,0.0957379866632678,0.0349493342317465,371028984.816,363228984.816,0.0,3.3276142135964126,0.0,0.0,6.419186588512111,6.419186588512111,3.25765905664574,-1.653295333709604,0.0,0.0,0.0,,0.3650519031141868,0.1347381864623243,0.0355029585798816,1.6368932038834951,0.0,0.0,0.0082537262431658,0.0,0.0,0.0,0.2541507024265645,0.0,,0.0,,0.0,,0.0,-0.0612441532331198,32800000.0,18000000.0,-14500000.0,97700000.0,,,,29.1390134529148,0.0,0.0,3.0886426592797784,0.0,0.0,0.0,,1988-12-31,,bmo,,2025-04-25,1988-06-30,,,
1988-03-31,ROL,USD,84839,1988-03-31,1988-03-31 00:00:00,1988,Q1,84300000.0,0.0,84300000.0,1.0,0,0.0,0.0,0.0,0.0,0.0,0.0,0.0,0.0,0.0,84300000.0,1.0,84300000.0,1.0,-84300000.0,0.0,0.0,0.0,0.0,0.0,0.0047,0.0047,603731100,603731100,,,0.1396317002718594,0.0,,,,,,,,385747949.034,,0.0,4.57589500633452,0.0,0.0,0.0,0.0,,,0.0,0.0,0.0,,0.0,0.0,,0.0,0.0,0.0,0.0076334397596018,0.0,0.0,0.0,0.0,0.0,,0.0,,,0.0,0.0,,,,,,,,,,0.0,0.0,0.0,0.0,0.0,0.0,,1988-03-31,,bmo,,2025-04-25,1988-03-31,,,
1987-12-31,ROL,USD,84839,1987-12-31,1987-12-31 00:00:00,1987,Q4,81100000.0,0.0,81100000.0,1.0,0,0.0,0.0,0.0,0.0,0.0,0.0,0.0,0.0,0.0,81100000.0,1.0,81100000.0,1.0,-81100000.0,0.0,0.0,0.0,0.0,0.0,0.0053,0.0053,603731100,603731100,,,0.1343313273078031,0.0,,,,,,,,359250191.055,,0.0,4.429718755302097,0.0,0.0,0.0,0.0,,,0.0,0.0,0.0,,0.0,0.0,,0.0,0.0,0.0,0.0081964708847995,0.0,0.0,0.0,0.0,0.0,,0.0,,,0.0,0.0,,,,,,,,,,0.0,0.0,0.0,0.0,0.0,0.0,,1987-12-31,,bmo,,2025-04-25,1987-12-31,,,
1987-09-30,ROL,USD,84839,1987-09-30,1987-09-30 00:00:00,1987,Q3,93900000.0,0.0,93900000.0,1.0,0,0.0,0.0,0.0,0.0,0.0,0.0,0.0,0.0,0.0,93900000.0,1.0,93900000.0,1.0,-93900000.0,0.0,0.0,0.0,0.0,0.0,0.0094,0.0094,594433226,594433226,,,0.1579655979728158,0.0,,,,,,,,472586303.33452,,0.0,5.032867980133333,0.0,0.0,0.0,0.0,,,0.0,0.0,0.0,,0.0,0.0,,0.0,0.0,0.0,0.0061348267968101,0.0,0.0,0.0,0.0,0.0,,0.0,,,0.0,0.0,,,,,,,,,,0.0,0.0,0.0,0.0,0.0,0.0,,1987-09-30,,bmo,,2025-04-25,1987-09-30,,,
1987-06-30,ROL,USD,84839,1987-06-30,1987-06-30 00:00:00,1987,Q2,101700000.0,0.0,101700000.0,1.0,0,0.0,0.0,0.0,-297700000.0,-297700000.0,-297700000.0,0.0,0.0,0.0,-196000000.0,-1.9272369715,-196000000.0,-1.9272369715,196000000.0,0.0,0.0,0.0,0.0,0.0,0.0,0.0,594433226,595473904,,,0.171087340935414,0.0,,,0.0185050221267409,0.0763752731412762,0.0095889660111293,0.0763752731412762,0.0,417500176.2811,406500176.2811,0.0,4.105213139440512,0.0,0.0,9.19603912513436,9.19603912513436,3.997051880836775,-2.073980491230102,0.0,0.0,0.0,,0.0,0.0,0.0561224489795918,1.4178403755868545,0.0,0.0,0.0069442727984623,0.0,0.0,0.0,0.3016717325227963,0.0,,0.0,,0.0,,0.0,-0.0777210929323119,17800000.0,5700000.0,-25800000.0,86100000.0,,,,28.31858407079646,0.0,0.0,3.178125,0.0,0.0,0.0,,1987-06-30,,,,,,,,
1987-03-31,ROL,USD,84839,1987-03-31,1987-03-31 00:00:00,1987,Q1,77700000.0,0.0,77700000.0,1.0,0,0.0,0.0,0.0,0.0,0.0,0.0,0.0,0.0,0.0,77700000.0,1.0,77700000.0,1.0,-77700000.0,0.0,0.0,0.0,0.0,0.0,0.0059,0.0059,595473904,595473904,,,0.1304843075037592,0.0,,,,,,,,438560575.55696,,0.0,5.644280251698326,0.0,0.0,0.0,0.0,,,0.0,0.0,0.0,,0.0,0.0,,0.0,0.0,0.0,0.0063574793955111,0.0,0.0,0.0,0.0,0.0,,0.0,,,0.0,0.0,,,,,,,,,,0.0,0.0,0.0,0.0,0.0,0.0,,1987-03-31,,bmo,,2025-04-25,1987-03-31,,,
1986-12-31,ROL,USD,84839,1986-12-31,1986-12-31 00:00:00,1986,Q4,75900000.0,0.0,75900000.0,1.0,0,0.0,0.0,0.0,0.0,0.0,0.0,0.0,0.0,0.0,75900000.0,1.0,75900000.0,1.0,-75900000.0,0.0,0.0,0.0,0.0,0.0,0.0041,0.0041,595473904,595473904,,,0.1274615050133246,0.0,,,,,,,,389189834.17632,,0.0,5.1276657994245065,0.0,0.0,0.0,0.0,,,0.0,0.0,0.0,,0.0,0.0,,0.0,0.0,0.0,0.1223874659567306,0.0,0.0,0.0,0.0,0.0,,0.0,,,0.0,0.0,,,,,,,,,,0.0,0.0,0.0,0.0,0.0,0.0,,1986-12-31,,bmo,,2025-04-25,1986-12-31,,,
1986-09-30,ROL,USD,84839,1986-09-30,1986-09-30 00:00:00,1986,Q3,81800000.0,0.0,81800000.0,1.0,0,0.0,0.0,0.0,0.0,0.0,0.0,0.0,0.0,0.0,81800000.0,1.0,81800000.0,1.0,-81800000.0,0.0,0.0,0.0,0.0,0.0,0.007,0.007,595473904,595473904,,,0.1373695798430824,0.0,,,,,,,,371760313.00624,,0.0,4.54474710276577,0.0,0.0,0.0,0.0,,,0.0,0.0,0.0,,0.0,0.0,,0.0,0.0,0.0,0.128125450497349,0.0,0.0,0.0,0.0,0.0,,0.0,,,0.0,0.0,,,,,,,,,,0.0,0.0,0.0,0.0,0.0,0.0,,1986-09-30,,bmo,,2025-04-25,1986-09-30,,,
1986-06-30,ROL,USD,84839,1986-06-30,1986-06-30 00:00:00,1986,Q2,90700000.0,0.0,90700000.0,1.0,0,0.0,0.0,0.0,-271000000.0,-271000000.0,-271000000.0,0.0,0.0,0.0,-180300000.0,-1.9878721058,-180300000.0,-1.9878721058,180300000.0,0.0,0.0,0.0,0.0,0.0,0.0,0.0,595456844,595456844,,,0.1523200227084802,0.0,,,0.0099083586987875,0.0629768561363617,-0.0036946422266665,0.0629768561363617,0.0067175313212119,394984388.33052,393084388.33052,0.0,4.354844413787431,0.0,0.0,10.5329170221472,10.5329170221472,4.333896232971554,-2.180168543153189,0.0,0.0,0.0,,0.1066666666666666,0.0340425531914893,0.0105379922351636,1.4676470588235293,0.0,0.0,0.1205885456710837,0.0,0.0,0.0,0.3378723404255319,0.0,,0.0,,0.0,,0.0,-0.0796867152978764,15900000.0,-2200000.0,-30100000.0,81200000.0,,,,29.173098125689087,0.0,0.0,3.0850340136054424,0.0,0.0,0.0,,1986-06-30,,bmo,,2025-04-25,1986-06-30,,,
1986-03-31,ROL,USD,84839,1986-03-31,1986-03-31 00:00:00,1986,Q1,71600000.0,0.0,71600000.0,1.0,0,0.0,0.0,0.0,0.0,0.0,0.0,0.0,0.0,0.0,71600000.0,1.0,71600000.0,1.0,-71600000.0,0.0,0.0,0.0,0.0,0.0,0.0053,0.0053,595456844,595456844,,,0.1202438106496933,0.0,,,,,,,,342709231.99576,,0.0,4.78644178765028,0.0,0.0,0.0,0.0,,,0.0,0.0,0.0,,0.0,0.0,,0.0,0.0,0.0,0.1337005247246064,0.0,0.0,0.0,0.0,0.0,,0.0,,,0.0,0.0,,,,,,,,,,0.0,0.0,0.0,0.0,0.0,0.0,,1986-03-31,,bmo,,2025-04-25,1986-03-31,,,
1985-12-31,ROL,USD,84839,1985-12-31,1985-12-31 00:00:00,1985,Q4,70300000.0,0.0,70300000.0,1.0,0,0.0,0.0,0.0,0.0,0.0,0.0,0.0,0.0,0.0,70300000.0,1.0,70300000.0,1.0,-70300000.0,0.0,0.0,0.0,0.0,0.0,0.0064,0.0064,594586767,594586767,,,0.1182333746758275,0.0,,,,,,,,316106108.80788,,0.0,4.496530708504694,0.0,0.0,0.0,0.0,,,0.0,0.0,0.0,,0.0,0.0,,0.0,0.0,0.0,0.1447408020464976,0.0,0.0,0.0,0.0,0.0,,0.0,,,0.0,0.0,,,,,,,,,,0.0,0.0,0.0,0.0,0.0,0.0,,1985-12-31,,bmo,,2025-04-25,1985-12-31,,,
1985-09-30,ROL,USD,84839,1985-09-30,1985-09-30 00:00:00,1985,Q3,75700000.0,0.0,75700000.0,1.0,0,0.0,0.0,0.0,0.0,0.0,0.0,0.0,0.0,0.0,75700000.0,1.0,75700000.0,1.0,-75700000.0,0.0,0.0,0.0,0.0,0.0,0.0064,0.0064,594586767,594586767,,,0.1273153124176408,0.0,,,,,,,,266802974.08824,,0.0,3.524477861139234,0.0,0.0,0.0,0.0,,,0.0,0.0,0.0,,0.0,0.0,,0.0,0.0,0.0,0.1714877874844,0.0,0.0,0.0,0.0,0.0,,0.0,,,0.0,0.0,,,,,,,,,,0.0,0.0,0.0,0.0,0.0,0.0,,1985-09-30,,bmo,,2025-04-25,1985-09-30,,,
