date,symbol,reportedCurrency,cik,fillingDate,acceptedDate,calendarYear,period,revenue,costOfRevenue,grossProfit,grossProfitRatio,researchAndDevelopmentExpenses,generalAndAdministrativeExpenses,sellingAndMarketingExpenses,sellingGeneralAndAdministrativeExpenses,otherExpenses,operatingExpenses,costAndExpenses,interestIncome,interestExpense,depreciationAndAmortization,ebitda,ebitdaratio,operatingIncome,operatingIncomeRatio,totalOtherIncomeExpensesNet,incomeBeforeTax,incomeBeforeTaxRatio,incomeTaxExpense,netIncome,netIncomeRatio,eps,epsdiluted,weightedAverageShsOut,weightedAverageShsOutDil,link,finalLink,revenuePerShare,netIncomePerShare,operatingCashFlowPerShare,freeCashFlowPerShare,cashPerShare,bookValuePerShare,tangibleBookValuePerShare,shareholdersEquityPerShare,interestDebtPerShare,marketCap,enterpriseValue,peRatio,priceToSalesRatio,pocfratio,pfcfRatio,pbRatio,ptbRatio,evToSales,enterpriseValueOverEBITDA,evToOperatingCashFlow,evToFreeCashFlow,earningsYield,freeCashFlowYield,debtToEquity,debtToAssets,netDebtToEBITDA,currentRatio,interestCoverage,incomeQuality,dividendYield,payoutRatio,salesGeneralAndAdministrativeToRevenue,researchAndDdevelopementToRevenue,intangiblesToTotalAssets,capexToOperatingCashFlow,capexToRevenue,capexToDepreciation,stockBasedCompensationToRevenue,grahamNumber,roic,returnOnTangibleAssets,grahamNetNet,workingCapital,tangibleAssetValue,netCurrentAssetValue,investedCapital,averageReceivables,averagePayables,averageInventory,daysSalesOutstanding,daysPayablesOutstanding,daysOfInventoryOnHand,receivablesTurnover,payablesTurnover,inventoryTurnover,roe,capexPerShare,report_date,epsEstimated,time,revenueEstimated,updatedFromDate,fiscalDateEnding,surprise(%),QuarterAvgPrice,QuarterAvgVolume
2025-03-31,RSG,USD,1060391,2025-04-25,2025-04-24 20:05:56,2025,Q1,4009000000.0,2314000000.0,1695000000.0,0.4227987029,0,417000000.0,0.0,417000000.0,474000000.0,891000000.0,3205000000.0,2000000.0,140000000.0,462000000.0,1267000000.0,0.3160389124,804000000.0,0.2005487653,-139000000.0,665000000.0,0.1658767773,170000000.0,495000000.0,0.1234721876,1.58,1.58,313000000,313300000,https://www.sec.gov/Archives/edgar/data/1060391/000106039125000170/0001060391-25-000170-index.htm,https://www.sec.gov/Archives/edgar/data/1060391/000106039125000170/rsg-20250331.htm,12.808306709265176,1.5814696485623003,3.2747603833865813,1.808306709265176,0.2651757188498402,37.26837060702876,-17.738019169329075,37.26198083067093,43.6741214057508,75796080000.0,89243080000.0,38.28084848484848,18.90648041905712,73.94739512195122,133.91533568904595,6.498849352653691,6.498849352653691,22.26068346221003,70.4365272296764,87.06641951219513,157.67328621908126,0.0065306807423286,0.0074674046467838,1.1600788819343222,0.4087242848080234,10.613259668508288,0.6648524778000573,5.742857142857143,2.0707070707070705,0.0023879862916393,0.3656565656565657,0.1040159640808181,0.0,0.5201039180738906,0.4478048780487805,0.1144923921177351,0.9935064935064936,0.0032427039161885,36.41284888473941,0.0198898655792327,0.0311595115195769,-63.48961661341853,-1170000000.0,-5552000000.0,-19117000000.0,28231000000.0,1899000000.0,1249500000.0,0.0,44.38263906211025,44.883318928262746,0.0,2.0278199291856347,2.0051993067590987,0.0,0.0424419103146703,1.4664536741214058,2025-04-24,1.53,amc,4045295175.0,2025-05-11,2025-03-31,0.0326797385620915,224.22016666666664,1061606.8333333333
2024-12-31,RSG,USD,1060391,2025-02-14,2025-02-13 21:51:14,2024,Q4,4046000000.0,2317300000.0,1728700000.0,0.4272614928,0,439300000.0,0.0,439300000.0,486000000.0,925300000.0,3242600000.0,1600000.0,133200000.0,362800000.0,1135600000.0,0.2806722689,803000000.0,0.1984676223,-270300000.0,532700000.0,0.1316608997,20200000.0,512000000.0,0.1265447355,1.63,1.63,314400000,314400000,https://www.sec.gov/Archives/edgar/data/1060391/000106039125000091/0001060391-25-000091-index.htm,https://www.sec.gov/Archives/edgar/data/1060391/000106039125000091/rsg-20241231.htm,12.868956743002544,1.6284987277353689,3.2506361323155217,1.66793893129771,0.8969465648854962,36.28180661577608,-16.2881679389313,36.27544529262087,3.1653944020356235,63250992000.0,64038992000.0,30.884273437500003,15.632968858131488,61.88942465753425,120.61592677345536,5.545900219202104,5.545900219202104,15.82772911517548,56.392208524128215,62.660461839530335,122.11859649122808,0.0080947347039236,0.0082907790600343,0.0755808855765015,0.0266032960928337,0.6939063050369848,0.5828488372093024,6.028528528528528,1.9941463414634144,0.002880587232529,0.355859375,0.1085763717251606,0.0,0.5100919696315043,0.4868884540117417,0.1229856648541769,1.059399616776666,0.0027187345526445,36.45787461453298,0.0264653563043869,0.0322540002519843,-61.537054707379134,-1722000000.0,-5121000000.0,-18589000000.0,26683000000.0,1898900000.0,1285200000.0,48850000.0,40.50667325753831,52.237517800888966,0.0,2.221856123009335,1.7228996282527882,0.0,0.0448925909688733,1.5826972010178118,2025-02-13,1.4,amc,4073383592.0,2025-05-11,2024-12-31,0.1285714285714287,207.0721875,953319.046875
2024-09-30,RSG,USD,1060391,2024-10-30,2024-10-29 21:43:50,2024,Q3,4076200000.0,2815600000.0,1260600000.0,0.3092586232,0,406000000.0,0.0,406000000.0,0.0,406000000.0,3221600000.0,4300000.0,138200000.0,448700000.0,1231500000.0,0.3021196212,845900000.0,0.2075217114,-199400000.0,646500000.0,0.1586036014,80600000.0,565700000.0,0.1387812178,1.8,1.8,314000000,314371000,https://www.sec.gov/Archives/edgar/data/1060391/000106039124000324/0001060391-24-000324-index.htm,https://www.sec.gov/Archives/edgar/data/1060391/000106039124000324/rsg-20240930.htm,12.981528662420384,1.8015923566878984,3.1945859872611466,1.7949044585987262,0.2656050955414012,35.764968152866246,-16.26656050955414,35.76050955414013,41.21337579617835,63063760000.0,75783160000.0,27.86978964115255,15.471213385015457,62.8688665138072,111.8945351312988,5.616251068680536,5.616251068680536,18.59161964574849,61.53727974015428,75.54895822948859,134.46266855926189,0.0089702865798043,0.0089369869478128,1.1401752636078657,0.4024240747842159,10.328380024360536,0.6448990800494302,6.120839363241679,1.7732985190986248,0.0026639705593196,0.2969771963938483,0.0996025710220303,0.0,0.513541123146268,0.4381417605423188,0.1078210097639958,0.9794963227100512,0.0022570040724203,38.07337475704087,0.0257636837328379,0.0365526643965288,-60.41130573248408,-1293100000.0,-5107700000.0,-18235600000.0,26801000000.0,1959700000.0,1255450000.0,98800000.0,43.646533536136594,39.16962636738173,3.122957806506606,2.062019425333873,2.297698710625102,28.81883316274309,0.0503793815901966,1.3996815286624205,2024-10-29,1.61,amc,4119648390.0,2025-04-24,2024-09-30,0.124223602484472,201.22171875,1093159.40625
2024-06-30,RSG,USD,1060391,2024-07-25,2024-07-24 21:43:10,2024,Q2,4048000000.0,2822300000.0,1225700000.0,0.302791502,0,395100000.0,12500000.0,407600000.0,700000.0,407600000.0,3229900000.0,1600000.0,128300000.0,439700000.0,1257800000.0,0.3107213439,818100000.0,0.2020998024,-159800000.0,654000000.0,0.1615612648,142100000.0,511500000.0,0.1263586957,1.62,1.62,314910000,315236000,https://www.sec.gov/Archives/edgar/data/1060391/000106039124000273/0001060391-24-000273-index.htm,https://www.sec.gov/Archives/edgar/data/1060391/000106039124000273/rsg-20240630.htm,12.85446635546664,1.6242736019815185,3.49115620335969,2.210155282461656,2.1231462957670444,34.950620812295575,-16.90006668571973,34.94681019973961,42.32891937378934,60739840800.0,73450740800.0,29.687116715542523,15.00490138339921,55.2481724577042,87.26988620689656,5.519244786508073,5.519244786508073,18.14494584980237,58.39620034981714,66.80984245952338,105.5326735632184,0.008421161354114,0.0114587063586771,1.199580194637032,0.4133982169530377,10.10566067737319,0.5866640197635433,6.376461418550273,2.149213349598073,0.002774126467582,0.3294232649071358,0.0976037549407114,0.0,0.5113123588890872,0.3669274149536111,0.0996541501976284,0.91744371162156,0.0026185770750988,35.73753739165794,0.0221675321100333,0.0327762754873188,-59.548124861071415,-1873900000.0,-5322000000.0,-18268100000.0,26132100000.0,1930950000.0,1232350000.0,100650000.0,43.19021739130435,40.99316160578252,3.185699606703752,2.083805209513024,2.1954881369117074,28.25125125125125,0.0464784509000372,1.2810009208980344,2024-07-24,1.53,amc,4038278653.0,2025-04-24,2024-06-30,0.0522875816993464,188.69349206349207,1212343.7936507936
2024-03-31,RSG,USD,1060391,2024-05-01,2024-04-30 21:44:29,2024,Q1,3861700000.0,2283200000.0,1578500000.0,0.408757801,0,406700000.0,0.0,406700000.0,12600000.0,839800000.0,3123000000.0,1500000.0,139300000.0,425800000.0,1164500000.0,0.3015511303,732800000.0,0.1897609861,-133900000.0,598900000.0,0.1550871378,145200000.0,453800000.0,0.1175130124,1.44,1.44,315300000,315700000,https://www.sec.gov/Archives/edgar/data/1060391/000106039124000205/0001060391-24-000205-index.htm,https://www.sec.gov/Archives/edgar/data/1060391/000106039124000205/rsg-20240331.htm,12.247700602600698,1.4392641928322232,2.5737392959086582,0.9419600380589914,0.7450047573739296,34.318426895020615,-17.48905803996194,34.31588962892484,41.89692356485887,59853399000.00001,72832599000.0,32.9734459012781,15.499235828780073,73.7564990757856,201.526595959596,5.531839682803748,5.531839682803748,18.860242639252142,62.54409531987978,89.75058410351201,245.2276060606061,0.0075818584672192,0.0049621242061791,1.2080445109891125,0.4165102591637801,11.14572778016316,0.5255784923368547,5.260588657573583,1.7886268459334362,0.0028118703835015,0.3708682238871749,0.1053163114690421,0.0,0.5205231074161055,0.634011090573013,0.1332314783644509,1.2083137623297322,0.0029002770800424,33.33566711095068,0.0194507031684759,0.0301592365154052,-59.74000951474786,-2052300000.0,-5514300000.0,-18287500000.0,25822000000.0,1956300000.0,1295350000.0,99350000.0,44.73081803350856,46.48213034337772,3.997021723896286,2.0120356379930184,1.936227951153324,22.51676528599605,0.0419416255383648,1.631779257849667,2024-04-30,1.35,amc,3891227957.0,2025-04-24,2024-03-31,0.0740740740740739,177.42049180327868,1182691.6557377048
2023-12-31,RSG,USD,1060391,2024-02-29,2024-02-28 21:48:49,2023,Q4,3831600000.0,2690800000.0,1140800000.0,0.2977346278,0,407600000.0,14600000.0,422200000.0,-4500000.0,426700000.0,3117500000.0,1500000.0,139500000.0,426700000.0,1045100000.0,0.2727581167,714100000.0,0.1863712287,-218100000.0,482900000.0,0.1260309009,43200000.0,439600000.0,0.1147301388,1.4,1.39,315100000,315700000,https://www.sec.gov/Archives/edgar/data/1060391/000106039124000142/0001060391-24-000142-index.htm,https://www.sec.gov/Archives/edgar/data/1060391/000106039124000142/rsg-20231231.htm,12.159949222469058,1.3951126626467787,2.851475721993018,1.1126626467788003,0.9635036496350364,33.46080609330372,-18.3662329419232,33.45699777848302,41.91875595049191,51963141000.0,64892241000.0,29.55137681983621,13.561734262449107,57.833212020033386,148.21203936109526,4.929013687715204,4.929013687715204,16.93606874412778,62.09189646923739,72.22286143572622,185.08910724472327,0.0084598427181297,0.006747090211502,1.239682042817981,0.4160795412940423,12.371160654482823,0.563110469928813,5.118996415770609,2.0440616426202207,0.0032446075574992,0.3835304822565969,0.1063785363816682,0.0,0.5199187522484806,0.609794101279911,0.1429950934335525,1.284040309350832,0.0024010857083202,32.4070413372681,0.0230827955664982,0.0291523535419181,-60.35980641066328,-1847300000.0,-5787200000.0,-18485600000.0,26072400000.0,1911500000.0,1304850000.0,98650000.0,46.82038834951456,47.21086665675636,3.254422476586889,1.922239502332815,1.906340772228126,27.654676258992804,0.0416986805535793,1.7388130752142177,2024-02-27,1.29,amc,3732070000.0,2025-04-24,2023-12-31,0.0930232558139533,155.13952380952384,1200253.0952380951
2023-09-30,RSG,USD,1060391,2023-10-27,2023-10-26 21:45:38,2023,Q3,3825900000.0,2284300000.0,1541600000.0,0.4029378708,0,377000000.0,0.0,377000000.0,1300000.0,802800000.0,3087100000.0,2000000.0,127600000.0,406900000.0,1143300000.0,0.2988316475,727800000.0,0.1902297499,-121500000.0,606300000.0,0.1584725163,126000000.0,480200000.0,0.1255129512,1.52,1.52,316062000,316556000,https://www.sec.gov/Archives/edgar/data/1060391/000106039123000025/0001060391-23-000025-index.htm,https://www.sec.gov/Archives/edgar/data/1060391/000106039123000025/rsg-20230930.htm,12.104903468306851,1.5193221583107113,3.0155475824363576,1.8483715220431431,0.9833513677696148,32.69105428681714,-17.10265707361214,32.68757395700843,38.13397371401813,45041995620.0,56809595620.0,23.44960205122865,11.772915031757234,47.25841529745042,77.10030061622732,4.359760690329388,4.359760690329388,14.848688052484382,49.68914162512026,59.60507357045431,97.24340229373502,0.0106611617311817,0.0129701180411419,1.1542690658484411,0.396937036494601,10.292661593632468,0.5771726307510814,5.7037617554858935,1.9843847595252968,0.0034745352164305,0.3259058725531029,0.0985389058783554,0.0,0.52384930832013,0.3870527751547581,0.0964217569722157,0.8700471698113208,0.0026921770041036,33.42778031550732,0.0213863422593415,0.0335689169445434,-56.87910916212642,-1720400000.0,-5405500000.0,-17362000000.0,24718900000.0,1784850000.0,1148300000.0,98050000.0,43.041637261820746,47.20833515737863,3.9399378365363567,2.0909985243482536,1.9064429978300783,22.843,0.0464801138288501,1.167176060393214,2023-10-26,1.42,amc,3808170000.0,2025-04-24,2023-09-30,0.0845070422535212,148.49396825396826,1028023.2857142856
2023-06-30,RSG,USD,1060391,2023-08-01,2023-07-31 21:46:57,2023,Q2,3725900000.0,2224400000.0,1501500000.0,0.4029898816,0,373600000.0,0.0,373600000.0,-600000.0,768200000.0,2992600000.0,1600000.0,124400000.0,382800000.0,1116100000.0,0.2995517861,707200000.0,0.1898064897,-127000000.0,580200000.0,0.1557207655,152600000.0,427400000.0,0.1147105397,1.35,1.35,316849000,317309000,https://www.sec.gov/Archives/edgar/data/1060391/000106039123000019/0001060391-23-000019-index.htm,https://www.sec.gov/Archives/edgar/data/1060391/000106039123000019/rsg-20230630.htm,11.759229159631245,1.3489075237731538,3.403829584439276,2.344334367474728,1.0452928682116718,32.20682407077188,-17.612174884566464,32.203667993271246,38.62281402182112,48531761329.99999,60463361329.99999,28.38778739471221,13.025513655761022,44.9993150950394,65.33624303984921,4.756290495604535,4.756290495604535,16.227854029898815,54.17378490278648,56.06245834955956,81.39924788637586,0.0088066039287925,0.0153054408009057,1.1871379989611612,0.4061656490059785,10.690439924737928,0.7569530439439071,5.684887459807074,2.5228070175438595,0.0032267528667499,0.3664014974262986,0.1002710754448589,0.0,0.5292875033949965,0.3112656467315716,0.0900990364744088,0.9369243650572148,0.0026302369897206,31.263314381353847,0.019275692616016,0.0304454987106609,-56.60219852358694,-726200000.0,-5580400000.0,-17356900000.0,25620600000.0,1713200000.0,1041300000.0,97000000.0,42.030113529617005,44.44164718575796,3.88823952526524,2.14132183908046,2.025127458120904,23.146722164412072,0.0418867665650695,1.0594952169645475,2023-07-31,1.32,amc,3729250000.0,2025-04-24,2023-06-30,0.068181818181818,142.9940322580645,1122646.3548387096
2023-03-31,RSG,USD,1060391,2023-04-28,2023-04-27 19:11:41,2023,Q1,3581100000.0,2169500000.0,1411600000.0,0.394180559,0,363800000.0,0.0,363800000.0,390600000.0,754400000.0,2923900000.0,1400000.0,126700000.0,382800000.0,1040000000.0,0.2904135601,644100000.0,0.1798609366,-122000000.0,522100000.0,0.145793192,138200000.0,383900000.0,0.1072016978,1.21,1.21,316712000,317142000,https://www.sec.gov/Archives/edgar/data/1060391/000106039123000013/0001060391-23-000013-index.htm,https://www.sec.gov/Archives/edgar/data/1060391/000106039123000013/rsg-20230331.htm,11.30711813887696,1.212142261739372,2.1713733612872264,0.975965545984996,0.8364065744272399,31.31330672661598,-15.97792316047387,31.31078077243679,38.05223673242568,42825796640.0,54618496640.0,27.88864068767908,11.95883852447572,62.27395178129999,138.54997295373664,4.318640310593455,4.318640310593455,15.251876976348049,52.51778523076923,79.4219814453977,176.7017037851828,0.0089642232046988,0.0072176123797145,1.2025311349770584,0.4100524734022434,11.339134615384616,0.7399069091869409,5.083662194159432,1.7913519145610837,0.0036520044522398,0.4073977598332899,0.1015888972662031,0.0,0.5150267868809617,0.5505307546895448,0.1057217056211778,0.9890282131661442,0.0032392281701153,29.22234100824849,0.0178252640113317,0.0272198075682267,-55.52505115372957,-787900000.0,-5060400000.0,-16922700000.0,24848400000.0,1681800000.0,1103000000.0,97250000.0,42.382508167881376,40.828762387646925,4.0613044480295,2.123517552182163,2.2043283885389147,22.160367722165475,0.0387132556849694,1.1954078153022305,2023-04-27,1.13,amc,3720230000.0,2025-04-24,2023-03-31,0.0973451327433629,127.57322580645162,1572779.5322580645
2022-12-31,RSG,USD,1060391,2023-02-23,2023-02-22 20:23:31,2022,Q4,3529700000.0,2181300000.0,1348400000.0,0.3820154687,0,369700000.0,115200000.0,369700000.0,386200000.0,755900000.0,2937200000.0,1400000.0,112900000.0,372500000.0,848400000.0,0.2403603706,577200000.0,0.1635266453,-203800000.0,373400000.0,0.1057880273,26400000.0,346800000.0,0.0982519761,1.1,1.09,316500000,317100000,https://www.sec.gov/Archives/edgar/data/1060391/000106039123000008/0001060391-23-000008-index.htm,https://www.sec.gov/Archives/edgar/data/1060391/000106039123000008/rsg-20221231.htm,11.152290679304896,1.095734597156398,2.548499210110585,0.8764612954186414,0.8562401263823065,30.606003159557662,-16.15134281200632,30.60347551342812,37.5911532385466,40825335000.0,52466635000.0,29.430028114186857,11.566233674249936,50.61410240515745,147.1713590483057,4.21488075572992,4.21488075572992,14.864332662832537,61.84186115040075,65.04665881477808,189.1371124729632,0.0084947251504488,0.0067948003366047,1.2166735494528185,0.40565696759825,13.721475719000471,0.6956585898533187,5.112488928255093,2.324495677233429,0.0038309544796141,0.4509803921568627,0.1047397795846672,0.0,0.5094059048084569,0.656087279940491,0.1499277558999348,1.4206711409395971,0.0022664815706717,27.468144377607068,0.0204913186104657,0.0243330854183915,-56.19873617693523,-1031200000.0,-5111900000.0,-17007000000.0,24510700000.0,1687950000.0,1123050000.0,98850000.0,42.76510751621951,50.41122266538303,3.985696602943199,2.1045194371571667,1.7853167457849075,22.580745341614907,0.0358042535618418,1.672037914691943,2023-02-15,1.02,amc,3475895165.0,2025-04-24,2022-12-31,0.1078431372549018,133.4190476190476,1225357.4603174604
2022-09-30,RSG,USD,1060391,2022-10-28,2022-10-27 21:58:53,2022,Q3,3597800000.0,2192400000.0,1405400000.0,0.3906276058,0,342900000.0,0.0,342900000.0,387300000.0,730200000.0,2922600000.0,800000.0,105200000.0,376700000.0,1051300000.0,0.2922063483,664300000.0,0.1846406137,-156500000.0,507800000.0,0.1411418089,90900000.0,416900000.0,0.1158763689,1.32,1.32,316506000,317000000,https://www.sec.gov/Archives/edgar/data/1060391/000106039122000027/0001060391-22-000027-index.htm,https://www.sec.gov/Archives/edgar/data/1060391/000106039122000027/rsg-20220930.htm,11.367241063360568,1.3171946187434045,2.5904722185361413,1.713711588405907,0.6416939963223446,29.98521355045402,-16.123233050874234,29.98331785179428,37.09692707247256,43057476240.0,54612276240.0,25.82002652914368,11.96772367557952,52.51552169776802,79.38325265486726,4.537189669016533,4.537189669016533,15.179353004613931,51.94737585846095,66.60845986095865,100.68635,0.009682406782883,0.0125971154690231,1.2261667667730956,0.4097109256716312,10.990963568914678,0.6951766862633542,6.314638783269962,1.9666586711441592,0.0033745591402084,0.3485248260973854,0.0953082439268441,0.0,0.5138410619344389,0.3384559092572265,0.077130468619712,0.7366604725245554,0.00266829729279,29.80959511374267,0.0211796837668398,0.0301939539667135,-54.920996758355294,-964400000.0,-5103100000.0,-16711100000.0,24068800000.0,1676700000.0,1034449999.5,100650000.0,42.49346823058536,42.04844006568145,4.150246305418719,2.1179725672573144,2.140388558039637,21.68545994065282,0.0439309160265124,0.8767606301302345,2022-10-27,1.22,amc,3540563936.0,2025-04-24,2022-09-30,0.098360655737705,139.7121875,1005246.15625
2022-06-30,RSG,USD,1060391,2022-08-05,2022-08-04 21:19:41,2022,Q2,3413700000.0,2064400000.0,1349300000.0,0.3952602748,0,330100000.0,0.0,330100000.0,370500000.0,700600000.0,2765000000.0,700000.0,94000000.0,360000000.0,932400000.0,0.2731347219,589600000.0,0.1727158215,-111500000.0,478100000.0,0.1400533146,106300000.0,371900000.0,0.1089433752,1.18,1.17,316473000,317000000,https://www.sec.gov/Archives/edgar/data/1060391/000106039122000022/0001060391-22-000022-index.htm,https://www.sec.gov/Archives/edgar/data/1060391/000106039122000022/rsg-20220630.htm,10.786702183124628,1.175139743358833,2.7108157725935547,1.721157887086734,0.7612023774540008,29.12096766548805,-16.901915803243877,29.119071769155664,37.90939511427515,41416821510.0,53200721510.0,27.8413696625437,12.132531127515598,48.27698042895442,76.03602259959611,4.494305348655511,4.494305348655511,15.584474766382517,57.05783087730588,62.0127305163772,97.66976594455664,0.0089794432899735,0.0131516610918219,1.2916748052173537,0.4219098355716711,12.63824538824539,0.7294350166973352,6.272340425531915,2.3074233458848843,0.0035082363808366,0.3906964237698306,0.0966985968304186,0.0,0.5162532033218846,0.365077514861872,0.0917479567624571,0.8702417338149486,0.0025778480827254,27.747558754369603,0.0178769291231695,0.027249613493651,-55.18598743020732,-794000000.0,-5349000000.0,-16856300000.0,24166800000.0,1480400000.0,945599999.5,90350000.0,43.62509886633272,45.5405928647549,4.368339469095137,2.0630325738804616,1.9762588569560204,20.602794411177644,0.0403563600060767,0.9896578855068204,2022-08-04,1.18,amc,3296113258.0,2025-04-24,2022-06-30,0.1186440677966102,131.2883870967742,1309809.3064516129
2022-03-31,RSG,USD,1060391,2022-05-06,2022-05-05 20:21:29,2022,Q1,2968800000.0,1762300000.0,1206500000.0,0.4063931555,0,296400000.0,0.0,296400000.0,338700000.0,635100000.0,2397400000.0,500000.0,83500000.0,332100000.0,903500000.0,0.3043317165,560600000.0,0.1888305039,-88400000.0,472200000.0,0.1590541633,120300000.0,352000000.0,0.1185664241,1.11,1.11,316600000,317200000,https://www.sec.gov/Archives/edgar/data/1060391/000106039122000014/0001060391-22-000014-index.htm,https://www.sec.gov/Archives/edgar/data/1060391/000106039122000014/rsg-20220331.htm,9.377132027795325,1.1118130132659507,2.2286797220467465,1.173404927353127,0.4933670246367656,28.37871130764372,-12.969046114971572,28.37650031585597,30.641819330385346,41949500000.0,51528200000.0,29.793678977272727,14.130119913769873,59.45223922902495,112.91924629878868,4.669356634016029,4.669356634016029,17.3565750471571,57.031765356945215,73.02749433106575,138.70309555854644,0.0083910416095543,0.0088558862441745,1.0705365093499557,0.3865619511175598,10.601770890979523,0.7509853416589168,6.713772455089821,2.0051150895140664,0.0034779913944147,0.4144886363636363,0.0998383185125303,0.0,0.5261514222209718,0.4734977324263038,0.1125370520075451,1.0060222824450469,0.0041767717596335,26.643210246656945,0.0184310644139696,0.029857329465452,-46.49202463676564,-562300000.0,-4106000000.0,-14199600000.0,21719500000.0,1288750000.0,878300000.0,76350000.0,39.5947857720291,43.2355444589457,4.111104806219145,2.2730265676441315,2.081620600047248,21.891925465838508,0.0391807658058771,1.0552747946936196,2022-05-05,1.05,amc,2885115149.0,2025-04-24,2022-03-31,0.0857142857142855,127.17290322580644,1404413.8064516129
2021-12-31,RSG,USD,1060391,2022-02-11,2022-02-10 21:43:39,2021,Q4,2952900000.0,1809900000.0,1143000000.0,0.3870771106,0,314300000.0,0.0,314300000.0,-1100000.0,635300000.0,2445200000.0,600000.0,79700000.0,319800000.0,659500000.0,0.2233397677,501600000.0,0.1698669105,-224800000.0,276900000.0,0.0937722239,-36200000.0,313100000.0,0.106031359,0.99,0.98,317600000,318500000,https://www.sec.gov/Archives/edgar/data/1060391/000106039122000007/0001060391-22-000007-index.htm,https://www.sec.gov/Archives/edgar/data/1060391/000106039122000007/rsg-20211231.htm,9.297544080604537,0.985831234256927,2.0431360201511337,0.7455919395465995,0.5289672544080605,28.273614609571787,-12.92758186397985,28.27109571788413,30.33406801007557,44289320000.0,53814720000.0,35.36355796870009,14.998584442412543,68.25292032670673,187.03260135135136,4.932599761663456,4.932599761663456,18.224362491110437,81.59927217589083,82.93222376329173,227.2581081081081,0.0070694244120252,0.0053466614524675,1.0640947109334105,0.3828651572831096,14.443366186504928,0.7082298393773804,6.293601003764115,2.0725007984669435,0.0032987636748543,0.466624081763015,0.1064377391716617,0.0,0.52436385493889,0.6350747418708583,0.139557722916455,1.2886178861788615,0.0026753361102644,25.041703350022782,0.0251120496644326,0.0263785332153839,-46.65506926952141,-704800000.0,-4105800000.0,-14264500000.0,21612800000.0,1268200000.0,862500000.0,70200000.0,38.75038098140811,45.2511188463451,3.590253605171557,2.322557810287872,1.988901098901099,25.06786703601108,0.0348706411698537,1.297544080604534,2022-02-10,1.01,amc,2872028971.0,2025-04-24,2021-12-31,0.0099009900990099,132.9021875,938126.015625
2021-09-30,RSG,USD,1060391,2021-10-29,2021-10-28 20:48:04,2021,Q3,2933900000.0,1744000000.0,1189900000.0,0.4055693786,0,291800000.0,0.0,291800000.0,-900000.0,621100000.0,2365100000.0,600000.0,78100000.0,322100000.0,895000000.0,0.3050547053,564200000.0,0.1923037595,-93500000.0,470700000.0,0.160434916,119900000.0,350300000.0,0.1193973891,1.1,1.1,318600000,319400000,https://www.sec.gov/Archives/edgar/data/1060391/000106039121000044/0001060391-21-000044-index.htm,https://www.sec.gov/Archives/edgar/data/1060391/000106039121000044/rsg-20210930.htm,9.20872567482737,1.0994978028876334,2.0558694287507846,1.128060263653484,0.6142498430634024,27.868487131199,-12.823289391086002,27.85091023226617,29.32548650345261,38251116000.0,47476016000.0,27.298826719954324,13.037634547871434,58.39865038167939,106.43048414023372,4.31081063414964,4.31081063414964,16.181879409659498,53.0458279329609,72.48246717557252,132.09798553144128,0.0091579027393605,0.0093958042949648,1.044143666955924,0.3792639046375399,10.307150837988829,0.6725807834061884,7.224071702944943,1.8671607753705817,0.003539766003167,0.3865258349985726,0.0994580592385561,0.0,0.5306992946878493,0.4512977099236641,0.1007532635740822,0.9177274138466316,0.0035788540850063,26.248720515444948,0.0189914918873696,0.0305551921147891,-45.10812931575643,-764000000.0,-4085500000.0,-13980600000.0,21139300000.0,1214450000.0,771550000.0,66050000.0,38.80500357885408,42.05848623853211,3.519495412844037,2.319288537549407,2.139877300613497,25.571847507331377,0.0394779845153437,0.9278091650973008,2021-10-28,1.05,amc,2833160000.0,2025-04-24,2021-09-30,0.0571428571428571,119.640625,1043137.21875
2021-06-30,RSG,USD,1060391,2021-07-30,2021-07-29 21:17:26,2021,Q2,2812800000.0,1650700000.0,1162100000.0,0.4131470421,0,308600000.0,0.0,308600000.0,-300000.0,639500000.0,2290200000.0,600000.0,78400000.0,323700000.0,862600000.0,0.3066695108,517900000.0,0.1841225825,-90500000.0,427400000.0,0.1519482366,95400000.0,331100000.0,0.1177118885,1.04,1.03,319500000,320000000,https://www.sec.gov/Archives/edgar/data/1060391/000106039121000037/0001060391-21-000037-index.htm,https://www.sec.gov/Archives/edgar/data/1060391/000106039121000037/rsg-20210630.htm,8.8037558685446,1.0363067292644756,2.5721439749608765,1.7032863849765258,0.5790297339593115,27.49107981220657,-12.213458528951486,27.47511737089202,28.317683881064163,35148195000.0,44083295000.0,26.53895726366657,12.495803114334471,42.76976758335361,64.58690738699008,4.003986534978299,4.003986534978299,15.67238872298066,51.10514143287735,53.64236432221952,81.00568724733554,0.0094201138920505,0.0154830141348652,1.0217354157410887,0.3749294585341587,10.358335265476466,0.6397528944185242,6.605867346938775,2.475301204819277,0.0038579506003082,0.4095439444276653,0.1097127417519909,0.0,0.5302878927853324,0.3377950839620345,0.0986916951080773,0.8575841828853877,0.0092434584755403,25.310760615254143,0.0184721533084945,0.0294664708761625,-43.97128325508607,-833900000.0,-3902200000.0,-13657800000.0,20668000000.0,1129650000.0,703200000.0,62500000.0,37.2408276450512,39.69770400436178,3.483976494820379,2.4167024658475813,2.2671336354896305,25.832550860719877,0.0377180091817322,0.8688575899843506,2021-07-29,0.96,amc,2812800000.0,2025-04-24,2021-06-30,0.1354166666666668,107.4484126984127,1102369.761904762
2021-03-31,RSG,USD,1060391,2021-05-06,2021-05-05 20:09:04,2021,Q1,2596400000.0,1534300000.0,1062100000.0,0.4090663996,0,261100000.0,0.0,261100000.0,1800000.0,568000000.0,2102300000.0,800000.0,78400000.0,302600000.0,796700000.0,0.3068479433,492400000.0,0.1896472038,-92300000.0,400100000.0,0.1540979818,103700000.0,295900000.0,0.1139654907,0.93,0.93,319400000,319800000,https://www.sec.gov/Archives/edgar/data/1060391/000106039121000023/0001060391-21-000023-index.htm,https://www.sec.gov/Archives/edgar/data/1060391/000106039121000023/rsg-20210331.htm,8.128991859737006,0.9264245460237946,2.069505322479649,1.0331872260488415,0.4940513462742642,27.04539762053851,-11.241077019411396,27.028490920475893,27.680964308077645,31732390000.0,40472090000.0,26.810062521122,12.221687721460484,48.00664145234494,96.15875757575758,3.675750906416152,3.675750906416152,15.587771529810508,50.79966110204594,61.22857791225416,122.64269696969696,0.009324857030939,0.0103994688077387,1.0150586708985394,0.3768567816072181,10.969875737416844,0.671584139985108,6.280612244897959,2.2300944669365723,0.0042700849195412,0.4579249746535992,0.100562317054383,0.0,0.5259067803170399,0.5007564296520424,0.1274842089046372,1.093853271645737,0.0048528732090586,23.735980961211144,0.0171190196167021,0.0268416803490597,-42.59361302442079,-705700000.0,-3590400000.0,-13171200000.0,20202200000.0,1093350000.0,728650000.0,60100000.0,37.97026652287783,39.78817701883595,3.584044841295705,2.3702756983750226,2.261978475600767,25.111292962356792,0.0342758516836752,1.036318096430808,2021-05-05,0.86,amc,2613900000.0,2025-04-24,2021-03-31,0.0813953488372093,93.79475409836068,1345203.836065574
2020-12-31,RSG,USD,1060391,2021-02-23,2021-02-22 21:53:26,2020,Q4,2573300000.0,1547200000.0,1026100000.0,0.3987486885,0,251900000.0,0.0,251900000.0,400000.0,545700000.0,2092900000.0,1100000.0,78100000.0,288000000.0,567500000.0,0.2205339447,432700000.0,0.1681498465,-231400000.0,201300000.0,0.0782264019,-35000000.0,235500000.0,0.0915167295,0.74,0.74,319300000,319900000,https://www.sec.gov/Archives/edgar/data/1060391/000106039121000014/0001060391-21-000014-index.htm,https://www.sec.gov/Archives/edgar/data/1060391/000106039121000014/rsg-20201231.htm,8.059191982461634,0.7375508925775133,1.7619793297839024,0.8048856874412778,0.586595678045725,26.585656122768555,-11.68399624177889,26.570310053241467,28.225180081428125,30748590000.0,39644590000.0,32.6418152866242,11.949088718765788,54.654443654461424,119.64431906614786,3.6243461144049314,3.6243461144049314,15.406128317724322,69.85830837004406,70.46674369001066,154.25910505836575,0.0076588877733905,0.0083581068270122,1.0530770046794518,0.3812494665870103,15.675770925110132,0.6668711656441718,5.5403329065300895,2.3808717731697,0.0044034539469939,0.5749469214437367,0.0978898690397544,0.0,0.5214432021848596,0.5431923213650907,0.1187580150001943,1.0611111111111111,0.0032254303812225,20.998369166584443,0.0237867845405285,0.0209995987337821,-43.56365487002819,-760200000.0,-3730700000.0,-13423400000.0,20185500000.0,1094250000.0,712650000.0,58950000.0,38.16772237982357,45.3141158221303,3.43782316442606,2.358013378539357,1.986136071887035,26.179357021996616,0.0277584601421516,0.9570936423426244,2021-02-22,0.8,amc,2565820000.0,2025-04-24,2020-12-31,0.2499999999999999,95.14890625,1248447.953125
2020-09-30,RSG,USD,1060391,2020-11-06,2020-11-05 20:27:39,2020,Q3,2572100000.0,1535400000.0,1036700000.0,0.4030558687,0,250000000.0,0.0,250000000.0,1900000.0,547500000.0,2082900000.0,500000.0,88900000.0,291400000.0,780600000.0,0.3034874227,447900000.0,0.174137864,-129200000.0,318700000.0,0.1239065355,58500000.0,260000000.0,0.1010847168,0.81,0.81,319200000,319700000,https://www.sec.gov/Archives/edgar/data/1060391/000106039120000069/0001060391-20-000069-index.htm,https://www.sec.gov/Archives/edgar/data/1060391/000106039120000069/rsg-20200930.htm,8.05795739348371,0.8145363408521303,1.8029448621553883,1.068922305764411,1.7280701754385963,26.234649122807017,-10.856829573934837,26.222117794486216,27.781015037593985,29797320000.0,38169720000.0,28.651269230769227,11.584821740989852,51.77640312771503,87.33094958968347,3.5599718043989914,3.5599718043989914,14.839905135881189,48.89792467332821,66.32444830582102,111.86905041031652,0.0087256169346773,0.0114506942235073,1.0488285683564116,0.3798685423256498,10.725595695618754,0.8098867993427059,5.038245219347582,2.2117601844734818,0.0043359604152319,0.4969230769230769,0.0971968430465378,0.0,0.5123127983003103,0.4071242397914856,0.0910928813032152,0.8040494166094715,0.003732358772987,21.922010109672257,0.0172987066750731,0.0230690741315824,-41.7672305764411,-416500000.0,-3465500000.0,-12961700000.0,19950600000.0,1081850000.0,651850000.0,58650000.0,38.39197542863808,37.88393903868699,3.446658851113716,2.3442398833394096,2.375676930218165,26.112244897959183,0.0310629502634377,0.7340225563909775,2020-11-05,0.82,amc,2109039999.0,2025-04-24,2020-09-30,0.2195121951219513,89.450625,1061494.921875
2020-06-30,RSG,USD,1060391,2020-08-07,2020-08-06 21:04:19,2020,Q2,2454400000.0,1468100000.0,986300000.0,0.4018497392,0,249300000.0,0.0,249300000.0,2600000.0,550200000.0,2018300000.0,3300000.0,91600000.0,289900000.0,724400000.0,0.2951434159,395200000.0,0.1610169492,-95300000.0,300100000.0,0.1222702086,73800000.0,225500000.0,0.0918758149,0.71,0.71,319047000,319562000,https://www.sec.gov/Archives/edgar/data/1060391/000106039120000057/0001060391-20-000057-index.htm,https://www.sec.gov/Archives/edgar/data/1060391/000106039120000057/rsg-20200630.htm,7.692910448930721,0.7067924161643896,2.3946315119715904,1.4295699379715214,1.292286089510323,25.798393340166182,-11.187379915811777,25.78648286929512,27.424172614066265,26177806350.0,34566106350.0,29.021958259423503,10.665664256029986,34.264144437172774,57.3948834685376,3.1818996183345285,3.1818996183345285,14.08332233947197,47.716877898950855,45.24359469895288,75.78624501205876,0.0086141671683655,0.0174231558558381,1.0523756852353807,0.3792993170158983,11.579652125897294,0.7593049707177775,4.314410480349345,3.376049491825011,0.0049163783351159,0.5707317073170731,0.1015726857887874,0.0,0.5169563179315089,0.4030104712041885,0.1254481747066493,1.0620903759917213,0.0038705997392438,20.250383625016628,0.0142900461098014,0.0204514742293285,-41.855823750105785,-497300000.0,-3569300000.0,-13026600000.0,19802000000.0,1080900000.0,659000000.0,57800000.0,39.10731747066493,40.30106940944077,3.5862679653974525,2.301359587435537,2.233191359902647,25.095726495726492,0.027409415225292,0.965061574000069,2020-08-06,0.59,amc,1787772839.0,2025-04-24,2020-06-30,0.3728813559322035,80.63063492063492,1390759.9206349207
2020-03-31,RSG,USD,1060391,2020-05-06,2020-05-05 20:29:41,2020,Q1,2553900000.0,1550100000.0,1003800000.0,0.3930459298,0,268400000.0,0.0,268400000.0,-900000.0,562800000.0,2112900000.0,300000.0,96600000.0,289500000.0,716000000.0,0.2803555347,433000000.0,0.169544618,-110500000.0,322600000.0,0.1263166138,75800000.0,246300000.0,0.0964407377,0.77,0.77,319577000,320231000,https://www.sec.gov/Archives/edgar/data/1060391/000106039120000032/0001060391-20-000032-index.htm,https://www.sec.gov/Archives/edgar/data/1060391/000106039120000032/rsg-20200331.htm,7.991501265735645,0.7707062773603858,1.7820431382734052,0.696858660041242,0.9593931978834522,25.4092128031742,-11.50677301557997,25.39982539419295,28.3915926365164,23987449620.0,32682549620.0,24.34779701583435,9.392478021848936,42.120192484635645,107.71194261338124,2.9551384245799044,2.9551384245799044,12.797114068679274,45.646019022346366,57.38814683055312,146.75594800179613,0.0102678694026163,0.0092840215832832,1.1058862662001676,0.3918433447262854,12.14399441340782,0.885539735433707,4.4824016563147,2.3075364667747165,0.0053861499261796,0.5245635403978888,0.1050941697012412,0.0,0.5149745295496511,0.608955223880597,0.1357923176318571,1.1979274611398965,0.0038764242922588,20.98703432339001,0.0157832183196256,0.0221664236729845,-42.65662109601129,-226700000.0,-3677300000.0,-13034800000.0,20012800000.0,1110600000.0,719250000.0,56950000.0,38.59861388464701,38.354944842268246,3.315269982581769,2.3316899479594637,2.346503178928247,27.147110332749563,0.0303429754102399,1.0851844782321631,2020-05-05,0.76,amc,2520732467.0,2025-04-24,2020-03-31,0.0131578947368421,90.39709677419354,1544231.677419355
2019-12-31,RSG,USD,1060391,2020-02-14,2020-02-13 22:00:11,2019,Q4,2576700000.0,1544000000.0,1032700000.0,0.4007839485,0,263500000.0,0.0,263500000.0,4900000.0,551900000.0,2095900000.0,1000000.0,95100000.0,277900000.0,657900000.0,0.2553265805,459200000.0,0.1782124423,-174300000.0,285000000.0,0.1106065898,-5000000.0,289300000.0,0.112275391,0.91,0.9,319600000,320500000,https://www.sec.gov/Archives/edgar/data/1060391/000106039120000016/0001060391-20-000016-index.htm,https://www.sec.gov/Archives/edgar/data/1060391/000106039120000016/rsg-20191231.htm,8.06226533166458,0.9051939924906132,1.7684605757196497,0.8335419274092616,0.7086983729662077,25.409574468085108,-11.409261576971216,25.40112640801001,27.48310387984981,28645748000.0,37287148000.0,24.754362253715865,11.117222804362168,50.68249823071479,107.52908408408408,3.528583676184376,3.528583676184376,14.470892226491248,56.67601155190759,65.97159943382873,139.96677177177176,0.0100992300846883,0.0092998095214689,1.0702495627109458,0.3830266533825902,13.134822921416628,0.5284111473036555,4.828601472134595,1.9489655172413791,0.0045137589006228,0.4469408918078119,0.1022625839251756,0.0,0.5187534716405541,0.5286624203821656,0.1159622773314704,1.0752069089600576,0.0039973609655761,22.74513812022407,0.0226538546366886,0.0265011679567627,-42.12632978723404,-1433300000.0,-3646400000.0,-12956900000.0,18717500000.0,1144400000.0,737550000.0,56050000.0,39.32588194201886,45.343911917098445,3.310880829015544,2.2885691446842524,1.9848309551356216,27.183098591549296,0.0356359784188613,0.934918648310388,2020-02-13,0.89,amc,2520069230.0,2025-04-24,2019-12-31,0.0224719101123595,87.4909375,958140.0625
2019-09-30,RSG,USD,1060391,2019-10-31,2019-10-30 21:51:56,2019,Q3,2646900000.0,1631400000.0,1015500000.0,0.3836563527,0,267900000.0,0.0,267900000.0,1700000.0,563200000.0,2194600000.0,2000000.0,98000000.0,287800000.0,740100000.0,0.2796101099,467800000.0,0.1767350485,-98300000.0,369500000.0,0.1395972647,71500000.0,298300000.0,0.112697873,0.93,0.93,320600000,321700000,https://www.sec.gov/Archives/edgar/data/1060391/000106039119000042/0001060391-19-000042-index.htm,https://www.sec.gov/Archives/edgar/data/1060391/000106039119000042/rsg-20190930.htm,8.256082345601996,0.930442919525889,2.0315034310667497,1.034622582657517,0.5517779164067373,24.88615096693699,-11.84061135371179,24.87991266375546,27.188396756082344,27747930000.0,36310930000.0,23.255053637277907,10.483180324152782,42.60391524643022,83.65369309617124,3.478709960508995,3.478709960508995,13.71828554157694,49.06219429806783,55.751466298172886,109.46918902622852,0.010750351467659,0.0119540448602832,1.0804989657117785,0.385980626178395,11.570058100256722,0.4917261626743177,4.773469387755102,2.185570469798657,0.004331854664474,0.402950050284948,0.1012127394310325,0.0,0.5273208503701448,0.4907108859204667,0.1207450224791265,1.1104933981931897,0.0034379840568211,22.82236004381032,0.018602466554498,0.0282628262826282,-41.40322832189644,-1523500000.0,-3796100000.0,-12876700000.0,18508700000.0,1154950000.0,708400000.0,55750000.0,39.540972458347504,38.462670099301214,3.050753953659433,2.2761200447157965,2.3399311531841653,29.50090415913201,0.0373973547295179,0.9968808484092326,2019-10-30,0.85,amc,2472379120.0,2025-04-24,2019-09-30,0.0705882352941177,87.86640625,1030560.359375
2019-06-30,RSG,USD,1060391,2019-07-26,2019-07-25 21:50:29,2019,Q2,2605300000.0,1617000000.0,988300000.0,0.3793421103,0,256100000.0,0.0,256100000.0,-200000.0,549200000.0,2166200000.0,1400000.0,98500000.0,284700000.0,725700000.0,0.2785475761,437400000.0,0.1678885349,-108800000.0,328600000.0,0.1261275093,77700000.0,251500000.0,0.0965339884,0.78,0.78,321700000,322800000,https://www.sec.gov/Archives/edgar/data/1060391/000106039119000033/0001060391-19-000033-index.htm,https://www.sec.gov/Archives/edgar/data/1060391/000106039119000033/rsg-20190630.htm,8.0985390115014,0.7817842710599938,1.808828100714952,0.9092322039166926,0.5958967982592478,24.72862915760025,-11.402859807273858,24.721479639415605,26.55797326701896,27865654000.0,36238354000.0,27.699457256461237,10.695756342839596,47.88735865268947,95.26719316239316,3.50383558198896,3.50383558198896,13.909474532683376,49.93572275044784,62.275913387179926,123.89180854700857,0.0090254475993996,0.0104967929336953,1.061901947717185,0.3839285714285714,11.537412153782554,0.4127975357042845,4.440609137055837,2.31925069748904,0.0043314971182804,0.4799204771371769,0.0982996200053736,0.0,0.5284177698574338,0.4973363120811136,0.1110812574367635,1.0165086055497017,0.0034544966030783,20.8531637560602,0.0166801551434329,0.0242449365197188,-40.29079888094498,-2096900000.0,-3668300000.0,-12567500000.0,17620200000.0,1110350000.0,674600000.0,55800000.0,39.62307603730856,40.05194805194805,3.1280148423005563,2.2714036617262425,2.247081712062257,28.772241992882563,0.0316236844421531,0.8995958967982592,2019-07-25,0.77,amc,2539343037.0,2025-04-24,2019-06-30,0.0259740259740259,83.25301587301587,1133735.873015873
2019-03-31,RSG,USD,1060391,2019-04-26,2019-04-25 21:45:26,2019,Q1,2470600000.0,1506100000.0,964500000.0,0.3903909981,0,258900000.0,0.0,258900000.0,100000.0,538400000.0,2044500000.0,1900000.0,100400000.0,272000000.0,698100000.0,0.2825629402,422800000.0,0.1711325184,-110000000.0,312800000.0,0.1266089209,77900000.0,234200000.0,0.0947947867,0.73,0.72,322300000,323500000,https://www.sec.gov/Archives/edgar/data/1060391/000106039119000019/0001060391-19-000019-index.htm,https://www.sec.gov/Archives/edgar/data/1060391/000106039119000019/rsg-20190331.htm,7.665529010238908,0.7266521874030406,1.7179646292274278,0.78932671424139,0.5681042506981073,24.58144585789637,-11.244492708656532,24.571827489916227,26.36518771331058,25780777000.0,34109877000.0,27.520043766011955,10.435026714158504,46.56091204623442,101.3395322327044,3.255354125891786,3.255354125891786,13.80631304136647,48.86101847872798,61.60353440491241,134.07970518867924,0.0090842878785228,0.009867817405193,1.060306837552876,0.3855063814158479,11.931098696461826,0.4165633380431962,4.211155378486056,2.357173265219242,0.0046934194419353,0.5166524338172502,0.1047923581316279,0.0,0.5301028372050317,0.5405454217085064,0.1211446612158989,1.1003676470588235,0.0044928357484011,20.04348708099093,0.0159203294684571,0.0228815960450597,-39.848976109215016,-2023300000.0,-3624100000.0,-12414800000.0,17513100000.0,1088200000.0,695550000.0,54250000.0,39.11317088966243,37.62299980081004,3.3105371489276942,2.301015181149297,2.39215374841169,27.185920577617328,0.029572574026138,0.928637914986038,2019-04-25,0.72,amc,2436756164.0,2025-04-24,2019-03-31,0.0138888888888889,77.05344262295083,1272902.9836065574
2018-12-31,RSG,USD,1060391,2019-02-08,2019-02-07 21:08:41,2018,Q4,2530000000.0,1525700000.0,1004300000.0,0.3969565217,0,284500000.0,0.0,284500000.0,-100000.0,556900000.0,2082600000.0,600000.0,96400000.0,272400000.0,679900000.0,0.2687351779,483300000.0,0.191027668,-125800000.0,357400000.0,0.1412648221,56300000.0,301000000.0,0.118972332,0.93,0.92,324100000,325500000,https://www.sec.gov/Archives/edgar/data/1060391/000106039119000008/0001060391-19-000008-index.htm,https://www.sec.gov/Archives/edgar/data/1060391/000106039119000008/rsg-2018x1231x10xk.htm,7.806232644245603,0.9287257019438444,1.530083307621105,0.7547053378586855,0.5510644862696699,24.46621413144091,-11.03702560937982,24.45880900956495,26.022523912372723,23364369000.0,31631369000.0,19.405622093023258,9.234928458498024,47.11508166969147,95.520723630417,2.947404347113068,2.947404347113068,12.502517391304348,46.52356081776732,63.78578140754184,129.31876124284543,0.0128828645019259,0.0104689324158508,1.051771770256462,0.3856918166258037,12.159141050154435,0.5754432428455822,5.013485477178423,1.6469611424775823,0.0052130661007793,0.4046511627906977,0.1124505928853755,0.0,0.5322940278484526,0.5067553942327082,0.0993280632411067,0.9225403817914832,0.003794466403162,22.60750545145725,0.0207854063468715,0.0297713245766735,-39.04759333539031,-1154200000.0,-3577100000.0,-12123100000.0,18372500000.0,1129350000.0,711400000.0,54250000.0,39.226482213438736,44.92036442288785,3.1323326997443792,2.294368368549923,2.003545633617859,28.732580037664786,0.0379710108362452,0.775377969762419,2019-02-07,0.78,amc,2466750000.0,2025-04-24,2018-12-31,0.0256410256410256,73.22349206349206,1674094.3015873015
2018-09-30,RSG,USD,1060391,2018-10-26,2018-10-25 20:19:04,2018,Q3,2565700000.0,1577400000.0,988300000.0,0.3851970223,0,250100000.0,0.0,250100000.0,1100000.0,543400000.0,2120800000.0,500000.0,96000000.0,282500000.0,719100000.0,0.2802743891,440300000.0,0.1716100869,-100000000.0,340300000.0,0.1326343688,77400000.0,263400000.0,0.1026620415,0.81,0.81,325500000,326900000,https://www.sec.gov/Archives/edgar/data/1060391/000106039118000033/0001060391-18-000033-index.htm,https://www.sec.gov/Archives/edgar/data/1060391/000106039118000033/rsg930201810-q.htm,7.882334869431643,0.8092165898617512,1.7078341013824885,0.8525345622119815,0.5560675883256528,24.34347158218126,-10.950230414746544,24.336712749615977,25.632872503840247,23598750000.0,31764350000.0,22.39820615034169,9.197782281638538,42.451430113329735,85.04054054054055,2.979038325590789,2.979038325590789,12.380383521066376,44.17236823807537,57.140402950170895,114.46612612612611,0.0111616081360241,0.0117590974098204,1.0411406786507775,0.3853593806215278,11.35530524266444,0.5577318431577767,4.586458333333334,2.1144922023583117,0.0047587266274696,0.4263477600607441,0.0974782710371438,0.0,0.5367744286775596,0.500809498111171,0.1085083992672565,0.9854867256637168,0.0037026932221226,21.050121454352897,0.0175178890756362,0.0265684890054468,-38.10322580645161,-1183200000.0,-3564300000.0,-11986200000.0,18218800000.0,1134100000.0,645550000.0,54100000.0,40.550337139961805,37.73107645492583,3.1608976797261312,2.219463667820069,2.385301678512022,28.47292418772563,0.0332508584124419,0.8552995391705069,2018-10-25,0.81,amc,2534410975.0,2025-04-24,2018-09-30,0.0123456790123455,72.37222222222222,1324554.492063492
2018-06-30,RSG,USD,1060391,2018-07-27,2018-07-26 21:35:39,2018,Q2,2517800000.0,1577200000.0,940600000.0,0.3735801096,0,246100000.0,0.0,246100000.0,1100000.0,528600000.0,2105800000.0,200000.0,96500000.0,275700000.0,684500000.0,0.271864326,408200000.0,0.1621256653,-95600000.0,312600000.0,0.1241560092,76900000.0,234900000.0,0.0932957344,0.72,0.71,327400000,328800000,https://www.sec.gov/Archives/edgar/data/1060391/000106039118000023/0001060391-18-000023-index.htm,https://www.sec.gov/Archives/edgar/data/1060391/000106039118000023/rsg630201810-q.htm,7.690287110568112,0.7174709835064141,1.8619425778863776,1.0103848503359805,0.5421502748930971,23.973121563836287,-11.032070861331704,23.964874770922417,25.51679902260232,22381064000.0,30577464000.0,23.81977862920392,8.88913495909127,36.714343832020994,67.65738814993954,2.85250812505576,2.85250812505576,12.144516641512432,44.671240321402486,50.15988188976378,92.43489721886336,0.0104954795714806,0.0147803518188411,1.0524591835434165,0.3894461815626518,11.974287801314828,0.6883136466448857,4.230051813471502,2.5863385659736955,0.0050623151785813,0.4823329076202639,0.0977440622765906,0.0,0.5405047232322661,0.4573490813648294,0.1107315910715704,1.0112441059122237,0.0034951147827468,19.668942551870693,0.015983624808302,0.0241096171610386,-37.62018937080025,-620100000.0,-3611900000.0,-11985500000.0,18704100000.0,1082200000.0,601100000.0,52550000.0,39.75613630947653,35.938371798123256,3.012934313974132,2.263801474554936,2.504287075261988,29.87121212121212,0.0299384407540051,0.851557727550397,2018-07-26,0.75,amc,2586780821.0,2025-04-24,2018-06-30,-0.0266666666666666,67.36765625,1495551.5625
2018-03-31,RSG,USD,1060391,2018-05-03,2018-05-02 21:31:01,2018,Q1,2427500000.0,1469800000.0,957700000.0,0.3945211123,0,254400000.0,0.0,254400000.0,1000000.0,544700000.0,2014500000.0,200000.0,94800000.0,283500000.0,696500000.0,0.2869207003,404200000.0,0.1665087539,-93600000.0,310600000.0,0.1279505664,72700000.0,237700000.0,0.0979196704,0.72,0.72,330700000,332200000,https://www.sec.gov/Archives/edgar/data/1060391/000106039118000012/0001060391-18-000012-index.htm,https://www.sec.gov/Archives/edgar/data/1060391/000106039118000012/rsg331201810-q.htm,7.340489869972785,0.7187783489567584,1.7580889023283943,0.961899002116722,0.5409736921681282,23.93196250377986,-10.69277290595706,23.924402781977623,25.102812216510436,21902261000.0,30046361000.0,23.03561316785865,9.02255859938208,37.67158754729962,68.85338258409305,2.7683031674208145,2.7683031674208145,12.377491658084448,43.13906819813352,51.679327485380114,94.4557088965734,0.0108527608177073,0.0145236147080888,1.0372734396723882,0.3887828241435995,11.692893036611627,0.5288649324271542,4.263713080168777,2.4438839848675915,0.0052232050380552,0.4812789230122002,0.104799176107106,0.0,0.5424493218436001,0.4528723770209838,0.1084654994850669,0.928747795414462,0.004572605561277,19.670223980845844,0.0160780916359719,0.024610956379487,-36.89204717266404,-1206200000.0,-3536100000.0,-11840400000.0,18027300000.0,1079050000.0,585250000.0,51750000.0,39.01050463439753,35.04966662130902,3.202476527418696,2.307070899068618,2.5677847658979736,28.10325047801147,0.0300437321469197,0.7961899002116722,2018-05-02,0.68,amc,2230675675.0,2025-04-24,2018-03-31,0.0882352941176469,67.03475409836065,1820029.3442622952
2017-12-31,RSG,USD,1060391,2018-02-09,2018-02-08 21:50:43,2017,Q4,2560000000.0,1593000000.0,967000000.0,0.377734375,0,266400000.0,0.0,266400000.0,1800000.0,561400000.0,2154400000.0,0.0,92900000.0,287200000.0,692800000.0,0.270625,406800000.0,0.15890625,-111100000.0,295700000.0,0.1155078125,-368800000.0,664400000.0,0.25953125,1.99,1.98,333700000,335600000,https://www.sec.gov/Archives/edgar/data/1060391/000106039118000005/0001060391-18-000005-index.htm,https://www.sec.gov/Archives/edgar/data/1060391/000106039118000005/rsg-2017x1231x10xk.htm,7.671561282589152,1.991009889121966,1.5858555588852263,0.924183398261912,0.6724602936769554,23.857057237039257,-10.474677854360204,23.85016481869943,24.813605034462093,22561457000.0,30665557000.0,8.48941037025888,8.813069140625,42.63313869992441,73.15647535667964,2.834781248429412,2.834781248429412,11.978733203125,44.26321737875288,57.94700869236584,99.43436121919584,0.0294484527306902,0.0136693299550645,1.0287229230537267,0.3871660282782427,11.697603926096996,0.5453165325641415,4.378902045209904,0.7963882618510159,0.0051282149020783,0.1741420830824804,0.1040625,0.0,0.5417553317255402,0.4172335600907029,0.08625,0.7688022284122563,0.0028515625,32.686894395956855,0.0475659393683902,0.0685619937051751,-36.27951753071621,-1198000000.0,-3495400000.0,-11749100000.0,18035900000.0,1116400000.0,598700000.0,49500000.0,38.879296875,33.7909604519774,2.8926553672316384,2.314856677818971,2.663434208326367,31.11328125,0.0834799215962205,0.6616721606233144,2018-02-08,0.57,amc,2392131147.0,2025-04-24,2017-12-31,0.0701754385964913,64.46936507936508,1330548.9365079366
2017-09-30,RSG,USD,1060391,2017-11-03,2017-11-02 21:07:30,2017,Q3,2562000000.0,1580100000.0,981900000.0,0.3832552693,0,258700000.0,0.0,258700000.0,500000.0,547500000.0,2127600000.0,300000.0,90000000.0,280800000.0,715200000.0,0.2791569087,448100000.0,0.17490242,-91400000.0,356700000.0,0.1392271663,133400000.0,223200000.0,0.0871194379,0.66,0.66,336500000,338500000,https://www.sec.gov/Archives/edgar/data/1060391/000106039117000047/0001060391-17-000047-index.htm,https://www.sec.gov/Archives/edgar/data/1060391/000106039117000047/rsg930201710-q.htm,7.613670133729569,0.663298662704309,1.4939078751857355,0.687072808320951,0.4763744427934621,22.80594353640416,-11.029717682020802,22.799405646359585,23.618722139673107,22229190000.0,30022990000.0,24.89828629032258,8.676498829039813,44.21959419136663,96.14701557093426,2.897443952033368,2.897443952033368,11.718575331772051,41.97845357941834,59.723473244479806,129.857223183391,0.0100408516909523,0.0104007388483341,1.0242049009384775,0.375094278376598,10.897371364653244,0.5389542735867259,4.978888888888889,2.251231527093596,0.0048494794457197,0.4829749103942652,0.100975800156128,0.0,0.5435064873070277,0.5400835488362841,0.1059718969555035,0.966880341880342,0.0037470725995316,18.44622844114417,0.0147154608021309,0.0233402001484905,-36.389375928677566,-1194800000.0,-3711500000.0,-11877700000.0,17941000000.0,1100650000.0,597900000.0,46600000.0,39.586651053864166,34.13518131763812,2.722612492880198,2.273493655160174,2.636576005339563,33.05648535564853,0.0290928050052137,0.8068350668647846,2017-11-02,0.63,amc,2409044776.0,2025-04-24,2017-09-30,0.0634920634920635,65.00063492063492,834428.126984127
2017-06-30,RSG,USD,1060391,2017-07-28,2017-07-27 17:57:04,2017,Q2,2526700000.0,1557400000.0,969300000.0,0.3836229073,0,253500000.0,0.0,253500000.0,200000.0,541100000.0,2098500000.0,300000.0,89500000.0,278200000.0,706400000.0,0.2795741481,425500000.0,0.1684014723,-92100000.0,333400000.0,0.1319507658,130000000.0,202900000.0,0.0803023707,0.6,0.6,338100000,340000000,https://www.sec.gov/Archives/edgar/data/1060391/000106039117000034/0001060391-17-000034-index.htm,https://www.sec.gov/Archives/edgar/data/1060391/000106039117000034/rsg630201710-q.htm,7.4732327713694175,0.6001183081928424,1.285122744750074,0.4758947057083703,0.3824312333629104,22.671103223898253,-10.945282460810413,22.664596273291924,23.27891156462585,21547113000.0,29292213000.0,26.548931739773284,8.527768631020699,49.59059378596087,133.91617775015538,2.811874486160592,2.811874486160592,11.593071199588396,41.46689269535674,67.41591024165707,182.0522871348664,0.0094165747401983,0.0074673576919562,1.0154249696590063,0.3747922797924965,10.964184597961497,0.5083759339362958,4.754189944134078,2.136184857423796,0.0050308363816535,0.5342533267619517,0.1003284917085526,0.0,0.5474517246196011,0.6296892980437284,0.1082835318795266,0.9834651329978432,0.0032057624569596,17.493781219523107,0.0137177679796827,0.0215956744790003,-35.90121265897663,-1250200000.0,-3700600000.0,-11803200000.0,17805600000.0,1045900000.0,558649999.5,45200000.0,38.26967981952745,34.47091306022859,2.623603441633492,2.3517311988086376,2.610896898575021,34.30396475770925,0.0264782262589881,0.8092280390417036,2017-07-27,0.6,amc,2485278688.0,2025-04-24,2017-06-30,0.0166666666666666,63.310634920634925,1176548.1587301588
2017-03-31,RSG,USD,1060391,2017-04-28,2017-04-27 18:05:32,2017,Q1,2392800000.0,1484100000.0,908700000.0,0.3797642929,0,248100000.0,0.0,248100000.0,100000.0,523400000.0,2007500000.0,300000.0,89400000.0,269900000.0,655200000.0,0.2738214644,388100000.0,0.1621949181,-91900000.0,296200000.0,0.1237880308,108400000.0,187800000.0,0.0784854564,0.55,0.55,339900000,341900000,https://www.sec.gov/Archives/edgar/data/1060391/000106039117000021/0001060391-17-000021-index.htm,https://www.sec.gov/Archives/edgar/data/1060391/000106039117000021/rsg331201710-q.htm,7.0397175639894085,0.5525154457193292,1.3071491615180937,0.6484260076493086,0.3648131803471609,22.611650485436893,-10.802000588408356,22.60458958517211,22.82877316857899,21349119000.0,28986019000.0,28.42001996805112,8.92223294884654,48.05113436866982,96.86533121597095,2.7786392565694427,2.7786392565694427,12.113849465061852,44.23995573870574,65.2397456673419,131.51551270417423,0.0087966159165631,0.0103236110117705,0.9982819882081918,0.3724108798881325,11.655830280830282,0.6945757371145622,4.341163310961969,2.365814696485623,0.0050868609613352,0.5782747603833865,0.1036860581745235,0.0,0.5514376717583197,0.5039387801035337,0.093572383818121,0.8295665061133753,0.0040120361083249,16.76338748654228,0.0130714511932497,0.0203279753206689,-35.30611944689615,-542800000.0,-3671600000.0,-11675700000.0,18407300000.0,1006100000.0,537299999.5,44500000.0,38.26730190571715,31.582777380230443,2.72892662219527,2.3518773343817574,2.849654383351871,32.98,0.0244426223107258,0.6587231538687849,2017-04-27,0.53,amc,2305789090.0,2025-04-24,2017-03-31,0.0377358490566038,59.83016129032258,1283891.258064516
2016-12-31,RSG,USD,1060391,2017-02-17,2017-02-16 19:15:45,2016,Q4,2379100000.0,1465300000.0,913800000.0,0.3840948258,0,246700000.0,0.0,246700000.0,-1100000.0,514800000.0,1980100000.0,0.0,90100000.0,265200000.0,664200000.0,0.279181203,392000000.0,0.1647681897,-97200000.0,294700000.0,0.1238703711,105100000.0,189500000.0,0.0796519692,0.56,0.55,340200000,341600000,https://www.sec.gov/Archives/edgar/data/1060391/000106039117000012/0001060391-17-000012-index.htm,https://www.sec.gov/Archives/edgar/data/1060391/000106039117000012/rsg-2016x1231x10xk.htm,6.993239271017049,0.5570252792475014,1.4350382128159906,0.8791887125220459,0.4653145208700764,22.61522633744856,-10.734273956496178,22.60817166372722,22.77777777777778,19408410000.0,26999510000.0,25.60476253298153,8.157879029885251,39.75503891847603,64.88936810431294,2.523423868526777,2.523423868526777,11.348623429027784,40.649668774465525,55.30419909873003,90.26917418923436,0.0097638085757668,0.0154108450924109,0.9957874481557084,0.3712578043200062,11.42893706714845,0.7088852097130243,4.350721420643729,2.5748945147679323,0.0056161220831587,0.575197889182058,0.1036946744567273,0.0,0.5499621902509017,0.3873412535845965,0.0794838384262956,0.7130467571644042,0.0023117985792946,16.832996480749344,0.0133981918750394,0.0204112407233872,-35.30129335684891,-527500000.0,-3651800000.0,-11651400000.0,18406600000.0,1052300000.0,548300000.0,43850000.0,37.63271825480224,34.01487749948816,2.702518255647308,2.391535987133092,2.645901047309498,33.30227272727273,0.0246382276078166,0.5558495002939448,2017-02-16,0.55,amc,2295719298.0,2025-04-24,2016-12-31,0.0363636363636361,53.61730158730158,1320850.6825396826
2016-09-30,RSG,USD,1060391,2016-10-28,2016-10-27 18:31:38,2016,Q3,2409300000.0,1476700000.0,932600000.0,0.3870833852,0,229400000.0,0.0,229400000.0,1300000.0,524300000.0,2001000000.0,200000.0,79500000.0,272100000.0,697200000.0,0.2893786577,417900000.0,0.1734528701,-291000000.0,126900000.0,0.0526709003,41200000.0,85600000.0,0.0355289918,0.25,0.25,342600000,344000000,https://www.sec.gov/Archives/edgar/data/1060391/000106039116000114/0001060391-16-000114-index.htm,https://www.sec.gov/Archives/edgar/data/1060391/000106039116000114/rsg930201610-q.htm,7.032399299474606,0.2498540572095738,1.5040863981319323,0.8423817863397548,0.4103911266783421,22.304436660828955,-10.866900175131349,22.297723292469357,22.83946293053123,17284170000.0,24974470000.0,50.47946845794393,7.173938488357615,33.54195614205317,59.88970893970894,2.2625628338045867,2.2625628338045867,10.365861453534222,35.82109868043603,48.46588395109645,86.5366250866251,0.0049525085670876,0.0166973594913727,1.0138888888888888,0.3748626686090689,11.030263912794034,0.7159909786016833,5.256603773584906,6.012835472578763,0.0059476387931847,1.2009345794392523,0.0952143776200556,0.0,0.550027345281366,0.4399379002522802,0.0940937201676835,0.8331495773612643,0.0023243265678827,11.19604725789854,0.0149724108665397,0.0092070730972766,-35.1004086398132,-516300000.0,-3723000000.0,-11718600000.0,18464200000.0,1050200000.0,550400000.0,42800000.0,41.45685468808367,33.08187174104422,2.6633710299993227,2.170931699405298,2.7205232129697863,33.79176201372998,0.0112053618179914,0.6617046117921774,2016-10-27,0.58,amc,2253861290.0,2025-04-24,2016-09-30,0.0689655172413793,51.24171875,1241272.46875
2016-06-30,RSG,USD,1060391,2016-07-29,2016-07-28 18:29:43,2016,Q2,2350700000.0,1440700000.0,910000000.0,0.3871187306,0,236500000.0,0.0,236500000.0,1600000.0,513400000.0,1954100000.0,200000.0,92200000.0,269900000.0,666500000.0,0.2835325648,382100000.0,0.1625473263,-90400000.0,291700000.0,0.1240906964,110700000.0,180800000.0,0.0769132599,0.53,0.52,343900000,345200000,https://www.sec.gov/Archives/edgar/data/1060391/000106039116000105/0001060391-16-000105-index.htm,https://www.sec.gov/Archives/edgar/data/1060391/000106039116000105/rsg630201610-q.htm,6.835417272462926,0.525734225065426,1.2003489386449548,0.5010177377144519,0.4036056993312009,22.558883396336142,-10.499563826693809,22.55219540564117,22.408258214597268,17645509000.0,25217509000.0,24.399210453539823,7.506491257923172,42.74590358527132,102.41154381892048,2.2751665226865403,2.2751665226865403,10.72765942059812,37.83572243060765,61.08892684108527,146.35814857806153,0.0102462331916863,0.009764524219732,0.981729566641309,0.3687988607631724,11.360840210052514,0.6816041565189154,4.144251626898048,2.2806629834254144,0.0058598479647144,0.5719026548672567,0.1006083294337856,0.0,0.5506698828794792,0.5826065891472868,0.1023099502275917,0.8910707669507225,0.0023822691113285,16.333106622438628,0.0126091295935349,0.0194898993165599,-34.849374818261126,-588300000.0,-3610800000.0,-11628000000.0,18414800000.0,962800000.0,550200000.0,40350000.0,37.92657506274727,34.858055112098285,2.6174776150482404,2.3730062588330303,2.5818996415770608,34.38424821002387,0.0233118867413644,0.699331200930503,2016-07-28,0.55,amc,2350700000.0,2025-04-24,2016-06-30,0.0,47.98578125,1446301.90625
2016-03-31,RSG,USD,1060391,2016-04-29,2016-04-28 18:26:22,2016,Q1,2248600000.0,1381400000.0,867200000.0,0.3856621898,0,236600000.0,0.0,236600000.0,-700000.0,504200000.0,1885600000.0,500000.0,92700000.0,263000000.0,626000000.0,0.2783954461,345500000.0,0.1536511607,-92900000.0,252600000.0,0.112336565,95700000.0,156700000.0,0.0696878057,0.45,0.45,345400000,346700000,https://www.sec.gov/Archives/edgar/data/1060391/000106039116000070/0001060391-16-000070-index.htm,https://www.sec.gov/Archives/edgar/data/1060391/000106039116000070/rsg331201610-q.htm,6.510133178922988,0.4536768963520556,1.2492762015055008,0.4632310364794441,0.3737695425593514,22.48378691372322,-10.464099594672843,22.47596988998263,22.157209033005213,16458310000.0,23985310000.0,26.25767389917039,7.319358712087521,38.14208574739282,102.8644375,2.12004199299258,2.12004199299258,10.666774882148893,38.315191693290735,55.58588644264195,149.9081875,0.0095210261563915,0.0097215327697679,0.9738767518549052,0.3680961283789047,12.023961661341852,0.6536485665359333,3.727076591154261,2.750159337157425,0.0063007684264058,0.6617740906190173,0.1052210264164369,0.0,0.5540722131339098,0.6292004634994206,0.120741794894601,1.032319391634981,0.0028906875389131,15.146901858111624,0.0114550729801811,0.0171088546784583,-34.520990156340474,-627000000.0,-3614300000.0,-11590000000.0,18365200000.0,948950000.0,559900000.0,38800000.0,37.423285599928846,35.33806283480527,2.527870276531055,2.404919786096257,2.546828908554572,35.603092783505154,0.0201849752679307,0.7860451650260567,2016-04-28,0.47,amc,2201656250.0,2025-04-24,2016-03-31,0.0212765957446808,45.37491803278688,1976713.6393442624
2015-12-31,RSG,USD,1060391,2016-02-12,2016-02-11 19:33:57,2015,Q4,2290200000.0,1403700000.0,886500000.0,0.3870840975,0,258200000.0,0.0,258200000.0,700000.0,528100000.0,1931800000.0,200000.0,92900000.0,264500000.0,622900000.0,0.2719849795,353900000.0,0.1545279888,-92000000.0,261900000.0,0.1143568247,89500000.0,172300000.0,0.0752336041,0.5,0.49,347000000,348400000,https://www.sec.gov/Archives/edgar/data/1060391/000106039116000060/0001060391-16-000060-index.htm,https://www.sec.gov/Archives/edgar/data/1060391/000106039116000060/rsg-2015x1231x10xk.htm,6.6,0.4965417867435158,1.0236311239193083,0.4080691642651297,0.3824207492795389,22.410951008645533,-10.418731988472622,22.40374639769453,22.09538904899135,15264530000.0,22806330000.0,22.148186302959957,6.665151515151515,42.97446509009009,107.80035310734463,1.9635108887202373,1.9635108887202373,9.958226355776787,36.61314817787767,64.20701013513514,161.06165254237288,0.0112876059728009,0.009276407462267,0.9742864125750892,0.3680870089224967,12.107561406325251,0.67053629823414,3.809472551130248,2.0603248259860787,0.0068328340276444,0.6053395240858966,0.1127412453060868,0.0,0.5536175961744066,0.6013513513513513,0.0932669635839664,0.8075614366729679,0.0016592437341716,15.82083803046939,0.0124259527350886,0.0187582332640196,-34.369812680115274,-604500000.0,-3615300000.0,-11570300000.0,18340200000.0,975850000.0,569100000.0,38250000.0,37.83992664396123,37.02073092541141,2.487711049369524,2.3784401287776507,2.4310703152060964,36.17783505154639,0.0221633372351783,0.6155619596541787,2016-02-11,0.49,amc,2244396000.0,2025-04-24,2015-12-31,0.0204081632653061,43.63375,1499492.921875
2015-09-30,RSG,USD,1060391,2015-10-30,2015-10-29 18:08:52,2015,Q3,2344000000.0,1390200000.0,953800000.0,0.4069112628,0,237900000.0,0.0,237900000.0,-400000.0,510900000.0,1901100000.0,100000.0,91800000.0,266800000.0,659700000.0,0.2814419795,442900000.0,0.1889505119,-92100000.0,350800000.0,0.1496587031,135600000.0,215000000.0,0.0917235495,0.62,0.61,348900000,350300000,https://www.sec.gov/Archives/edgar/data/1060391/000106039115000046/0001060391-15-000046-index.htm,https://www.sec.gov/Archives/edgar/data/1060391/000106039115000046/rsg930201510-q.htm,6.718257380338206,0.6162224132989396,1.2132416165090285,0.5460017196904557,0.6010318142734308,22.362281456004585,-10.274290627687016,22.355402694181716,21.93407853253081,14374680000.000002,21833180000.0,16.714744186046513,6.132542662116042,33.95861091424522,75.4576377952756,1.8429549475627585,1.8429549475627585,9.314496587030716,33.09561922085796,51.5785022442712,114.6098687664042,0.0149568546917218,0.0132524689245256,0.9693838303546244,0.3636529785780933,11.305896619675613,0.7599579058142594,4.824618736383442,1.9679218967921897,0.0068036297155832,0.4548837209302325,0.1014931740614334,0.0,0.5476630209986629,0.5499645641389086,0.0993174061433447,0.8725637181409296,0.0014931740614334,17.605617128228168,0.0143781296112231,0.0228604238216248,-34.44955574663227,-456200000.0,-3584700000.0,-11545300000.0,18483900000.0,979100000.0,552450000.0,37450000.0,37.96587030716723,36.30556754423824,2.440656020716444,2.370550161812298,2.478958630527817,36.87533156498674,0.027564809354086,0.6672398968185727,2015-10-29,0.53,amc,2344000000.0,2025-04-24,2015-09-30,0.0,41.1915625,1594499.609375
2015-06-30,RSG,USD,1060391,2015-07-24,2015-07-23 19:55:32,2015,Q2,2311400000.0,1420400000.0,891000000.0,0.3854806611,0,230000000.0,0.0,230000000.0,900000.0,501800000.0,1922200000.0,100000.0,91500000.0,265600000.0,654800000.0,0.2832915116,389200000.0,0.1683827983,-90500000.0,298700000.0,0.1292290387,108400000.0,190300000.0,0.0823310548,0.54,0.54,350700000,352000000,https://www.sec.gov/Archives/edgar/data/1060391/000106039115000037/0001060391-15-000037-index.htm,https://www.sec.gov/Archives/edgar/data/1060391/000106039115000037/rsg630201510-q.htm,6.590818363273453,0.5426290276589678,1.1551183347590532,0.5004277159965783,0.6002281151981751,22.14057599087539,-10.29483889364129,22.134302822925576,21.79669232962646,13736919000.0,21189619000.0,18.04639910667367,5.943116293155663,33.90994569242163,78.27304273504274,1.7696514009661837,1.7696514009661837,9.167439214328978,32.36044441050703,52.30713157245125,120.7385698005698,0.0138531791590239,0.012775790553908,0.9729597423510468,0.3654495659663418,11.38164324984728,0.7498601946091041,4.253551912568306,2.1276260504201683,0.0071704579462105,0.5176037834997372,0.0995067924201782,0.0,0.5504098400317421,0.5667736361392249,0.0993337371290127,0.8644578313253012,0.0019036082028208,16.43901129694387,0.0131308821842426,0.0204810848625087,-34.062589107499285,-447300000.0,-3610400000.0,-11561000000.0,18466500000.0,949900000.0,517850000.0,37100000.0,37.745954832569005,34.47549985919459,2.35708251196846,2.3843614606973387,2.6105495313361518,38.18279569892473,0.0245152979066022,0.654690618762475,2015-07-23,0.51,amc,2182988888.0,2025-04-24,2015-06-30,0.0588235294117647,40.22904761904762,1497696.5555555555
2015-03-31,RSG,USD,1060391,2015-04-24,2015-04-23 18:10:11,2015,Q1,2169400000.0,1304300000.0,865100000.0,0.3987738545,0,234300000.0,0.0,234300000.0,0.0,492300000.0,1796600000.0,300000.0,88600000.0,253100000.0,625900000.0,0.2885129529,372800000.0,0.1718447497,-88300000.0,284500000.0,0.1311422513,112000000.0,172400000.0,0.0794689776,0.49,0.49,353300000,354800000,https://www.sec.gov/Archives/edgar/data/1060391/000106039115000022/0001060391-15-000022-index.htm,https://www.sec.gov/Archives/edgar/data/1060391/000106039115000022/rsg331201510-q.htm,6.140390602887065,0.487970563260685,1.404189074440985,0.6410982168129069,0.6991225587319558,21.977639399943392,-10.24681573733371,21.97028021511463,21.66204358901783,14329848000.0,21760148000.0,20.77994199535963,6.605442979625703,28.884998992138684,63.26643708609272,1.846130299790005,1.846130299790005,10.0304913801051,34.76617351014539,43.862422898609154,96.071293598234,0.0120308324275316,0.0158061690535726,0.9745558547300344,0.3673259297746398,11.871385205304362,0.7650307447050786,4.207674943566591,2.875942028985507,0.0068877213491727,0.5725058004640371,0.1080022125933437,0.0,0.5528341191723682,0.5434388228179803,0.1242739928090716,1.0651916238640853,0.0033188900156725,15.531230642167506,0.0119930952982042,0.0187212231778299,-33.585338239456554,-412700000.0,-3620200000.0,-11485300000.0,18419200000.0,930400000.0,509449999.5,36450000.0,38.5986908822716,33.92164379360577,2.5530936134324924,2.3316852966466035,2.653173311635476,35.25135135135135,0.0222104842761623,0.7630908576280782,2015-04-23,0.43,amc,1903759183.0,2025-04-24,2015-03-31,0.1395348837209302,40.71868852459016,1536587.786885246
2014-12-31,RSG,USD,1060391,2015-02-23,2015-02-23 17:27:05,2014,Q4,2225200000.0,1536500000.0,688700000.0,0.3095002696,0,248800000.0,0.0,248800000.0,600000.0,502600000.0,2039100000.0,0.0,87900000.0,247500000.0,452300000.0,0.2032626281,166400000.0,0.0747797951,-87400000.0,79100000.0,0.0355473665,28600000.0,50300000.0,0.0226047097,0.14,0.14,354400000,355900000,https://www.sec.gov/Archives/edgar/data/1060391/000106039115000010/0001060391-15-000010-index.htm,https://www.sec.gov/Archives/edgar/data/1060391/000106039115000010/rsg-2014x1231x10xk.htm,6.278781038374718,0.1419300225733634,1.2215011286681716,0.715293453724605,0.6910270880361173,21.8617381489842,-9.542889390519187,21.854683972911964,20.172404063205416,14264600000.0,21250600000.0,70.89761431411532,6.41047995685781,32.95125895125895,56.270611439842206,1.8417104566640417,1.8417104566640417,9.549973036131584,46.98341808534159,49.08893508893509,83.82879684418145,0.0035262117409531,0.017771265931046,0.911675467702994,0.3514083806111277,15.445500773822683,0.7617743702081051,1.8930602957906717,8.572277227722772,0.006975309507452,1.978131212723658,0.111810174366349,0.0,0.5538867323579177,0.4144144144144144,0.0806219665648031,0.7248484848484849,0.0014380729822038,8.354119059853359,0.0058120593370091,0.0056112090314807,-32.126269751693,-435000000.0,-3382000000.0,-10955200000.0,17860100000.0,942800000.0,522299999.0,37050000.0,37.63077476181916,30.886430139928407,2.1028311096648222,2.391659501289768,2.913901010646503,42.799442896935936,0.0064942610357248,0.5062076749435666,2015-02-12,0.48,amc,2136192000.0,2025-04-24,2014-12-31,0.0416666666666667,39.19125,1695543.421875
2014-09-30,RSG,USD,1060391,2014-10-31,2014-10-30 18:21:08,2014,Q3,2264100000.0,1397300000.0,866800000.0,0.3828452807,0,221100000.0,0.0,221100000.0,-100000.0,484100000.0,1881400000.0,100000.0,87000000.0,255100000.0,637800000.0,0.2817013383,382400000.0,0.1688971335,-87000000.0,295400000.0,0.1304712689,109600000.0,185800000.0,0.0820635131,0.52,0.52,356300000,357700000,https://www.sec.gov/Archives/edgar/data/1060391/000106039114000061/0001060391-14-000061-index.htm,https://www.sec.gov/Archives/edgar/data/1060391/000106039114000061/rsg930201410-q.htm,6.354476564692675,0.521470670783048,1.0645523435307325,0.4746000561324726,0.6918327252315465,22.26017401066517,-8.725792871175976,22.2537187763121,19.976143699129945,13902826000.000002,20820326000.0,18.70670882669537,6.140552979108698,36.653904561033485,82.21659373151982,1.7534148064068609,1.7534148064068609,9.195850889978358,32.643973032298526,54.891447403111,123.12434062684802,0.0133641894101242,0.0121629947753068,0.8866818009837306,0.3517536398659128,10.8458764502979,0.788927536231884,4.395402298850574,2.0414424111948333,0.0066533235760844,0.4978471474703982,0.0976546972306876,0.0,0.5523740431280332,0.5541787503295544,0.0928404222428338,0.8239905919247354,0.0015900357758049,16.15874027572284,0.0131630075903674,0.0207674338024075,-31.079708111142292,-364100000.0,-3109000000.0,-10694800000.0,17825500000.0,944000000.0,519799999.0,38400000.0,37.97005432622234,33.31925850568955,2.460459457525227,2.370288944723618,2.701140542627374,36.57853403141361,0.0234329675873376,0.5899522873982599,2014-10-30,0.53,amc,2311513461.0,2025-04-24,2014-09-30,-0.0188679245283019,38.45921875,1652021.28125
2014-06-30,RSG,USD,1060391,2014-07-25,2014-07-24 17:59:16,2014,Q2,2225300000.0,1373000000.0,852300000.0,0.3830045387,0,216000000.0,0.0,216000000.0,400000.0,470700000.0,1843700000.0,300000.0,86900000.0,249700000.0,631300000.0,0.2836920865,378300000.0,0.1699995506,-87600000.0,290700000.0,0.1306340718,111700000.0,179000000.0,0.0804385925,0.5,0.5,356200000,357600000,https://www.sec.gov/Archives/edgar/data/1060391/000106039114000049/0001060391-14-000049-index.htm,https://www.sec.gov/Archives/edgar/data/1060391/000106039114000049/rsg630201410-q.htm,6.247332959011791,0.5025266704098821,0.9149354295339696,0.1872543514879281,0.6389668725435149,22.05362156092083,-8.952274003368894,22.0471645143178,20.04239191465469,13524914000.0,20527614000.0,18.88954469273743,6.077793555925044,41.50019637925744,202.77232383808092,1.72221693067794,1.72221693067794,9.224650159529052,32.51641691747189,62.98746241178276,307.7603298350825,0.0132348346170629,0.004931639491386,0.8980033616869556,0.354809820889515,11.092507524156504,0.7183230724127821,4.353279631760644,1.8206703910614528,0.0068688052286321,0.5189944134078213,0.0970655641935918,0.0,0.5556600925739585,0.7953359926357778,0.1164786770323102,1.0380456547857428,0.0017525726868287,15.788729649518295,0.0128125663882844,0.0202678985925699,-31.089275687815835,-480400000.0,-3188800000.0,-10795400000.0,17690800000.0,903000000.0,506699999.5,38400000.0,37.72614928324271,34.23670787327021,2.5302257829570283,2.38561320754717,2.628757424140834,35.5699481865285,0.0227932562522283,0.7276810780460415,2014-07-24,0.49,amc,2141780392.0,2025-04-24,2014-06-30,0.0408163265306122,35.46222222222222,1330425.825396825
2014-03-31,RSG,USD,1060391,2014-04-25,2014-04-24 17:55:10,2014,Q1,2073700000.0,1321200000.0,752500000.0,0.3628779476,0,210400000.0,0.0,210400000.0,1000000.0,446400000.0,1767600000.0,100000.0,87000000.0,232600000.0,538700000.0,0.2597772098,306100000.0,0.1476105512,-85900000.0,220200000.0,0.1061870087,87600000.0,132500000.0,0.0638954526,0.37,0.37,359800000,361000000,https://www.sec.gov/Archives/edgar/data/1060391/000106039114000024/0001060391-14-000024-index.htm,https://www.sec.gov/Archives/edgar/data/1060391/000106039114000024/rsg331201410-q.htm,5.763479710950528,0.368260144524736,1.1017231795441913,0.5077821011673151,0.9380211228460256,21.747359644246803,-8.905225125069483,21.73985547526404,19.73401889938855,12290767999.999998,19128268000.0,23.190128301886787,5.926974972271784,31.00597376387487,67.27295019157087,1.5713075939657375,1.5713075939657375,9.224221439938274,35.50820122517171,48.25496468213925,104.6976902025178,0.0107804491956889,0.0148648156079424,0.8966121196624904,0.3534484061988157,12.692593280118803,0.7699422646400377,3.518390804597701,2.989441930618401,0.0076236082236683,0.7071698113207547,0.1014611563871341,0.0,0.5558170593423207,0.5391019172552977,0.1030525148285673,0.918744625967326,0.0032309398659401,13.421372961941008,0.0101554914716621,0.0150334138897398,-30.59005002779321,-390500000.0,-3204100000.0,-10710900000.0,17691700000.0,881950000.0,501250000.0,38000000.0,37.89747793798525,33.45367847411444,2.6021798365122617,2.374828218048557,2.6902871105681125,34.58638743455497,0.0169394016875479,0.593941078376876,2014-04-24,0.44,amc,2125506976.0,2025-04-24,2014-03-31,-0.0227272727272727,33.18180327868852,1997422.2950819675
2013-12-31,RSG,USD,1060391,2014-02-13,2014-02-12 18:22:42,2013,Q4,2141500000.0,1284000000.0,857500000.0,0.4004202662,0,201500000.0,0.0,201500000.0,800000.0,454900000.0,1738900000.0,200000.0,90200000.0,245400000.0,677600000.0,0.3164137287,402600000.0,0.1879990661,-89200000.0,313400000.0,0.1463460191,76700000.0,236600000.0,0.1104833061,0.66,0.65,361000000,362300000,https://www.sec.gov/Archives/edgar/data/1060391/000106039114000011/0001060391-14-000011-index.htm,https://www.sec.gov/Archives/edgar/data/1060391/000106039114000011/rsg-2013x1231x10xk.htm,5.93213296398892,0.6554016620498615,1.1385041551246535,0.6063711911357341,1.0609418282548475,21.9005540166205,-8.680886426592798,21.89335180055401,19.69058171745152,11985200000.000002,18790000000.0,12.66398985629755,5.5966378706514135,29.161070559610707,54.75194152581088,1.5164420826216236,1.5164420826216236,8.774223674994163,27.730224321133413,45.71776155717762,85.83828232069438,0.0197410139171645,0.0182641925040883,0.8879736825457076,0.3517985683636436,10.04250295159386,0.8280822316696757,4.463414634146342,1.7363751584283904,0.0078096318793178,0.3956043956043956,0.0940929255194956,0.0,0.5534006376195537,0.4673965936739659,0.0897034788699509,0.7828035859820701,0.0015876721923885,17.96805863340061,0.0166633579655829,0.0265565195918871,-30.396606648199445,-295200000.0,-3133800000.0,-10621200000.0,17781500000.0,898750000.0,508450000.0,37350000.0,37.4331076348354,35.845794392523366,2.649532710280374,2.404288761648142,2.510754790770434,33.96825396825397,0.0299361042576073,0.5321329639889196,2014-02-06,0.46,amc,1858660377.0,2025-04-24,2013-12-31,0.1521739130434782,33.87640625,1472202.34375
2013-09-30,RSG,USD,1060391,2013-11-01,2013-10-31 18:22:33,2013,Q3,2165400000.0,1317600000.0,847800000.0,0.391521197,0,209000000.0,0.0,209000000.0,1000000.0,453200000.0,1770800000.0,100000.0,90000000.0,243600000.0,653500000.0,0.3017918168,352300000.0,0.1626951141,-88900000.0,263400000.0,0.1216403436,92300000.0,171400000.0,0.0791539669,0.47,0.47,361700000,363000000,https://www.sec.gov/Archives/edgar/data/1060391/000106039113000046/0001060391-13-000046-index.htm,https://www.sec.gov/Archives/edgar/data/1060391/000106039113000046/rsg930201310-q.htm,5.986729333701963,0.4738733757257395,1.0387061100359414,0.4113906552391485,0.7542162012717721,21.39729057229749,-9.12468896875864,21.390378766933924,19.70998064694498,12066312000.0,19008112000.0,17.599638273045507,5.572324743696314,32.11688048975246,81.0908064516129,1.5595796766146646,1.5595796766146646,8.77810658538838,29.08662892119357,50.59385680063881,127.74268817204302,0.0142048374018507,0.0123318541738353,0.9098088381651566,0.3550438817714113,10.622494261667942,0.7293692064209812,3.914444444444445,2.195791934541204,0.0070526934824824,0.4964994165694282,0.0965179643483882,0.0,0.5568344598002622,0.6039393132818739,0.1047843354576521,0.9314449917898192,0.0017086912348757,15.10190211107962,0.0126629080944849,0.0195078646058591,-30.730577826928396,-478800000.0,-3300400000.0,-10796200000.0,17607900000.0,891650000.0,516550000.0,36450000.0,37.68911055694098,34.528688524590166,2.5204918032786887,2.3879576532862816,2.60652818991098,35.707317073170735,0.0221535757215422,0.627315454796793,2013-10-31,0.5,amc,1968545454.0,2025-04-24,2013-09-30,0.1,34.0090625,1393002.28125
2013-06-30,RSG,USD,1060391,2013-07-26,2013-07-25 18:25:10,2013,Q2,2111700000.0,1410000000.0,701700000.0,0.3322915187,0,223600000.0,0.0,223600000.0,300000.0,464400000.0,1874400000.0,100000.0,90200000.0,236200000.0,407300000.0,0.1928777762,181200000.0,0.0858076431,-90100000.0,91100000.0,0.0431405976,34700000.0,56300000.0,0.026660984,0.16,0.15,362900000,364400000,https://www.sec.gov/Archives/edgar/data/1060391/000106039113000032/0001060391-13-000032-index.htm,https://www.sec.gov/Archives/edgar/data/1060391/000106039113000032/rsg630201310-q.htm,5.818958390741251,0.1551391567925048,0.9415817029484708,0.2609534306971617,0.7729402039129236,21.25434003857812,-9.159823642876823,21.24662441443924,19.61642325709562,12389406000.0,19321306000.0,55.01512433392541,5.867029407586305,36.25813871817384,130.8279408658923,1.6068434841253372,1.6068434841253372,9.149645309466306,47.437530076110974,56.54464735147791,204.0264625131996,0.0045442049441272,0.0076436271440293,0.9115739780037352,0.3554429509158398,17.01915050331451,0.7246972812428604,2.008869179600887,6.058510638297872,0.0068526287700959,1.507992895204263,0.1058862527821186,0.0,0.5581667020663289,0.7228563067017852,0.1169673722593171,1.0457239627434378,0.0020836293034048,8.611859637599817,0.0062189015899022,0.0064439332028522,-30.601060898319098,-482000000.0,-3324100000.0,-10792200000.0,17573000000.0,849200000.0,495950000.0,35550000.0,37.35615854524791,33.67659574468085,2.297872340425532,2.4092413006274955,2.672479150871873,39.16666666666666,0.007301826105001,0.680628272251309,2013-07-25,0.49,amc,2455465116.0,2025-04-24,2013-06-30,-0.1224489795918367,33.76265625,1657766.796875
2013-03-31,RSG,USD,1060391,2013-04-26,2013-04-25 17:58:49,2013,Q1,1998600000.0,1223100000.0,775500000.0,0.3880216151,0,203600000.0,0.0,203600000.0,200000.0,435300000.0,1658400000.0,300000.0,89600000.0,228800000.0,491600000.0,0.2459721805,274200000.0,0.1371960372,-90900000.0,183300000.0,0.0917141999,58400000.0,124600000.0,0.0623436405,0.34,0.34,362700000,364100000,https://www.sec.gov/Archives/edgar/data/1060391/000106039113000018/0001060391-13-000018-index.htm,https://www.sec.gov/Archives/edgar/data/1060391/000106039113000018/rsg331201310-q.htm,5.510339123242349,0.3435346015991177,1.157430383236835,0.5652054039150813,0.8116901020126827,21.32451061483319,-9.113868210642403,21.317066446098703,19.63744141163496,11780495999.999998,18683296000.0,23.636629213483143,5.89437406184329,28.06216293473082,57.46583414634146,1.523661807881837,1.523661807881837,9.34819173421395,38.00507729861676,44.50523106241067,91.13802926829268,0.010576804236426,0.0174016442092081,0.909618841910576,0.3581070415650412,14.041497152156223,0.7301975765534531,3.060267857142857,3.361088871096878,0.0072068272846915,0.6813804173354735,0.1018713099169418,0.0,0.562143886430641,0.5116722248689852,0.107475232662864,0.9388111888111887,0.0038526968878214,12.836310739402691,0.0103863467214129,0.014489888476701,-30.262820512820515,-452000000.0,-3305600000.0,-10681400000.0,17534800000.0,829250000.0,469400000.0,34800000.0,37.01140798558991,34.16482707873436,2.5827814569536423,2.4316826864582066,2.6342881757484387,34.84615384615385,0.0161154726644851,0.5922249793217536,2013-04-25,0.4,amc,1781360869.0,2025-04-24,2013-03-31,0.15,31.2415,1823430.05
2012-12-31,RSG,USD,1060391,2013-02-15,2013-02-15 15:24:35,2012,Q4,2028300000.0,1283500000.0,744800000.0,0.3672040625,0,198300000.0,0.0,198300000.0,2300000.0,443000000.0,1726500000.0,200000.0,92200000.0,294800000.0,599100000.0,0.2953705073,288800000.0,0.1423852487,-89700000.0,199100000.0,0.0981610215,72100000.0,127000000.0,0.0626140117,0.35,0.35,363200000,364300000,https://www.sec.gov/Archives/edgar/data/1060391/000106039113000011/0001060391-13-000011-index.htm,https://www.sec.gov/Archives/edgar/data/1060391/000106039113000011/rsg2012x1231x10xk.htm,5.584526431718062,0.3496696035242291,1.258535242290749,0.7186123348017621,0.638215859030837,21.21613436123348,-9.204295154185022,21.20952643171806,19.721090308370044,10652656000.0,17655556000.0,20.96979527559055,5.252012029778633,23.304869831546704,40.81477394636016,1.3828691599704024,1.3828691599704024,8.704607799635163,29.47013186446336,38.625149857799165,67.64580842911877,0.0119219094280337,0.024500931974148,0.9178533875092492,0.3604290178366612,11.689033550325489,0.7264306784660767,3.1323210412147504,3.599212598425197,0.0080449420313581,0.6748031496062992,0.0977666025735837,0.0,0.5632235470436205,0.4290089695908991,0.0966819504018143,0.6651967435549525,0.0019720948577626,12.917714608710746,0.0102677607750704,0.0148222497140589,-30.38188325991189,-463700000.0,-3343000000.0,-10679900000.0,17495300000.0,845400000.0,482550000.0,35000000.0,37.1217275550954,33.272302298402806,2.419166342033502,2.4244561319627063,2.7049525816649105,37.20289855072464,0.0164864408759882,0.5399229074889867,2013-02-07,0.43,amc,2357329729.0,2025-04-24,2012-12-31,-0.1395348837209302,28.176290322580645,2102085.4032258065
2012-09-30,RSG,USD,1060391,2012-11-02,2012-11-01 20:04:00,2012,Q3,2046900000.0,1280500000.0,766400000.0,0.3744198544,0,193800000.0,19700000.0,213500000.0,0.0,448300000.0,1728800000.0,300000.0,93200000.0,164100000.0,527600000.0,0.2577556305,317900000.0,0.1553080268,-94800000.0,223100000.0,0.1089940886,70300000.0,152700000.0,0.0746006156,0.42,0.42,365400000,366400000,https://www.sec.gov/Archives/edgar/data/1060391/000106039112000018/0001060391-12-000018-index.htm,https://www.sec.gov/Archives/edgar/data/1060391/000106039112000018/rsg930201210-q.htm,5.601806239737274,0.4178981937602627,0.9898741105637656,0.3196496989600438,0.5662287903667214,21.18664477285167,-9.054460864805693,21.18007662835249,19.697865353037766,9971766000.0,17002166000.0,16.32574656188605,4.871642972299575,27.569162289189936,85.3747089041096,1.28847503617945,1.28847503617945,8.306300258928136,32.225485216072784,47.006264860381535,145.56648972602738,0.0153132353887967,0.0117130706837685,0.9179760181930948,0.3618361744498148,13.32524639878696,0.7474105461393596,3.410944206008584,2.367146596858639,0.0080627644090324,0.5265225933202358,0.0946797596365235,0.0,0.562795719735361,0.6770804534144319,0.1196443402217988,1.4923826934795856,0.0021984464311886,14.112055298594193,0.0121097925049831,0.017788495142238,-30.17898193760263,-429200000.0,-3308500000.0,-10622700000.0,17524100000.0,896950000.0,510050000.0,34800000.0,37.5582588304265,34.48184303006638,2.495119094103865,2.396277218450012,2.610069302894415,36.070422535211264,0.0197307215216043,0.6702244116037219,2012-11-01,0.48,amc,2090451063.0,2025-04-24,2012-09-30,-0.0208333333333333,27.804761904761907,2407486.603174603
2012-06-30,RSG,USD,1060391,2012-07-27,2012-07-27 12:48:39,2012,Q2,2060600000.0,1241000000.0,819600000.0,0.3977482287,0,198000000.0,0.0,198000000.0,0.0,432600000.0,1673600000.0,200000.0,98800000.0,254300000.0,641500000.0,0.3113170921,387000000.0,0.1878093759,-208400000.0,178600000.0,0.0866737843,29100000.0,149200000.0,0.0724060953,0.41,0.4,367900000,368900000,https://www.sec.gov/Archives/edgar/data/1060391/000106039112000010/0001060391-12-000010-index.htm,https://www.sec.gov/Archives/edgar/data/1060391/000106039112000010/rsg630201210-q.htm,5.60097852677358,0.4055449850502854,0.9807012775210656,0.4688774123403099,0.5659146507203044,20.882576787170425,-9.1967926066866,20.87632508833922,19.60369665670019,9734634000.0,16778734000.0,16.311384048257374,4.724174512277977,26.98069290465632,56.43266086956522,1.2674644549763034,1.2674644549763034,8.142644860720178,26.155469992205767,46.50425166297118,97.2680231884058,0.0153267190117265,0.0177202347823246,0.9261757200145826,0.3631082729718279,10.980670303975058,0.70438851794784,3.917004048582996,2.4133779264214046,0.00838244149703,0.546916890080429,0.0960885179074056,0.0,0.5648815995671327,0.5218957871396895,0.0913811511210327,0.7404640188753441,0.0022808890614384,13.801865862329889,0.0181258151784344,0.0175033141328703,-29.83847512911117,-518000000.0,-3383500000.0,-10673300000.0,17430900000.0,874050000.0,490250000.0,34700000.0,41.04290012617684,38.40048348106366,2.473005640612409,2.1928274981377034,2.343720491029273,36.39296187683284,0.0194260715587729,0.5118238651807556,2012-07-26,0.49,amc,1711345762.0,2025-04-24,2012-06-30,0.2040816326530611,27.55920634920635,2861906.365079365
2012-03-31,RSG,USD,1060391,2012-04-27,2012-04-27 13:49:11,2012,Q1,1982400000.0,1203200000.0,779200000.0,0.3930589185,0,222500000.0,19700000.0,242200000.0,0.0,455900000.0,1659100000.0,300000.0,104300000.0,213700000.0,548500000.0,0.2766848265,326900000.0,0.1649011299,-103800000.0,223100000.0,0.1125403551,80300000.0,142900000.0,0.0720843422,0.39,0.38,371000000,372500000,https://www.sec.gov/Archives/edgar/data/1060391/000119312512190173/0001193125-12-190173-index.htm,https://www.sec.gov/Archives/edgar/data/1060391/000119312512190173/d323401d10q.htm,5.343396226415094,0.3851752021563342,0.9008086253369272,0.1617250673854447,0.6061994609164421,20.89946091644205,-8.888140161725067,20.894070080862537,18.89164420485175,11337760000.0,18168760000.0,19.835129461161653,5.719209039548023,33.92507480550569,188.96266666666668,1.462615942309429,1.462615942309429,9.16503228410008,33.1244484958979,54.36493117893477,302.81266666666664,0.0126039005941208,0.0052920506343404,0.8907078447308332,0.3548794967079395,12.453965360072926,0.6872595873644947,3.134228187919463,2.3403361344537816,0.0071795486939219,0.56962911126662,0.1122376916868442,0.0,0.5680127878946746,0.8204667863554758,0.1383171912832929,1.2831071595694898,0.0040355125100887,13.45649462205737,0.0117720216377257,0.017002391519031,-29.25431266846361,-536600000.0,-3297500000.0,-10523000000.0,17327600000.0,878550000.0,507300000.0,35250000.0,36.700968523002416,33.73503989361702,2.640458776595745,2.4522513607125185,2.667849223946785,34.08498583569405,0.0184346659442444,0.7390835579514825,2012-04-26,0.42,amc,2191073684.0,2025-04-24,2012-03-31,-0.0952380952380951,29.44935483870968,2138643.693548387
2011-12-31,RSG,USD,1060391,2012-02-17,2012-02-17 13:58:44,2011,Q4,2025200000.0,1207600000.0,817600000.0,0.4037132135,0,213900000.0,0.0,213900000.0,0.0,447500000.0,1655100000.0,0.0,104800000.0,214200000.0,584300000.0,0.2885147146,366800000.0,0.1811179143,-107800000.0,259000000.0,0.1278886036,68000000.0,191000000.0,0.0943116729,0.51,0.51,370300000,371000000,https://www.sec.gov/Archives/edgar/data/1060391/000119312512067094/0001193125-12-067094-index.htm,https://www.sec.gov/Archives/edgar/data/1060391/000119312512067094/d266251d10k.htm,5.4690791250337565,0.5157980016203079,1.2959762354847422,0.6467728868485012,0.2865244396435322,20.74912233324332,-9.109370780448286,20.74345125573859,18.975425330812858,10201765000.0,17057265000.0,13.35309554973822,5.037411119889394,21.25810585538654,42.59609603340292,1.328130004035775,1.328130004035775,8.42250888801106,29.19264932397741,35.54337361950407,71.22031315240083,0.0187222505125338,0.0234763298311615,0.9011235077395752,0.354029102626397,11.732842717781962,0.6670355731225296,3.5,2.512565445026178,0.0079986159257736,0.4272251308900524,0.1056191981038909,0.0,0.5655115975756336,0.5009376953531985,0.1187043254987161,1.1223155929038282,0.0020738692474817,15.515707874583429,0.0152920094804224,0.0224840786825036,-29.794423440453688,-631800000.0,-3373200000.0,-10602400000.0,17217100000.0,960700000.0,539400000.0,36500000.0,42.1602804661268,42.00397482610136,2.623385226896324,2.1347106566881,2.1426543647977287,34.30681818181818,0.0248655826487703,0.6492033486362409,2012-02-09,0.45,amc,1719509433.0,2025-04-24,2011-12-31,0.1777777777777778,27.613809523809525,2874892.396825397
2011-09-30,RSG,USD,1060391,2011-10-28,2011-10-27 17:56:35,2011,Q3,2116200000.0,1260000000.0,856200000.0,0.4045931386,0,207500000.0,19400000.0,226900000.0,0.0,447700000.0,1707700000.0,0.0,108300000.0,215000000.0,619300000.0,0.2926471978,408500000.0,0.1930346848,-112500000.0,296000000.0,0.1398733579,102400000.0,193500000.0,0.0914374823,0.52,0.52,373200000,374700000,https://www.sec.gov/Archives/edgar/data/1060391/000119312511284442/0001193125-11-284442-index.htm,https://www.sec.gov/Archives/edgar/data/1060391/000119312511284442/d246002d10q.htm,5.670418006430868,0.5184887459807074,1.3161843515541265,0.7416934619506966,0.6245980707395499,20.40326902465166,-9.270632368703108,20.39764201500536,19.13076098606645,10471992000.0,17430692000.0,13.529705426356587,4.948488800680465,21.319201954397396,37.83234104046243,1.375649203930429,1.375649203930429,8.236788583309705,28.14579686743097,35.48593648208469,62.97215317919075,0.0184778597997401,0.026432411331101,0.923664021859072,0.3613912274750465,11.236395930889714,0.6753162853297443,3.771929824561404,2.5371900826446283,0.0071906090073407,0.3891472868217054,0.0980531140723939,0.0,0.5691913117669432,0.4364820846905538,0.101313675456006,0.9972093023255814,0.0020319440506568,15.425914110994498,0.015173501344874,0.0230854579510612,-29.100147374062164,-603100000.0,-3459800000.0,-10587300000.0,17180100000.0,960550000.0,496000000.0,36100000.0,41.36801814573292,36.8,2.7,2.1755937082348105,2.4456521739130435,33.333333333333336,0.0254190531238505,0.5744908896034298,2011-10-27,0.5,amc,1996415094.0,2025-04-24,2011-09-30,0.06,28.84390625,3443195.421875
2011-06-30,RSG,USD,1060391,2011-07-29,2011-07-28 17:58:27,2011,Q2,2086600000.0,1237800000.0,848800000.0,0.4067861593,0,200100000.0,19500000.0,219600000.0,0.0,428200000.0,1666000000.0,100000.0,111400000.0,208600000.0,411300000.0,0.1971149238,401200000.0,0.1922745136,-309900000.0,91300000.0,0.0437553915,45100000.0,46500000.0,0.022285057,0.12,0.12,378200000,380200000,https://www.sec.gov/Archives/edgar/data/1060391/000095012311069769/0000950123-11-069769-index.htm,https://www.sec.gov/Archives/edgar/data/1060391/000095012311069769/p18900e10vq.htm,5.517186673717609,0.1229508196721311,0.9569011105235324,0.4690639873083025,1.2707562136435748,20.27154944473823,-9.02353252247488,20.266261237440503,19.611052353252248,11667470000.0,18652470000.0,62.72833333333334,5.591617943065273,32.23948604586902,65.76927846674182,1.5222343992589404,1.5222343992589404,8.939168983034602,45.35003646973012,51.54039789997237,105.1435738444194,0.0039854398597125,0.0152046673357634,0.9531358044019989,0.3711767096839752,16.98273766107464,0.6713248638838476,3.601436265709156,7.833333333333333,0.0064966955132518,1.6301075268817204,0.0958976325122208,0.0,0.5629204349151509,0.5098093395965736,0.0884213553148662,0.8844678811121764,0.0021566184223138,7.487619928504591,0.0113570787024848,0.0054053425708506,-28.572712850343738,-724400000.0,-3412700000.0,-10535700000.0,17057700000.0,932650000.0,454200000.0,35350000.0,40.90673823444838,34.667959282598154,2.501211827435773,2.200126528890763,2.596057046979866,35.98255813953488,0.0060667736506321,0.48783712321523,2011-07-28,0.48,amc,2044016326.0,2025-04-24,2011-06-30,0.0208333333333333,30.895714285714288,2435861.380952381
2011-03-31,RSG,USD,1060391,2011-04-29,2011-04-28 18:10:41,2011,Q1,1964900000.0,1159700000.0,805200000.0,0.4097918469,0,203900000.0,19700000.0,223600000.0,0.0,429000000.0,1588700000.0,200000.0,115700000.0,205800000.0,582200000.0,0.2963000662,376200000.0,0.1914601252,-116200000.0,260000000.0,0.1323222556,101900000.0,158200000.0,0.0805130032,0.41,0.41,382200000,384000000,https://www.sec.gov/Archives/edgar/data/1060391/000095012311041132/0000950123-11-041132-index.htm,https://www.sec.gov/Archives/edgar/data/1060391/000095012311041132/p18745e10vq.htm,5.141025641025641,0.4139194139194139,1.1347462061747775,0.3571428571428571,0.609105180533752,20.40188383045525,-8.620094191522764,20.39586603872318,18.115384615384617,11481288000.0,18221388000.0,18.14362831858407,5.843192019950124,26.47287987087849,84.112,1.4728474850230266,1.4728474850230266,9.273442923303984,31.297471659223635,42.01380677887941,133.490021978022,0.013778941874814,0.0118889100247289,0.8733467602273165,0.3509875391174787,11.576949501889384,0.5105027838704235,3.2515125324114087,2.743200506008855,0.0066804351567524,0.4848293299620733,0.1037711842841875,0.0,0.5718601617800966,0.685266313119668,0.1512545167693012,1.444120505344995,0.0038678813171153,13.78225346724408,0.0129669949699312,0.0190499126979348,-27.892399267399263,-1160500000.0,-3294600000.0,-10388800000.0,16625300000.0,872900000.0,519050000.0,33800000.0,41.99755712758919,33.49486936276623,2.8171078727257046,2.142981786454357,2.686978683966636,31.947658402203857,0.0202942798865983,0.7776033490319204,2011-04-28,0.41,amc,1918116666.0,2025-04-24,2011-03-31,0.024390243902439,29.86435483870968,2945367.790322581
2010-12-31,RSG,USD,1060391,2011-02-18,2011-02-18 16:11:53,2010,Q4,2020800000.0,1184800000.0,836000000.0,0.4136975455,0,167000000.0,0.0,167000000.0,0.0,452800000.0,1637600000.0,200000.0,120400000.0,205300000.0,586500000.0,0.2902315914,389400000.0,0.192695962,-128600000.0,260800000.0,0.1290577989,112900000.0,147600000.0,0.07304038,0.39,0.39,382200000,382200000,https://www.sec.gov/Archives/edgar/data/1060391/000095012311015710/0000950123-11-015710-index.htm,https://www.sec.gov/Archives/edgar/data/1060391/000095012311015710/p18372e10vk.htm,5.287284144427002,0.3861852433281004,1.2297226582940868,0.6454735740450026,0.6831501831501832,20.536106750392463,-8.523547880690737,20.529827315541603,17.959183673469386,11412492000.0,18067792000.0,19.330101626016265,5.64751187648456,24.281897872340423,46.26060802594244,1.4544691263620722,1.4544691263620722,8.940910530482977,30.806124467178176,38.44211063829787,73.23790839075801,0.0129331963606195,0.0216166635648024,0.8594405148792456,0.3465026539032674,11.347485080988918,0.4655707080141976,3.23421926910299,3.1778228532792427,0.0067382303531954,0.5210027100271003,0.0826405384006334,0.0,0.570684260015723,0.4751063829787234,0.1105007917656373,1.0876765708718947,0.0030680918448139,13.3561640466141,0.0125017248620865,0.0176654339161969,-28.03394819466248,-1430400000.0,-3257700000.0,-10366900000.0,16374700000.0,911800000.0,539750000.0,31200000.0,36.916567695962,46.07106684672519,2.37761647535449,2.4379297864639886,1.953503709810388,37.853035143769965,0.0188109348116994,0.5842490842490843,2011-02-10,0.42,amc,2020800000.0,2025-04-24,2010-12-31,0.0,29.68234375,3111087.078125
2010-09-30,RSG,USD,1060391,2010-11-05,2010-11-04 19:47:53,2010,Q3,2061700000.0,1224900000.0,836800000.0,0.4058786438,0,229500000.0,0.0,229500000.0,0.0,441100000.0,1666000000.0,400000.0,122000000.0,211600000.0,563300000.0,0.2732211282,367600000.0,0.1782994616,-137900000.0,229700000.0,0.1114129117,95200000.0,134200000.0,0.0650919144,0.35,0.35,384000000,386100000,https://www.sec.gov/Archives/edgar/data/1060391/000095012310101145/0000950123-10-101145-index.htm,https://www.sec.gov/Archives/edgar/data/1060391/000095012310101145/p18154e10vq.htm,5.369010416666667,0.3494791666666667,0.9606770833333332,0.4763020833333333,0.8505208333333333,20.276041666666668,-8.623697916666666,20.270572916666666,18.359114583333337,11708160000.0,18515560000.0,21.81102831594635,5.678886355919872,31.738031986988343,64.01399671951886,1.5041508755251225,1.5041508755251225,8.980724644710676,32.86980294691993,50.19127134724857,101.2332422088573,0.0114620913960861,0.0156215835793156,0.8900294196996364,0.3560437866173296,12.08485709213563,0.4691567029943921,3.0131147540983605,2.7427509293680297,0.0062178856455668,0.5424739195230999,0.1113159043507784,0.0,0.5703309692671394,0.5042016806722689,0.0902168113692583,0.8790170132325141,0.0030557307076684,12.625102611162523,0.0121508159207199,0.0160516715507445,-27.562044270833333,-1505100000.0,-3311500000.0,-10341800000.0,16179300000.0,946550000.0,471750000.0,31500000.0,43.42193335596838,34.75385745775165,2.2850844966936075,2.072685231728159,2.5896405919661736,39.38585209003215,0.0172407148087719,0.484375,2010-11-04,0.46,amc,2107515555.0,2025-04-24,2010-09-30,-0.0217391304347826,30.70078125,2736866.578125
2010-06-30,RSG,USD,1060391,2010-07-30,2010-07-29 18:04:23,2010,Q2,2066400000.0,1218300000.0,848100000.0,0.4104239257,0,210800000.0,20200000.0,231000000.0,0.0,444800000.0,1663100000.0,100000.0,130500000.0,213800000.0,614600000.0,0.2974254743,400800000.0,0.193960511,-130500000.0,270300000.0,0.1308072009,110400000.0,159700000.0,0.0772841657,0.42,0.42,382500000,384700000,https://www.sec.gov/Archives/edgar/data/1060391/000095012310069945/0000950123-10-069945-index.htm,https://www.sec.gov/Archives/edgar/data/1060391/000095012310069945/p17927e10vq.htm,5.402352941176471,0.417516339869281,0.7730718954248366,0.3103267973856209,0.9704575163398692,20.093856209150328,-8.996601307189543,20.0878431372549,18.949019607843137,11371725000.0,18433225000.0,17.801698497182215,5.503157665505227,38.45696652012175,95.80223251895536,1.47999960955802,1.47999960955802,8.920453445605885,29.992230719166937,62.33758877240447,155.29254422914912,0.0140436037628416,0.0104381701105153,0.9263235983132908,0.3636684141144731,11.489586723071916,0.5225871857258718,3.071264367816092,1.8492808005003127,0.0063139057618786,0.4495929868503444,0.1020131629887727,0.0,0.568538786188009,0.5985796415285762,0.0856562137049942,0.8278765201122544,0.0028068137824235,13.73708708959202,0.0141523047909952,0.0189121656028326,-28.299477124183007,-1177300000.0,-3441200000.0,-10596800000.0,16553500000.0,874550000.0,441350000.0,15950000.0,39.12891986062718,34.75744890421079,2.3565624230485103,2.300089047195013,2.589373007438895,38.19122257053292,0.0207845280857931,0.4627450980392157,2010-07-29,0.42,amc,2018344186.0,2025-04-24,2010-06-30,0.0238095238095238,29.94396825396825,2870203.1428571427
2010-03-31,RSG,USD,1060391,2010-04-30,2010-04-29 20:51:48,2010,Q1,1957700000.0,1136800000.0,820900000.0,0.4193185881,0,230500000.0,0.0,230500000.0,0.0,433500000.0,1570300000.0,0.0,134500000.0,203000000.0,453700000.0,0.2317515452,381300000.0,0.1947693722,-265100000.0,116200000.0,0.059355366,51000000.0,65000000.0,0.0332022271,0.17,0.17,381400000,383300000,https://www.sec.gov/Archives/edgar/data/1060391/000095012310040931/0000950123-10-040931-index.htm,https://www.sec.gov/Archives/edgar/data/1060391/000095012310040931/p17474e10vq.htm,5.132931305715784,0.1704247509176717,0.7842160461457787,0.2378080755112742,0.7949659150498165,19.844520188778187,-9.386208704771892,19.839014158363923,19.004981646565287,11068228000.0,18100828000.0,42.570107692307694,5.65368953363641,37.00510865931127,122.03117971334068,1.4627742975709035,1.4627742975709035,9.245966184808704,39.8960282124752,60.51764627214978,199.56811466372656,0.0058726654347922,0.0081946269990101,0.9401844950175772,0.3654708635366524,15.500551024906326,0.5614439664730143,2.8349442379182155,4.587423312883436,0.0066044898966663,1.1246153846153846,0.1177402053430045,0.0,0.572742264439798,0.6967569374791039,0.1064514481279051,1.0266009852216749,0.0031669816621545,8.722031216626378,0.0120969586655082,0.0078155999374752,-28.724108547456737,-988900000.0,-3579900000.0,-10630600000.0,16759100000.0,886450000.0,502500000.0,16850000.0,39.108647903151656,32.63370865587614,0.0,2.30128129775479,2.7578845220766617,0.0,0.0085903840562471,0.5464079706345044,2010-04-29,0.37,amc,1766704878.0,2025-04-24,2010-03-31,0.108108108108108,28.11065573770492,2297118.196721312
2009-12-31,RSG,USD,1060391,2010-02-24,2010-02-24 16:17:26,2009,Q4,1999000000.0,1201100000.0,797900000.0,0.3991495748,0,243100000.0,0.0,243100000.0,0.0,454100000.0,1655200000.0,300000.0,147100000.0,211000000.0,555100000.0,0.2776888444,329200000.0,0.1646823412,-248700000.0,80500000.0,0.0402701351,44600000.0,35600000.0,0.0178089045,0.0933,0.0933,380900000,381400000,https://www.sec.gov/Archives/edgar/data/1060391/000095012310016361/0000950123-10-016361-index.htm,https://www.sec.gov/Archives/edgar/data/1060391/000095012310016361/p16448e10vk.htm,5.248096613284327,0.093462851142032,1.0084011551588343,0.2633237070097138,0.7574166447886584,19.86636912575479,-9.451299553688632,19.85954318718824,18.66552901023891,10783279000.0,17697879000.0,75.7252738764045,5.394336668334167,28.07414475397032,107.510259222333,1.4255111375504,1.4255111375504,8.853366183091547,31.882325707079804,46.07622754491018,176.44944167497508,0.003301407670153,0.0093014379021446,0.9204309604071652,0.3563200155575912,12.456494325346783,0.4962922274100522,2.237933378653977,10.6991643454039,0.0066955515108159,2.0280898876404496,0.1216108054027013,0.0,0.5714907140627319,0.7388700859151263,0.1419709854927463,1.3450236966824645,0.0017008504252126,6.46242326025547,0.0083726421861359,0.0042516600582811,-28.81648726699921,-1283800000.0,-3600000000.0,-10708300000.0,16541000000.0,960900000.0,525800000.0,34550000.0,41.51975987993997,44.41928232453584,2.525185246857048,2.167642593797441,2.02614709851552,35.640949554896146,0.0047061934033974,0.7450774481491205,2010-02-11,0.33,amc,1999000000.0,2025-04-24,2009-12-31,0.0,27.6440625,2003634.296875
2009-09-30,RSG,USD,1060391,2009-11-04,2009-11-03 19:59:02,2009,Q3,2073500000.0,1207500000.0,866000000.0,0.4176513142,0,247600000.0,-22200000.0,225400000.0,0.0,466800000.0,1674300000.0,500000.0,144800000.0,218200000.0,575200000.0,0.2774053533,386900000.0,0.1865927176,-174800000.0,212100000.0,0.1022908126,91100000.0,120500000.0,0.0581142995,0.32,0.32,379700000,381100000,https://www.sec.gov/Archives/edgar/data/1060391/000095012309057068/0000950123-09-057068-index.htm,https://www.sec.gov/Archives/edgar/data/1060391/000095012309057068/p15818e10vq.htm,5.460890176455096,0.3173558072162233,0.8735844087437451,0.3800368712141164,0.9539109823544905,19.895970503028707,-9.21042928627864,19.889913089281013,18.963918883328944,10088629000.0,17037129000.0,20.930765560165977,4.865507113576079,30.41492010853181,69.91426888426888,1.3358529964778474,1.3358529964778474,8.216604292259465,29.6194871349096,51.36306602351522,118.06742203742203,0.0119441402791201,0.0143032318861165,0.9342708085061306,0.3612782320623038,12.080146036161334,0.6693517635843661,2.671961325966851,2.73905862923204,0.0071466598682536,0.5983402489626556,0.1194116228598987,0.0,0.56588035903554,0.5649683448899608,0.090378586930311,0.8588450962419798,0.0023149264528574,11.91738381684333,0.0124880272466902,0.0142125872806189,-28.564656307611276,-693700000.0,-3497200000.0,-10571300000.0,16943600000.0,956550000.0,460850000.0,17700000.0,43.38750904268146,34.196273291925465,2.6385093167701865,2.074329731892757,2.6318657367044462,34.110169491525426,0.0159556155822144,0.4935475375296286,2009-11-02,0.36,amc,1913999999.0,2025-04-24,2009-09-30,0.0833333333333334,25.75015625,2121595.875
2009-06-30,RSG,USD,1060391,2009-08-07,2009-08-07 06:32:30,2009,Q2,2066100000.0,1226900000.0,839200000.0,0.4061758869,0,237700000.0,0.0,237700000.0,0.0,306200000.0,1533100000.0,500000.0,150500000.0,218700000.0,741200000.0,0.3587435265,520700000.0,0.2520207154,-148700000.0,372000000.0,0.1800493684,145800000.0,225900000.0,0.109336431,0.6,0.59,379169000,379932000,https://www.sec.gov/Archives/edgar/data/1060391/000095012309031596/0000950123-09-031596-index.htm,https://www.sec.gov/Archives/edgar/data/1060391/000095012309031596/p15328e10vq.htm,5.449021412615483,0.5957765534629677,0.4438654003887448,0.0174064862897547,0.8621485406243654,19.763219039531187,-9.430095814794988,19.75873555063837,19.11100327294689,9255515290.0,16283715290.0,10.242934141212928,4.47970344610619,54.994149079025554,1402.3508015151515,1.2354029405090832,1.2354029405090832,7.881378098833551,21.96939461683756,96.75410154486036,2467.2295893939395,0.0244070689661191,0.0007130883363275,0.9471295665985932,0.3648901596182327,9.482191041554236,0.5730686548049215,3.4598006644518278,0.7443609022556391,0.0077791454872092,0.3187250996015936,0.1150476743623251,0.0,0.5692158960013164,0.9607843137254902,0.0782633948018004,0.7393689986282579,0.0010164077246987,16.27468296959344,0.0180026151419986,0.0269660507090674,-28.854613641938027,-933400000.0,-3575600000.0,-10699900000.0,16748700000.0,895550000.0,507700000.0,0.0,39.79236242195441,33.95631265791833,0.0,2.2617405582922823,2.650464463166991,0.0,0.0301525647699515,0.4264589140989901,2009-07-29,0.36,bmo,1907169230.0,2025-04-24,2009-06-30,0.0833333333333334,21.7115873015873,3022002.4603174604
2009-03-31,RSG,USD,1060391,2009-05-11,2009-05-11 16:37:15,2009,Q1,2060500000.0,1208700000.0,851800000.0,0.4133948071,0,240800000.0,0.0,240800000.0,0.0,462600000.0,1671300000.0,700000.0,153500000.0,221800000.0,575700000.0,0.2793982043,353000000.0,0.1713176413,-152600000.0,200400000.0,0.0972579471,87000000.0,113000000.0,0.054841058,0.3,0.3,378900000,379900000,https://www.sec.gov/Archives/edgar/data/1060391/000095015309000364/0000950153-09-000364-index.htm,https://www.sec.gov/Archives/edgar/data/1060391/000095015309000364/p14872e10vq.htm,5.438110319345474,0.2982317234098707,1.3523357086302454,0.8419107944048562,1.2040116125626814,19.34204275534442,-9.598310899973608,19.33808392715756,20.401425178147267,6498134999.999999,13881235000.0,14.376404867256635,3.1536690123756363,12.681762295081969,20.370329153605013,0.8868510481493611,0.8868510481493611,6.736828439699102,24.111924613513985,27.09062256049961,43.51484326018809,0.0173896048635493,0.0490910084201082,1.034037558685446,0.3814505653841893,12.824561403508772,0.5507591665320627,2.2996742671009773,4.518518518518518,0.0110801022139429,0.6371681415929203,0.1168648386314001,0.0,0.5520677051342725,0.37743950039032,0.093860713419073,0.8719567177637512,0.0022809997573404,11.39134220289342,0.0111942601199269,0.0127007676658686,-30.138558986539984,-1112500000.0,-3636800000.0,-11170000000.0,16530800000.0,936900000.0,558250000.0,18550000.0,38.332443581654935,41.13924050632912,0.0,2.347880583409298,2.187692307692308,0.0,0.0154219893001419,0.5104249142253893,2009-04-30,0.3,bmo,1670675675.0,2025-04-24,2009-03-31,0.2333333333333333,21.91049180327869,3988814.6885245903
2008-12-31,RSG,USD,1060391,2009-03-02,2009-03-02 16:01:39,2008,Q4,1244400000.0,863200000.0,381200000.0,0.306332369,0,182700000.0,0.0,182700000.0,0.0,410100000.0,1273300000.0,0.0,0.0,127200000.0,98300000.0,0.0789938926,-111600000.0,-0.0896817743,-66000000.0,-177600000.0,-0.1427193828,-46000000.0,-131700000.0,-0.1058341369,-0.35,-0.35,378900000,378900000,https://www.sec.gov/Archives/edgar/data/1060391/000095015309000172/0000950153-09-000172-index.htm,https://www.sec.gov/Archives/edgar/data/1060391/000095015309000172/p14076e10vk.htm,3.2842438638163105,-0.3475851148060174,0.1002903140670361,-0.2238057534969649,0.1813143309580364,19.220110847189236,-10.037212984956453,19.21720770651887,20.328582739509105,9392931000.0,17026731000.0,-17.83016514806378,7.548160559305689,247.1823947368421,-110.765695754717,1.2899896997830087,1.2899896997830087,13.682683220829317,173.21191251271617,448.0718684210526,-200.78692216981133,-0.0140211825254545,-0.009028065893383,1.0578322850001374,0.3866445129358378,77.65818921668362,0.5166809572063294,0.0,-0.2885345482156416,0.0036836212253661,-0.2627182991647684,0.1468177434908389,0.0,0.5564669149758551,3.231578947368421,0.0986820957891353,0.9654088050314464,0.0,,-0.0046302601734974,-0.0149052717354399,-31.15465822116653,-1240100000.0,-3803100000.0,-11313200000.0,16583700000.0,661250000.0,354300000.0,18550000.0,72.04918032786885,58.80444856348471,3.868164967562558,1.2491467576791808,1.530496453900709,23.266846361185983,-0.0180871810366138,0.324096067564001,2009-02-27,0.44,bmo,1335453658.0,2025-04-24,2008-12-31,-0.0681818181818182,23.2921875,2997045.828125
2008-09-30,RSG,USD,1060391,2008-11-10,2008-11-07 18:11:00,2008,Q3,834000000.0,499500000.0,334500000.0,0.4010791367,0,85600000.0,0.0,85600000.0,0.0,167500000.0,667000000.0,2600000.0,22600000.0,77300000.0,245300000.0,0.2941247002,167000000.0,0.2002398082,-21600000.0,145400000.0,0.1743405276,56700000.0,88700000.0,0.1063549161,0.49,0.48,182300000,184100000,https://www.sec.gov/Archives/edgar/data/1060391/000095014408008313/0000950144-08-008313-index.htm,https://www.sec.gov/Archives/edgar/data/1060391/000095014408008313/g16484e10vq.htm,4.5748765770707625,0.4865606143719144,0.8924849149753155,0.3510696653867252,0.2188699945145364,7.195831047723533,-1.5112452002194183,7.195831047723533,8.894130554031817,5465354000.0,7024254000.0,15.404041713641488,6.553182254196643,33.59160417947142,85.39615625,4.166301265436805,4.166301265436805,8.42236690647482,28.635360782715043,43.17304240934235,109.75396875,0.0162295068169417,0.0117101289321789,1.2187833511205977,0.3470747856290025,6.355075417855687,0.6797132616487456,7.389380530973451,1.834272829763247,0.0056720937015241,0.3494926719278466,0.1026378896882494,0.0,0.344578313253012,0.6066379840196681,0.1183453237410071,1.2768434670116429,0.0,8.875650930984122,0.025401907777951,0.0293786433492315,-16.511656609983543,-223400000.0,-275500000.0,-2820600000.0,3559000000.0,323200000.0,142150000.0,0.0,35.21223021582734,26.054054054054053,0.0,2.555930125651241,3.454356846473029,0.0,0.0676170147888397,0.5414152495885902,2008-10-30,0.48,bmo,816979591.0,2025-04-24,2008-09-30,0.0208333333333333,32.12828125,2141830.71875
2008-06-30,RSG,USD,1060391,2008-08-08,2008-08-08 16:11:15,2008,Q2,827500000.0,577500000.0,250000000.0,0.3021148036,0,83700000.0,0.0,83700000.0,0.0,164400000.0,741900000.0,2500000.0,21100000.0,76200000.0,165000000.0,0.1993957704,85600000.0,0.1034441088,-17900000.0,67700000.0,0.0818126888,27000000.0,40700000.0,0.04918429,0.22,0.22,182000000,183900000,https://www.sec.gov/Archives/edgar/data/1060391/000095014408006250/0000950144-08-006250-index.htm,https://www.sec.gov/Archives/edgar/data/1060391/000095014408006250/g14646e10vq.htm,4.5467032967032965,0.2236263736263736,0.8983516483516484,0.0538461538461538,0.0719780219780219,6.932967032967033,-1.7857142857142858,6.932967032967033,9.000549450549451,5405400000.0,7009300000.0,33.2027027027027,6.532205438066465,33.0605504587156,551.5714285714286,4.283880171184022,4.283880171184022,8.470453172205438,42.480606060606064,42.870336391437306,715.234693877551,0.0075295075295075,0.0018130018130018,1.28150261531146,0.3555799890049477,9.72060606060606,0.6820324005891016,4.056872037914692,4.017199017199017,0.0057535057535057,0.7641277641277642,0.1011480362537764,0.0,0.3489389774601429,0.9400611620795108,0.1857401812688821,2.0170603674540684,0.0,5.906256954383747,0.012962180333443,0.0137467490796095,-16.662225274725273,-215900000.0,-325000000.0,-2822600000.0,3538400000.0,313400000.0,130300000.0,0.0,34.81450151057402,21.77142857142857,0.0,2.585129646985317,4.133858267716535,0.0,0.0322555080044381,0.8445054945054945,2008-07-24,0.46,bmo,827500000.0,2025-04-24,2008-06-30,0.0,31.7921875,1012044.5
2008-03-31,RSG,USD,1060391,2008-05-05,2008-05-05 16:25:38,2008,Q1,779200000.0,476500000.0,302700000.0,0.3884753593,0,82700000.0,0.0,82700000.0,0.0,160500000.0,637000000.0,2800000.0,21400000.0,73400000.0,218600000.0,0.2805441478,142200000.0,0.1824948665,-18400000.0,123800000.0,0.1588809035,47700000.0,76100000.0,0.097664271,0.41,0.41,183400000,185100000,https://www.sec.gov/Archives/edgar/data/1060391/000095014408003584/0000950144-08-003584-index.htm,https://www.sec.gov/Archives/edgar/data/1060391/000095014408003584/g13207e10vq.htm,4.248636859323883,0.4149400218102508,0.806979280261723,0.7431842966194111,0.2748091603053435,6.892039258451472,-1.7639040348964012,6.892039258451472,9.36041439476554,5362616000.0,7007516000.0,17.61700394218134,6.882207392197126,36.233891891891886,39.34421129860602,4.2425759493670885,4.2425759493670885,8.993218685831621,32.056340347666975,47.34808108108109,51.41244314013206,0.0141908352192288,0.0254166996107869,1.3412183544303795,0.3738752646436132,7.524702653247941,0.7970634504457262,6.644859813084112,1.944809461235217,0.0058926464248046,0.4152431011826544,0.1061344969199178,0.0,0.3501014467184192,0.079054054054054,0.0150154004106776,0.159400544959128,0.0,8.02154073136368,0.0220477477697004,0.0258237469883606,-16.30302617230098,-116100000.0,-323500000.0,-2814400000.0,3620600000.0,314300000.0,140850000.0,6150000.0,35.424794661190965,22.83525708289612,0.0,2.540593413759374,3.941273779983457,0.0,0.0602056962025316,0.0637949836423118,2008-04-23,0.41,bmo,779200000.0,2025-04-24,2008-03-31,0.0,30.14245901639344,1221759.049180328
2007-12-31,RSG,USD,1060391,2008-02-21,2008-02-21 17:23:22,2007,Q4,796000000.0,495500000.0,300500000.0,0.3775125628,0,84500000.0,0.0,84500000.0,0.0,160600000.0,656100000.0,0.0,0.0,71600000.0,211500000.0,0.2657035176,139900000.0,0.1757537688,-8900000.0,131000000.0,0.1645728643,48900000.0,82100000.0,0.1031407035,0.45,0.45,183400000,183400000,https://www.sec.gov/Archives/edgar/data/1060391/000095014408001276/0000950144-08-001276-index.htm,https://www.sec.gov/Archives/edgar/data/1060391/000095014408001276/g11818e10vk.htm,4.340239912758997,0.4476553980370774,1.039803707742639,0.6226826608505998,0.11886586695747,7.109051254089422,-1.5179934569247546,7.109051254089422,8.548527808069792,5749590000.0,7295590000.0,17.50788672350792,7.223103015075376,30.14992134242265,50.34667250437828,4.409871145881271,4.409871145881271,9.16531407035176,34.49451536643026,38.25689564761405,63.88432574430823,0.0142792790442448,0.019862285832555,1.2024850437183616,0.350910962890013,7.309692671394799,0.6581835533640846,0.0,2.322777101096224,0.0055482216992863,0.3885505481120584,0.1061557788944723,0.0,0.3541340256949729,0.4011536444677503,0.0961055276381909,1.068435754189944,0.0057788944723618,8.461921548817749,0.0228244354296719,0.0284516218464097,-15.783124318429662,-214900000.0,-278400000.0,-2750200000.0,3531600000.0,321000000.0,142800000.0,6150000.0,36.39572864321608,29.20686175580222,2.234106962663976,2.4728176452314385,3.0814676616915424,40.28455284552845,0.0629697806412026,0.4171210468920392,2008-02-05,0.41,bmo,796000000.0,2025-04-24,2007-12-31,0.0,33.06578125,988811.140625
2007-09-30,RSG,USD,1060391,2007-11-07,2007-11-07 17:21:55,2007,Q3,806200000.0,518800000.0,287400000.0,0.356487224,0,76800000.0,0.0,76800000.0,0.0,159100000.0,677900000.0,0.0,0.0,78000000.0,206300000.0,0.2558918383,128300000.0,0.1591416522,-19300000.0,109000000.0,0.1352021831,42000000.0,67000000.0,0.083105929,0.36,0.35,187800000,189700000,https://www.sec.gov/Archives/edgar/data/1060391/000095014407010049/0000950144-07-010049-index.htm,https://www.sec.gov/Archives/edgar/data/1060391/000095014407010049/g10406e10vq.htm,4.292864749733759,0.356762513312034,0.8567625133120341,0.308839190628328,0.1203407880724174,6.960596379126731,-1.5005324813631522,6.960596379126731,8.818956336528222,6289422000.0,7923022000.0,23.467992537313435,7.80131729099479,39.08901180857676,108.43831034482758,4.811369339045288,4.811369339045288,9.827613495410567,38.40534173533689,49.24190180236172,136.6038275862069,0.0106528072054951,0.0092218331032644,1.2669828641370868,0.3682080924855491,7.918565196316044,0.7772588467756422,0.0,2.401492537313433,0.0032435412983895,0.3044776119402985,0.095261721657157,0.0,0.3532681191640729,0.6395276569297701,0.1276358223765815,1.3192307692307692,0.0,7.474877712262433,0.0199983016995799,0.0230319697490546,-15.59171991480298,-124000000.0,-281800000.0,-2758100000.0,3602000000.0,316200000.0,123800000.0,0.0,35.734309104440584,21.649961449498846,0.0,2.5185879412683536,4.157051282051282,0.0,0.0512545899632802,0.547923322683706,2007-11-05,0.43,bmo,753621739.0,2025-04-24,2007-09-30,0.0697674418604651,31.121269841269843,1173260.238095238
2007-06-30,RSG,USD,1060391,2007-08-03,2007-08-03 16:37:24,2007,Q2,808400000.0,496300000.0,312100000.0,0.3860712519,0,77900000.0,0.0,77900000.0,0.0,159000000.0,655300000.0,0.0,0.0,76900000.0,230000000.0,0.2845126175,153100000.0,0.1893864424,-19400000.0,133700000.0,0.1653884216,46500000.0,87200000.0,0.1078673924,0.45,0.45,192700000,194600000,https://www.sec.gov/Archives/edgar/data/1060391/000095014407007203/0000950144-07-007203-index.htm,https://www.sec.gov/Archives/edgar/data/1060391/000095014407007203/g08737e10vq.htm,4.195121951219512,0.4525168655941878,1.0923715620134924,0.7343020238713025,0.1344058121432278,7.204981837052413,-1.0420342501297353,7.204981837052413,7.775298391281785,5904328000.0,7376728000.0,16.927545871559634,7.303720930232558,28.04906413301663,41.72669964664311,4.252613079804091,4.252613079804091,9.12509648688768,32.072730434782606,35.04383847980998,52.13235335689046,0.0147688272060766,0.0239654707529798,1.079155862863728,0.33927358362393,6.401739130434783,0.7403005941978329,0.0,2.413990825688073,0.0035228395170458,0.2385321100917431,0.0963631865413161,0.0,0.3598568905393777,0.3277909738717339,0.0853537852548243,0.8972691807542262,0.0,8.564955075494282,0.0259607427363534,0.0308454191722674,-14.36261027503892,-148600000.0,-200800000.0,-2604200000.0,3576100000.0,305000000.0,115800000.0,0.0,34.76867887184562,22.26878903888777,0.0,2.5885366634646174,4.041530944625407,0.0,0.0628061077499279,0.3580695381421899,2007-07-26,0.39,bmo,750657142.0,2025-04-24,2007-06-30,0.0769230769230768,29.10650793650794,919125.3968253968
2007-03-31,RSG,USD,1060391,2007-05-07,2007-05-07 17:02:05,2007,Q1,765600000.0,486700000.0,278900000.0,0.3642894462,0,81100000.0,0.0,81100000.0,0.0,164200000.0,650900000.0,0.0,0.0,79000000.0,193700000.0,0.2530041797,114700000.0,0.1498171369,-20300000.0,94400000.0,0.1233019854,40500000.0,53900000.0,0.0704022989,0.28,0.28,193700000,195600000,https://www.sec.gov/Archives/edgar/data/1060391/000095014407004309/0000950144-07-004309-index.htm,https://www.sec.gov/Archives/edgar/data/1060391/000095014407004309/g07071e10vq.htm,3.952503871966959,0.2782653588022715,0.5121321631388746,0.284460505937016,0.1048012390294269,7.230769230769231,-0.9891584925141972,7.230769230769231,8.013422818791947,5388734000.0,6920634000.0,24.994128014842303,7.038576280041798,54.32191532258064,97.79916515426495,3.847446808510638,3.847446808510638,9.039490595611284,35.72862157976252,69.76445564516129,125.60134301270418,0.010002349345876,0.0102250361587712,1.1082393260031416,0.3519249081757584,7.908621579762519,0.764068050102823,0.0,1.8404452690166977,0.0038599047568501,0.385899814471243,0.1059299895506792,0.0,0.3609939690745023,0.4445564516129032,0.0576018808777429,0.5582278481012658,0.0020898641588296,6.728419827446082,0.0168869021448881,0.0191243258586432,-14.28200826019618,-126200000.0,-191600000.0,-2601300000.0,3606500000.0,307950000.0,135150000.0,8500000.0,34.9960815047022,20.1191699198685,0.0,2.571716493113873,4.473345588235294,0.0,0.0384835070683992,0.2276716572018585,2007-04-26,0.34,bmo,703524324.0,2025-04-24,2007-03-31,0.0882352941176469,28.13065573770492,1027177.4262295082
2006-12-31,RSG,USD,1060391,2007-02-23,2007-02-23 16:21:18,2006,Q4,766200000.0,482300000.0,283900000.0,0.3705298878,0,78500000.0,0.0,78500000.0,0.0,154200000.0,636500000.0,0.0,0.0,71600000.0,201300000.0,0.262725137,129700000.0,0.1692769512,-20800000.0,108900000.0,0.1421299922,42000000.0,66900000.0,0.0873140172,0.35,0.35,186650000,193700000,https://www.sec.gov/Archives/edgar/data/1060391/000095014407001564/0000950144-07-001564-index.htm,https://www.sec.gov/Archives/edgar/data/1060391/000095014407001564/g05604e10vk.htm,4.105009375837128,0.358424859362443,1.1856415751406375,0.673988748995446,0.1559067773908384,7.619073131529601,-0.9204393249397268,7.619073131529601,8.289311545673721,5060081500.0,6578181500.0,18.909123692077728,6.604126207256591,22.86525756891098,40.22322337042925,3.5581755854018704,3.5581755854018704,8.58546267293135,32.67849726775956,29.725176231360145,52.29079093799682,0.0132211309244722,0.0248612596457191,1.087968497292736,0.3493023885853614,7.541480377545951,0.6532713384257721,0.0,3.3079222720478327,0.0041698933110069,0.3153961136023916,0.102453667449752,0.0,0.3598455772790897,0.4315408947130592,0.1246410858783607,1.3337988826815643,0.0063951970764813,7.838652138723531,0.0208047316916044,0.0235937224475401,-14.631931422448432,-208800000.0,-171800000.0,-2613900000.0,3548900000.0,314850000.0,143650000.0,8500000.0,37.37666405638214,30.136844287787685,3.172299398714493,2.4079195474544317,2.986377708978328,28.37058823529412,0.0470431052668588,0.5116528261451916,2007-02-01,0.33,bmo,743664705.0,2025-04-24,2006-12-31,0.0303030303030303,27.70063492063492,757716.4444444445
2006-09-30,RSG,USD,1060391,2006-11-08,2006-11-07 18:15:16,2006,Q3,787100000.0,493200000.0,293900000.0,0.3733960107,0,79600000.0,0.0,79600000.0,0.0,160500000.0,653700000.0,0.0,0.0,76900000.0,210300000.0,0.2671833312,133400000.0,0.169482912,-17000000.0,116400000.0,0.1478846398,39100000.0,77300000.0,0.0982086139,0.39,0.39,197550000,199650000,https://www.sec.gov/Archives/edgar/data/1060391/000095014406010421/0000950144-06-010421-index.htm,https://www.sec.gov/Archives/edgar/data/1060391/000095014406010421/g04171e10vq.htm,3.9843077701847633,0.3912933434573525,0.7795494811440141,0.4560870665654264,1.3039736775499873,7.26044039483675,-0.7633510503669957,7.26044039483675,8.441407238673753,5296315500.0,6914615500.0,17.12909282018111,6.728897852877652,34.391659090909094,58.7826359600444,3.6926134699853583,3.6926134699853583,8.784926311777411,32.879769377080365,44.90010064935065,76.74379023307436,0.0145950519752835,0.0170118264291468,1.1626577424527644,0.3714941299650248,7.695197337137423,0.7826166514181153,0.0,1.992238033635188,0.0035307564286908,0.241914618369987,0.1011307330707661,0.0,0.3531154625854886,0.4149350649350649,0.0811840935078135,0.8309492847854356,0.0,7.99510130855395,0.0224550134087862,0.0266202906536262,-12.975828904074918,-118800000.0,-150800000.0,-2626900000.0,3613600000.0,306800000.0,128900000.0,0.0,35.61809172913225,22.956204379562045,0.0,2.526805778491172,3.920508744038156,0.0,0.0538938855190685,0.3234624145785877,2006-10-30,0.34,bmo,686189743.0,2025-04-24,2006-09-30,0.1470588235294117,26.28174603174603,879195.0476190476
2006-06-30,RSG,USD,1060391,2006-08-04,2006-08-04 16:32:36,2006,Q2,779800000.0,492500000.0,287300000.0,0.368427802,0,75100000.0,0.0,75100000.0,0.0,153300000.0,645800000.0,0.0,0.0,74400000.0,208400000.0,0.2672480123,134000000.0,0.1718389331,-19800000.0,114200000.0,0.1464478071,43400000.0,70800000.0,0.0907925109,0.35,0.35,202500000,205050000,https://www.sec.gov/Archives/edgar/data/1060391/000095014406007373/0000950144-06-007373-index.htm,https://www.sec.gov/Archives/edgar/data/1060391/000095014406007373/g02719e10vq.htm,3.850864197530864,0.3496296296296296,0.7041975308641976,0.2711111111111111,0.1516049382716049,7.224691358024692,-0.6158024691358025,7.224691358024692,8.207407407407407,5445225000.0,7076525000.0,19.22748940677966,6.982848166196461,38.18530855539972,99.1844262295082,3.721958304853042,3.721958304853042,9.074794819184406,33.956453934740885,49.625,128.89845173041894,0.0130022175392201,0.0100822280071071,1.1360218728639782,0.3701806356772167,7.827735124760077,0.7553615486809642,0.0,2.0141242937853105,0.0035443898094201,0.2725988700564972,0.0963067453193126,0.0,0.3536316457669777,0.615007012622721,0.1124647345473198,1.178763440860215,0.0,7.538848631132447,0.0209484596615628,0.0243969676085458,-13.676172839506172,-128900000.0,-124700000.0,-2628700000.0,3612300000.0,290450000.0,127650000.0,0.0,34.86663246986407,24.121827411167512,0.0,2.581264481959616,3.731060606060606,0.0,0.0483937115516062,0.4330864197530864,2006-07-26,0.33,bmo,735240000.0,2025-04-24,2006-06-30,0.0606060606060604,27.772857142857145,1070959.4126984128
2006-03-31,RSG,USD,1060391,2006-05-08,2006-05-08 16:26:31,2006,Q1,737500000.0,456400000.0,281100000.0,0.3811525424,0,81800000.0,0.0,81800000.0,0.0,158700000.0,615100000.0,0.0,0.0,73100000.0,195500000.0,0.2650847458,122400000.0,0.1659661017,-18200000.0,104200000.0,0.1412881356,39600000.0,64600000.0,0.0875932203,0.31,0.31,206400000,209250000,https://www.sec.gov/Archives/edgar/data/1060391/000095014406004568/0000950144-06-004568-index.htm,https://www.sec.gov/Archives/edgar/data/1060391/000095014406004568/g01370e10vq.htm,3.573158914728682,0.312984496124031,0.0203488372093023,-0.4181201550387597,0.0721899224806201,7.637112403100775,-0.066860465116279,7.637112403100775,7.533914728682171,5849376000.0,7389476000.0,22.6369040247678,7.931357288135593,1392.7085714285713,-67.7795596755504,3.710826619298357,3.710826619298357,10.01962847457627,37.797831202046034,1759.3990476190477,-85.62544611819236,0.0110439130601281,-0.0147537104812547,0.9864873437797372,0.3477580230347758,7.877749360613811,0.635042884649046,0.0,0.0650154798761609,0.0033165930861685,0.3003095975232198,0.1109152542372881,0.0,0.3556077378955607,21.547619047619047,0.1227118644067796,1.2380300957592338,0.0025762711864406,7.333600752008483,0.0191711639996892,0.0224196571111265,-12.94186046511628,-208500000.0,-13800000.0,-2532400000.0,3515000000.0,291650000.0,149700000.0,0.0,34.023050847457625,24.314198071866784,0.0,2.645265423242468,3.7015409570154096,0.0,0.0409820465647402,0.438468992248062,2006-04-27,0.3,bmo,713709677.0,2025-04-24,2006-03-31,0.0333333333333333,26.143387096774195,889337.6612903225
2005-12-31,RSG,USD,1060391,2006-02-24,2006-02-24 16:13:42,2005,Q4,738100000.0,471000000.0,267100000.0,0.3618750847,0,87600000.0,0.0,87600000.0,0.0,151700000.0,622700000.0,0.0,0.0,72300000.0,190200000.0,0.2576886601,115400000.0,0.1563473784,-18600000.0,96800000.0,0.131147541,36800000.0,60000000.0,0.0812897981,0.29,0.29,206400000,206400000,https://www.sec.gov/Archives/edgar/data/1060391/000095014406001501/0000950144-06-001501-index.htm,https://www.sec.gov/Archives/edgar/data/1060391/000095014406001501/g99735e10vk.htm,3.576065891472868,0.2906976744186046,1.3265503875968991,0.945251937984496,0.6385658914728682,7.780038759689923,0.0726744186046511,7.780038759689923,7.146802325581396,5166192000.0,6509492000.0,21.5258,6.99931174637583,18.86848794740687,26.479712967708867,3.217207622368913,3.217207622368913,8.819254843517138,34.224458464773925,23.77462381300219,33.364900051255766,0.0116139702124892,0.0377647598076107,0.9186075476398056,0.3241621799802219,7.062565720294427,0.7230884557721139,0.0,4.5633333333333335,0.0037938969360798,0.3266666666666666,0.1186831052702885,0.0,0.3495879573673223,0.287436084733382,0.1066251185476222,1.0885200553250345,0.0,7.133504147499354,0.018404457897809,0.0202723248977936,-12.521923449612403,-184700000.0,15000000.0,-2462400000.0,3521400000.0,299050000.0,149600000.0,36150000.0,37.12911529603035,33.64968152866242,0.0,2.4239737274220032,2.6746166950596253,0.0,0.0373645534935857,0.3812984496124031,2006-02-06,0.28,bmo,712648275.0,2025-04-24,2005-12-31,0.0357142857142855,23.8368253968254,857463.8888888889
2005-09-30,RSG,USD,1060391,2005-11-08,2005-11-08 17:30:27,2005,Q3,730000000.0,462900000.0,267100000.0,0.365890411,0,71800000.0,0.0,71800000.0,0.0,147700000.0,610600000.0,0.0,0.0,72800000.0,192200000.0,0.2632876712,119400000.0,0.1635616438,-16500000.0,102900000.0,0.1409589041,39100000.0,63800000.0,0.0873972603,0.31,0.3,210000000,213900000,https://www.sec.gov/Archives/edgar/data/1060391/000095014405011378/0000950144-05-011378-index.htm,https://www.sec.gov/Archives/edgar/data/1060391/000095014405011378/g98164e10vq.htm,3.4761904761904763,0.3038095238095238,0.7552380952380953,0.219047619047619,0.1609523809523809,7.75047619047619,0.2323809523809523,7.75047619047619,6.516666666666667,4941300000.0,6276000000.0,19.362460815047022,6.768904109589041,31.15573770491803,107.41956521739132,3.03594249201278,3.03594249201278,8.597260273972603,32.653485952133195,39.57124842370744,136.43478260869566,0.0129115819723554,0.0093092910772468,0.8408085524698943,0.3134878819810326,6.944328824141519,0.8026650989613953,0.0,2.4858934169279,0.00346062777002,0.2680250783699059,0.0983561643835616,0.0,0.361662161543043,0.7099621689785625,0.1542465753424657,1.5467032967032968,0.0,7.278738957836483,0.0191778458887385,0.022895284576186,-11.65547619047619,-100700000.0,48800000.0,-2328200000.0,3585000000.0,280999999.5,122050000.0,36150000.0,36.1972602739726,23.93389500972132,14.05703175631886,2.4863760217983653,3.760357432981316,6.402489626556017,0.03919882034898,0.5361904761904762,2005-11-01,0.29,bmo,705666666.0,2025-04-24,2005-09-30,0.0344827586206896,23.9759375,674137.359375
2005-06-30,RSG,USD,1060391,2005-08-04,2005-08-04 16:31:36,2005,Q2,718600000.0,451300000.0,267300000.0,0.3719732814,0,73700000.0,0.0,73700000.0,0.0,144400000.0,595700000.0,0.0,0.0,71500000.0,194400000.0,0.2705260228,122900000.0,0.1710269969,-19000000.0,103900000.0,0.1445866964,39500000.0,64400000.0,0.089618703,0.3,0.29,213750000,218100000,https://www.sec.gov/Archives/edgar/data/1060391/000095014405008219/0000950144-05-008219-index.htm,https://www.sec.gov/Archives/edgar/data/1060391/000095014405008219/g96675e10vq.htm,3.36187134502924,0.3012865497076023,0.783625730994152,0.375672514619883,0.1417543859649122,7.822222222222222,0.4336842105263158,7.822222222222222,6.374736842105263,5132137500.0,6464437500.0,19.922894021739133,7.1418556916226,30.639626865671644,63.912048567870485,3.069460227272728,3.069460227272728,8.995877400500975,33.25327932098765,38.59365671641791,80.5035803237858,0.0125483777470888,0.015646502066634,0.8149521531100479,0.3132989975167847,6.853395061728395,0.7991183879093199,0.0,2.6009316770186337,0.0033904001987475,0.2701863354037267,0.1025605343723907,0.0,0.3631242527361353,0.5205970149253731,0.1213470637350403,1.2195804195804196,0.0,7.281925071609705,0.0196427911537701,0.0232499368208238,-11.441403512280704,-95700000.0,92700000.0,-2296500000.0,3541900000.0,257249999.5,115500000.0,0.0,33.61536308099082,24.13029027254598,0.0,2.6773472528962268,3.729752066115702,0.0,0.0385167464114832,0.407953216374269,2005-07-27,0.29,bmo,718600000.0,2025-04-24,2005-06-30,0.0,23.34,1082676.453125
2005-03-31,RSG,USD,1060391,2005-06-24,2005-06-24 15:58:24,2005,Q1,677200000.0,418700000.0,258500000.0,0.3817188423,0,74400000.0,0.0,74400000.0,0.0,139000000.0,557700000.0,0.0,0.0,62200000.0,181700000.0,0.2683106911,119500000.0,0.1764619019,-13900000.0,105600000.0,0.1559362079,40100000.0,65500000.0,0.0967217956,0.29,0.29,222300000,226500000,https://www.sec.gov/Archives/edgar/data/1060391/000095014405006757/0000950144-05-006757-index.htm,https://www.sec.gov/Archives/edgar/data/1060391/000095014405006757/g95988e10vqza.htm,3.0463337831758883,0.294646873594242,0.753936122357175,0.528115159694107,0.3229869545659019,7.853351327035537,0.7426900584795322,7.853351327035537,6.169140800719748,4961736000.0,6261336000.0,18.93792366412214,7.326839929119905,29.604630071599047,42.26350936967632,2.842098751288808,2.842098751288808,9.245918487891316,34.459746835443035,37.358806682577566,53.33335604770017,0.0132010248026094,0.0236610734629976,0.7855424447244816,0.3130335539831089,7.152449091909741,0.8900465528707604,0.0,2.5587786259541985,0.0036479167775149,0.2763358778625954,0.1098641464855286,0.0,0.360808034695275,0.2995226730310262,0.0741287655050206,0.8070739549839229,0.0016243354991139,7.215554161277898,0.0187635586173355,0.0233903510338178,-10.700967161493477,-49600000.0,165100000.0,-2233700000.0,3570900000.0,257400000.0,114800000.0,0.0,32.70673360897815,23.644614282302367,0.0,2.751726940268184,3.806363636363636,0.0,0.0375186161072287,0.2258209626630679,2005-04-28,0.25,bmo,583793103.0,2025-04-24,2005-03-31,0.1599999999999999,21.565081967213118,1086502.737704918
2004-12-31,RSG,USD,1060391,2005-02-25,2005-02-25 16:36:18,2004,Q4,687700000.0,437700000.0,250000000.0,0.3635306093,0,83900000.0,0.0,83900000.0,0.0,140400000.0,578100000.0,0.0,0.0,65700000.0,81900000.0,0.1190926261,109600000.0,0.1593718191,-16700000.0,92900000.0,0.1350879744,35300000.0,57600000.0,0.0837574524,0.26,0.26,222300000,222300000,https://www.sec.gov/Archives/edgar/data/1060391/000095014405001868/0000950144-05-001868-index.htm,https://www.sec.gov/Archives/edgar/data/1060391/000095014405001868/g93417e10vk.htm,3.0935672514619883,0.2591093117408907,0.5802968960863698,0.188034188034188,0.6365272154745839,8.423301844354476,1.2577597840755737,8.423301844354476,6.092217723796671,4970628000.0,6183428000.0,21.57390625,7.227901701323251,38.532,118.91454545454546,2.6545409879839785,2.6545409879839785,8.991461393049295,75.49973230158403,47.9335503875969,147.9288995215311,0.0115880729758895,0.0084094001804198,0.7232576769025367,0.3033418447341307,14.808302989112368,1.1117330944917152,0.0,2.239583333333333,0.0019112273137317,0.1649305555555555,0.1220008724734622,0.0,0.356784482372441,0.6759689922480621,0.1267994765159226,1.3272450532724505,0.0,7.007674987342123,0.0169023877043011,0.0200578054810739,-10.117296446243817,49900000.0,279600000.0,-2095600000.0,3651600000.0,277300000.0,119250000.0,0.0,35.165042896611894,24.592186429061,0.0,2.559359880908076,3.6596989966555182,0.0,0.0307610146862483,0.3922627080521817,2005-02-08,0.26,bmo,715208000.0,2025-04-24,2004-12-31,-0.0384615384615384,20.9240625,704103.828125
2004-09-30,RSG,USD,1060391,2004-11-04,2004-11-04 16:23:02,2004,Q3,699900000.0,442000000.0,257900000.0,0.3684812116,0,68700000.0,0.0,68700000.0,0.0,141400000.0,583400000.0,0.0,0.0,69300000.0,185800000.0,0.2654664952,116500000.0,0.1664523503,-15700000.0,100800000.0,0.1440205744,38300000.0,62500000.0,0.0892984712,0.27,0.27,226950000,230700000,https://www.sec.gov/Archives/edgar/data/1060391/000095014404010472/0000950144-04-010472-index.htm,https://www.sec.gov/Archives/edgar/data/1060391/000095014404010472/g91644e10vq.htm,3.0839391936549903,0.2753910552985239,0.7728574575897775,0.4265256664463538,0.5102445472571051,8.113240801938753,1.1099361092751707,8.113240801938753,5.820224719101123,4502688000.0,5707788000.0,18.010752,6.433330475782254,25.670969213226908,46.515371900826445,2.4453853255851845,2.4453853255851845,8.155147878268323,30.720064585575887,32.54155074116306,58.9647520661157,0.0138805975452885,0.0214982694781428,0.7173735947428447,0.3005392368774316,6.486006458557589,1.0293991416309012,0.0,2.8064,0.0040198210491155,0.2896,0.098156879554222,0.0,0.3616299970421606,0.4481185860889395,0.1123017573939134,1.1341991341991342,0.0,7.090279528522236,0.0183732984906201,0.0222760808354421,-9.797642652566644,13700000.0,251900000.0,-2074100000.0,3585200000.0,277550000.0,115400000.0,0.0,36.76382340334333,24.21040723981901,0.0,2.448058761804827,3.7174095878889823,0.0,0.0339434095476022,0.3463317911434236,2004-11-03,0.27,bmo,699900000.0,2025-04-24,2004-09-30,0.0,19.00125,725952.6875
2004-06-30,RSG,USD,1060391,2004-08-09,2004-08-09 16:18:22,2004,Q2,683200000.0,431200000.0,252000000.0,0.368852459,0,66900000.0,0.0,66900000.0,0.0,135800000.0,567000000.0,0.0,0.0,65700000.0,181900000.0,0.2662470726,116200000.0,0.1700819672,-18000000.0,98200000.0,0.143735363,37300000.0,60900000.0,0.0891393443,0.27,0.26,229650000,233550000,https://www.sec.gov/Archives/edgar/data/1060391/000095014404007971/0000950144-04-007971-index.htm,https://www.sec.gov/Archives/edgar/data/1060391/000095014404007971/g90377e10vq.htm,2.9749618985412583,0.2651861528412802,0.7472240365774004,0.4023514043109079,0.2860875244937949,8.012627912040061,1.0846940997169603,8.012627912040061,5.657740039190072,4429948500.0,5663548500.0,18.18533866995073,6.4841166569086655,25.815550699300697,47.94316558441558,2.407449866855062,2.407449866855062,8.289737265807963,31.13550577240241,33.00436188811189,61.29381493506494,0.0137473381462561,0.0208580302908713,0.706102929188631,0.3006386227960572,6.781748213304013,0.9595150960658736,0.0,2.817733990147784,0.0020541999528888,0.1494252873563218,0.0979215456674473,0.0,0.3681336480170299,0.4615384615384615,0.1159250585480093,1.2054794520547945,0.0,6.914394718860623,0.0185394733188124,0.02230115717006,-9.641193119965164,-17700000.0,249100000.0,-2062200000.0,3538300000.0,259600000.0,112550000.0,0.0,35.46252927400469,23.35575139146568,0.0,2.537890044576523,3.853440571939231,0.0,0.0330960273898157,0.3448726322664925,2004-07-28,0.26,bmo,683200000.0,2025-04-24,2004-06-30,0.0,18.916129032258063,1012687.5483870968
2004-03-31,RSG,USD,1060391,2004-05-06,2004-05-06 16:07:00,2004,Q1,637300000.0,403500000.0,233800000.0,0.3668601914,0,62500000.0,0.0,62500000.0,0.0,123800000.0,527300000.0,0.0,0.0,58700000.0,168700000.0,0.2647104974,110000000.0,0.1726031696,-18200000.0,91800000.0,0.1440451906,34900000.0,56900000.0,0.0892829123,0.24,0.24,234000000,237600000,https://www.sec.gov/Archives/edgar/data/1060391/000095014404004964/0000950144-04-004964-index.htm,https://www.sec.gov/Archives/edgar/data/1060391/000095014404004964/g88969e10vq.htm,2.7235042735042736,0.2431623931623931,0.8132478632478632,0.6474358974358975,0.7444444444444445,8.00982905982906,1.2363247863247864,8.00982905982906,6.505555555555556,4223700000.0,5571800000.0,18.55755711775044,6.627490977561588,22.19495533368366,27.87920792079208,2.253481299685216,2.253481299685216,8.742821277263456,33.027860106698284,29.279033105622705,36.777557755775575,0.0134716007292184,0.0358690247886923,0.8121965533799285,0.3349173871911645,7.991108476585655,0.8262295081967214,0.0,3.3444639718804923,0.0022018609276227,0.1634446397188049,0.098069982739683,0.0,0.3487118562031109,0.2038885969521807,0.0608818452847952,0.6609880749574105,0.0010983838066844,6.619894792798342,0.016602743848125,0.0192210248961253,-9.868803418803418,-116600000.0,289300000.0,-2116600000.0,3381500000.0,249450000.0,121150000.0,0.0,35.30519378628589,25.249070631970262,0.0,2.5492,3.564487632508834,0.0,0.0303580003201195,0.1658119658119658,2004-04-28,0.22,bmo,584191666.0,2025-04-24,2004-03-31,0.0909090909090908,17.40951612903226,674844.8387096775
2003-12-31,RSG,USD,1060391,2004-03-12,2004-03-11 17:51:28,2003,Q4,637900000.0,404700000.0,233200000.0,0.3655745415,0,65500000.0,0.0,65500000.0,0.0,126700000.0,531400000.0,0.0,0.0,61200000.0,167700000.0,0.2628938705,106500000.0,0.166954068,-16600000.0,89900000.0,0.1409311804,34200000.0,55700000.0,0.0873177614,0.24,0.24,234000000,234000000,https://www.sec.gov/Archives/edgar/data/1060391/000095014404002337/0000950144-04-002337-index.htm,https://www.sec.gov/Archives/edgar/data/1060391/000095014404002337/g87671e10vk.htm,2.726068376068376,0.238034188034188,0.7183760683760684,0.3235042735042735,0.5094017094017094,8.13888888888889,1.3735042735042735,8.13888888888889,6.497008547008547,3999060000.0,5400160000.0,17.94910233393178,6.269101740084653,23.78976799524093,52.82774108322325,2.0997952218430034,2.0997952218430034,8.46552751214924,32.20131186642814,32.12468768590125,71.33632760898283,0.0139282731441888,0.0189294484203787,0.7982672617484904,0.3338310533365539,8.354800238521168,0.8273809523809523,0.0,3.0179533213644523,0.0023505523798092,0.1687612208258528,0.1026806709515598,0.0,0.3476208251904877,0.5496728138013087,0.1448502900141088,1.5098039215686274,0.0,6.602273145194819,0.0160422501494685,0.0187478963312016,-10.015918803418804,-116000000.0,321400000.0,-2093600000.0,2460200000.0,257600000.0,123900000.0,0.0,35.116789465433456,28.71015567086731,0.0,2.562876657292086,3.134779240898528,0.0,0.029246521396692,0.3948717948717948,2004-02-04,0.23,bmo,637900000.0,2025-04-24,2003-12-31,0.0,16.26890625,676419.40625
2003-09-30,RSG,USD,1060391,2003-11-13,2003-11-13 16:56:07,2003,Q3,648000000.0,433700000.0,214300000.0,0.3307098765,0,65300000.0,0.0,65300000.0,0.0,127000000.0,560700000.0,0.0,0.0,61700000.0,149000000.0,0.2299382716,87300000.0,0.1347222222,-15300000.0,72000000.0,0.1111111111,27300000.0,44700000.0,0.0689814815,0.19,0.19,243300000,243300000,https://www.sec.gov/Archives/edgar/data/1060391/000095014403012816/0000950144-03-012816-index.htm,https://www.sec.gov/Archives/edgar/data/1060391/000095014403012816/g85863e10vq.htm,2.6633785450061653,0.1837237977805178,0.7402383888203864,0.3592272914097821,0.5125359638306617,7.784217016029593,1.288943690916564,7.784217016029593,6.151253596383066,3671397000.0,5043297000.0,20.533540268456377,5.665736111111111,20.385324819544696,42.00683066361556,1.938537937589102,1.938537937589102,7.782865740740741,33.84763087248322,28.002759578012217,57.70362700228833,0.0121752019735266,0.0238056521809,0.7902212366017213,0.3404923328934795,9.20738255033557,0.6911094783247612,0.0,4.029082774049217,0.0026507634194831,0.2177182296644295,0.1007716049382716,0.0,0.3595349683760295,0.5147140477512493,0.1430555555555555,1.5024311183144246,0.0,5.67259050531461,0.0137201604941396,0.0158786543994884,-8.948109330045211,-210200000.0,313600000.0,-2031200000.0,3243800000.0,265450000.0,111500000.0,0.0,36.98611111111112,24.632234263315656,0.0,2.4333458505444985,3.6537489469250217,0.0,0.0236020909234912,0.3810110974106042,2003-11-03,0.18,bmo,613894736.0,2025-04-24,2003-09-30,0.0555555555555556,15.7165625,838639.796875
2003-06-30,RSG,USD,1060391,2003-08-08,2003-08-08 16:39:56,2003,Q2,637300000.0,399300000.0,238000000.0,0.3734504943,0,62000000.0,0.0,62000000.0,0.0,124500000.0,523800000.0,0.0,0.0,59400000.0,172900000.0,0.2713008003,113500000.0,0.1780950887,-16000000.0,97500000.0,0.1529891731,37100000.0,60400000.0,0.0947748313,0.25,0.25,243750000,243750000,https://www.sec.gov/Archives/edgar/data/1060391/000095014403009583/0000950144-03-009583-index.htm,https://www.sec.gov/Archives/edgar/data/1060391/000095014403009583/g84244e10vq.htm,2.6145641025641027,0.2477948717948718,0.6215384615384615,0.3585641025641025,1.0157948717948715,7.792,1.318974358974359,7.792,6.072615384615385,3683062500.0,4915662500.0,15.244463990066224,5.779166012866781,24.31064356435644,42.140303203661325,1.9391683778234088,1.9391683778234088,7.713262984465715,28.43066801619433,32.44661716171617,56.24327803203661,0.0163993958831814,0.0237302516587758,0.7793397567524878,0.3449143656064313,7.128976286871024,0.9163533834586466,0.0,2.5082781456953644,0.0,0.0,0.0972854228777655,0.0,0.3676569963882092,0.4231023102310231,0.1005805742978189,1.0791245791245792,0.0,6.591160514133829,0.0181178609750038,0.0222574344990234,-7.984205128205128,-53400000.0,321500000.0,-1807200000.0,3351900000.0,257950000.0,100700000.0,0.0,37.36701710340499,23.50864012021037,0.0,2.40854119425548,3.828379674017258,0.0,0.0318011899120728,0.262974358974359,2003-07-30,0.25,bmo,637300000.0,2025-04-24,2003-06-30,0.0,14.65047619047619,987112.9682539684
2003-03-31,RSG,USD,1060391,2003-05-14,2003-05-14 16:58:49,2003,Q1,594600000.0,367700000.0,226900000.0,0.3816010764,0,61600000.0,0.0,61600000.0,0.0,121500000.0,489200000.0,0.0,0.0,56800000.0,162200000.0,0.2727884292,105400000.0,0.1772620249,-17400000.0,88000000.0,0.1479986546,33400000.0,16800000.0,0.0282542886,0.0733,0.0667,243150000,244950000,https://www.sec.gov/Archives/edgar/data/1060391/000095014403006744/0000950144-03-006744-index.htm,https://www.sec.gov/Archives/edgar/data/1060391/000095014403006744/g82717e10vq.htm,2.445404071560765,0.0690931523750771,0.4145589142504626,0.3158544108574954,0.6831174172321612,7.595722804852971,1.1367468640756735,7.595722804852971,5.93913222290767,3216874500.0,4494874500.0,47.87015625,5.410148839556004,31.913437500000004,41.88638671875,1.7417697222372626,1.7417697222372626,7.559492936427851,27.71192663378545,44.59200892857143,58.52701171875,0.0052224604969823,0.0238741051290623,0.7819048134712221,0.347649197140037,7.879161528976572,1.2795560144553433,0.0,6.0,0.0,0.0,0.10359905819038,0.0,0.3780784323166181,0.238095238095238,0.0403632694248234,0.4225352112676056,0.0,3.436317759750614,0.0173500766982142,0.0065030579856003,-8.029714168208924,108300000.0,276400000.0,-1811300000.0,3494700000.0,244950000.0,110300000.0,0.0,38.03733602421796,23.76665760130541,0.0,2.366096299243932,3.786817713697219,0.0,0.0090963235692241,0.0987045033929673,2003-04-29,0.22,bmo,594600000.0,2025-04-24,2003-03-31,0.0,13.214098360655736,925289.9672131148
2002-12-31,RSG,USD,1060391,2003-03-27,2003-03-27 16:27:48,2002,Q4,605300000.0,381800000.0,223500000.0,0.3692383942,0,58600000.0,0.0,58600000.0,0.0,105400000.0,487200000.0,0.0,0.0,52400000.0,170500000.0,0.2816785065,118100000.0,0.1951098629,-18900000.0,99200000.0,0.1638856765,37700000.0,61500000.0,0.1016025112,0.25,0.25,244950000,244950000,https://www.sec.gov/Archives/edgar/data/1060391/000095014403003923/0000950144-03-003923-index.htm,https://www.sec.gov/Archives/edgar/data/1060391/000095014403003923/g81519e10vk.txt,2.471116554398857,0.251071647274954,0.6327822004490712,0.2396407430087773,0.5776689120228619,7.679526433966116,1.270463359869361,7.679526433966116,5.887323943661972,3426850500.0,4727450500.0,13.930286585365854,5.661408392532628,22.108712903225808,58.37905451448041,1.8217269151028657,1.8217269151028657,7.810094994217743,27.726982404692084,30.49968064516129,80.53578364565588,0.0179465080253719,0.0171294312372249,0.7666259103715911,0.3426148107671474,7.628152492668621,1.1532381438041814,0.0,2.5203252032520327,0.0,0.0,0.0968114984305303,0.0,0.3729775961606994,0.6212903225806452,0.1590946638030728,1.8377862595419847,0.0,6.586539715322234,0.0191683215706013,0.0233025159139133,-8.195754235558278,60100000.0,311200000.0,-1875700000.0,3540000000.0,244150000.0,108000000.0,0.0,35.47662316206839,29.11210057621792,0.0,2.5368818105616096,3.091497975708502,0.0,0.0326936367019297,0.3931414574402939,2003-02-03,0.23,bmo,605300000.0,2025-04-24,2002-12-31,0.0,13.7234375,940871.796875
2002-09-30,RSG,USD,1060391,2002-11-14,2002-11-13 20:10:09,2002,Q3,609700000.0,377600000.0,232100000.0,0.3806790225,0,60500000.0,0.0,60500000.0,0.0,113900000.0,491500000.0,0.0,0.0,53400000.0,171600000.0,0.2814498934,118200000.0,0.1938658357,-17800000.0,100400000.0,0.1646711497,38200000.0,62200000.0,0.1020173856,0.25,0.25,247200000,247200000,https://www.sec.gov/Archives/edgar/data/1060391/000095014402011705/0000950144-02-011705-index.htm,https://www.sec.gov/Archives/edgar/data/1060391/000095014402011705/g79298e10vq.htm,2.466423948220065,0.2516181229773462,0.5165857605177994,0.2855987055016181,0.2544498381877023,7.33373786407767,1.0287216828478964,7.33373786407767,5.618122977346278,3097416000.0,4423316000.0,12.449421221864952,5.080229621125143,24.25541111981206,43.87274787535411,1.7085421148436206,1.7085421148436206,7.254905691323602,25.776899766899767,34.638339859044635,62.65320113314448,0.0200812548266038,0.0227931927774635,0.7660654200452314,0.3431762583706046,7.726689976689976,0.9604406609914872,0.0,2.053054662379421,0.0,0.0,0.0992291290798753,0.0,0.3851343003286466,0.447141738449491,0.0936526160406757,1.069288389513109,0.0,6.443545646983507,0.0200573803828756,0.0249969858939838,-8.025182038834952,-15800000.0,254300000.0,-1850400000.0,3404900000.0,247850000.0,84350000.0,0.0,36.85911103821552,22.04713983050847,0.0,2.441730076091309,4.082162162162162,0.0,0.0343096695901594,0.2309870550161812,2002-10-28,0.25,bmo,609700000.0,2025-04-24,2002-09-30,0.0,12.84921875,865141.34375
2002-06-30,RSG,USD,1060391,2002-08-09,2002-08-09 17:24:59,2002,Q2,598200000.0,371500000.0,226700000.0,0.3789702441,0,61000000.0,0.0,61000000.0,0.0,110400000.0,481900000.0,0.0,0.0,49400000.0,165700000.0,0.2769976596,116300000.0,0.1944165831,-17900000.0,98400000.0,0.1644934804,37400000.0,61000000.0,0.1019725844,0.24,0.24,251250000,251250000,https://www.sec.gov/Archives/edgar/data/1060391/000095014402008151/0000950144-02-008151-index.htm,https://www.sec.gov/Archives/edgar/data/1060391/000095014402008151/g77690e10vq.txt,2.38089552238806,0.2427860696517413,0.6065671641791045,0.3375124378109452,0.4394029850746269,7.135124378109452,0.9524378109452736,7.135124378109452,5.43363184079602,3228562500.0,4483362500.0,13.231813524590164,5.39712888665998,21.18479330708661,38.07267099056604,1.8009496848329336,1.8009496848329336,7.494755098629221,27.057106216053107,29.41838910761155,52.8698408018868,0.0188938575604467,0.0262655593627194,0.7615328833602946,0.3426534812509412,7.572721786360893,1.047769156159069,0.0,2.498360655737705,0.0,0.0,0.1019725844199264,0.0,0.389890065759751,0.4435695538057743,0.1130056837178201,1.368421052631579,0.0,6.243152096124535,0.0201651734722812,0.0250946190554549,-7.54865671641791,19700000.0,239300000.0,-1759400000.0,3354900000.0,235000000.0,77750000.0,0.0,37.01103309929789,18.46029609690444,0.0,2.4317073170731707,4.875328083989501,0.0,0.0340268868187649,0.2690547263681592,2002-08-01,0.24,bmo,598200000.0,2025-04-24,2002-06-30,0.0,13.33453125,804152.203125
2002-03-31,RSG,USD,1060391,2002-05-13,2002-05-13 16:51:42,2002,Q1,551900000.0,342000000.0,209900000.0,0.3803225222,0,58600000.0,0.0,58600000.0,0.0,103000000.0,445000000.0,0.0,0.0,44400000.0,151300000.0,0.2741438666,106900000.0,0.1936945099,-18400000.0,88500000.0,0.1603551368,33600000.0,54900000.0,0.0994745425,0.21,0.21,253523238,253523238,https://www.sec.gov/Archives/edgar/data/1060391/000095014402005221/0000950144-02-005221-index.htm,https://www.sec.gov/Archives/edgar/data/1060391/000095014402005221/g76122e10-q.txt,2.176920760218438,0.2165481966588009,0.5309178009157488,0.3826079248798487,0.1913039624399243,6.969380850208295,0.8563317576434551,6.969380850208295,5.278806039862902,3227350819.74,4517150819.74,14.696497357650276,5.847709403406415,23.977346357652305,33.27165793546392,1.8265611068764505,1.8265611068764505,8.184726979054176,29.855590348578986,33.559812925260026,46.56856515195876,0.0170108559826237,0.0300556107525411,0.7574282641915219,0.3456353305785124,8.524785194976866,0.93740010655301,0.0,2.4517304189435336,0.0,0.0,0.1061786555535423,0.0,0.4002582644628099,0.2793462109955423,0.0681282841094401,0.8468468468468469,0.0,5.827276742713719,0.0189463836142211,0.0236413745586082,-7.449415741526621,-23500000.0,217100000.0,-1753200000.0,3293100000.0,228450000.0,84750000.0,0.0,36.528356586338106,20.86842105263158,0.0,2.4638392857142857,4.312736443883985,0.0,0.0310713679325372,0.1483098760359001,2002-04-29,0.2,bmo,525619047.0,2025-04-24,2002-03-31,0.0499999999999999,12.198,998524.6833333332
2001-12-31,RSG,USD,1060391,2002-03-28,2002-03-28 00:00:00,2001,Q4,563500000.0,380100000.0,183400000.0,0.3254658385,0,66800000.0,0.0,66800000.0,0.0,121400000.0,501500000.0,0.0,0.0,-6900000.0,216700000.0,0.3845607808,62000000.0,0.1100266193,-117900000.0,-55900000.0,-0.0992014197,-17000000.0,-38900000.0,-0.0690328305,-0.15,-0.15,253650000,253650000,https://www.sec.gov/Archives/edgar/data/1060391/000095014402002988/0000950144-02-002988-index.htm,https://www.sec.gov/Archives/edgar/data/1060391/000095014402002988/g74827e10-k.txt,2.221565148827124,-0.1533609304159274,0.3079045929430317,0.0307510348905972,0.0634732899664892,6.922531046717919,0.8054405677114134,6.922531046717919,5.392075694855115,3376081500.0,4727681500.0,-21.697181876606685,5.9912715173025735,43.22767605633803,432.8309615384616,1.9227071587220228,1.9227071587220228,8.389851818988465,21.81671204430088,60.53369398207426,606.1130128205128,-0.0115222336901523,0.0023103707656346,0.7789167948060823,0.3546663900630137,6.237194277803415,0.8405797101449275,0.0,-2.007712082262211,0.0,0.0,0.118544809228039,0.0,0.4023545885952856,0.9001280409731114,0.1247559893522626,-10.18840579710145,0.0,,0.0123147999457736,-0.0168785525231049,-7.528582692686773,-61600000.0,204300000.0,-1775600000.0,3264900000.0,252200000.0,84950000.0,0.0,37.19787045252884,21.357537490134177,0.0,2.419493344783169,4.213968957871397,0.0,-0.0221538812005239,0.2771535580524344,2002-01-30,0.2,bmo,591675000.0,2025-04-24,2001-12-31,-0.05,11.815,1295336.53125
2001-09-30,RSG,USD,1060391,2001-11-09,2001-11-09 00:00:00,2001,Q3,582600000.0,358200000.0,224400000.0,0.3851699279,0,57400000.0,0.0,57400000.0,0.0,114000000.0,472200000.0,0.0,0.0,56600000.0,167000000.0,0.2866460693,110400000.0,0.1894953656,-18900000.0,91500000.0,0.1570545829,34800000.0,56700000.0,0.0973223481,0.22,0.22,256650000,256650000,https://www.sec.gov/Archives/edgar/data/1060391/000095014401508659/0000950144-01-508659-index.htm,https://www.sec.gov/Archives/edgar/data/1060391/000095014401508659/g72531e10-q.txt,2.270017533606078,0.2209234365867913,0.6128969413598285,0.3662575491915059,0.0,6.957724527566725,0.7204363919735047,6.957724527566725,5.188778492109877,2751288000.0,4082988000.0,12.130899470899472,4.722430484037075,17.49070565797839,29.269021276595744,1.540733605868847,1.540733605868847,7.00821833161689,24.44902994011976,25.95669421487603,43.43604255319149,0.0206085295323499,0.034165816155924,0.7457579660637285,0.3424185544213314,7.974251497005988,0.8289317154413515,0.0,2.774250440917108,0.0,0.0,0.0985238585650532,0.0,0.4116119410660564,0.4024157660521297,0.1086508753861997,1.1183745583038869,0.0,5.880926738424874,0.019552374540195,0.0247782196390333,-7.402201441652055,-71900000.0,184900000.0,-1755000000.0,3315800000.0,270200000.0,78800000.0,0.0,41.94129763130793,20.025125628140703,0.0,2.14585635359116,4.49435382685069,0.0,0.0317522540180321,0.2466393921683226,2001-10-29,0.23,bmo,609081818.0,2025-04-24,2001-09-30,-0.0434782608695652,12.885593220338984,805838.1355932204
2001-06-30,RSG,USD,1060391,2001-08-13,2001-08-13 00:00:00,2001,Q2,576000000.0,354500000.0,221500000.0,0.3845486111,0,55800000.0,0.0,55800000.0,0.0,109700000.0,464200000.0,0.0,0.0,53900000.0,165700000.0,0.2876736111,111800000.0,0.1940972222,-18100000.0,93700000.0,0.1626736111,35600000.0,58100000.0,0.1008680556,0.23,0.23,257100000,257100000,https://www.sec.gov/Archives/edgar/data/1060391/000095014401505677/0000950144-01-505677-index.htm,https://www.sec.gov/Archives/edgar/data/1060391/000095014401505677/g71181e10-q.txt,2.2403733955659275,0.2259821081291326,0.5352003111629716,0.2376507195643718,0.0353947880202255,6.801244651886425,0.5686503306106573,6.801244651886425,5.623492804356282,3401433000.0,4838133000.0,14.636114457831326,5.905265625,24.71971656976744,55.66993453355156,1.945232185748599,1.945232185748599,8.399536458333333,29.19814725407363,35.160850290697674,79.18384615384615,0.0170810361397681,0.0179630173518043,0.8268328948873385,0.3693730519646415,8.670488835244418,0.552685462277524,0.0,2.368330464716007,0.0,0.0,0.096875,0.0,0.4093812273261458,0.5559593023255814,0.1328125,1.419294990723562,0.0,5.880611456093989,0.0194624102355885,0.0251319318280128,-7.603364449630494,-284000000.0,146200000.0,-1814700000.0,3135300000.0,259750000.0,69450000.0,0.0,42.015625,19.7771509167842,0.0,2.1420602454444038,4.550706033376123,0.0,0.033226581265012,0.2975495915985998,2001-07-30,0.23,bmo,576000000.0,2025-04-24,2001-06-30,0.0,12.433174603174605,618297.4761904762
2001-03-31,RSG,USD,1060391,2001-05-10,2001-05-10 00:00:00,2001,Q1,535400000.0,340700000.0,194700000.0,0.3636533433,0,56500000.0,0.0,56500000.0,0.0,95800000.0,436500000.0,0.0,0.0,50300000.0,149200000.0,0.2786701532,98900000.0,0.1847217034,-18900000.0,80000000.0,0.1494209936,30400000.0,49600000.0,0.0926410161,0.19,0.19,257700000,257700000,https://www.sec.gov/Archives/edgar/data/1060391/000095014401501768/0000950144-01-501768-index.htm,https://www.sec.gov/Archives/edgar/data/1060391/000095014401501768/g69150qe10-q.txt,2.0776096235933257,0.1924718665114474,0.3344974776872332,0.182382615444315,0.0752813348855258,6.615832363213039,1.108265424912689,6.615832363213039,4.882809468374078,3221250000.0,4460150000.0,16.236139112903224,6.016529697422488,37.369489559164734,68.5372340425532,1.8894070033433048,1.8894070033433048,8.330500560328726,29.89376675603217,51.74187935034803,94.8968085106383,0.0153977493209157,0.0145906092355452,0.7380491524429585,0.3523366841206283,8.30361930294906,0.972940323749698,0.0,1.7379032258064515,0.0,0.0,0.1055285767650354,0.0,0.3974183070590541,0.4547563805104408,0.0732162868883078,0.7793240556660039,0.0,5.352628894120646,0.0187247686811005,0.0230483271375464,-6.43791230112534,-11200000.0,285600000.0,-1463700000.0,3105500000.0,245950000.0,82200000.0,0.0,42.12551363466567,16.113883181684766,0.0,2.1364724660814045,5.585245901639344,0.0,0.0290926154026629,0.1521148622429181,2001-04-30,0.2,bmo,563578947.0,2025-04-24,2001-03-31,-0.05,11.06274193548387,1373791.6290322582
2000-12-31,RSG,USD,1060391,2001-02-22,2001-02-22 00:00:00,2000,Q4,529100000.0,319700000.0,209400000.0,0.3957663958,0,55900000.0,0.0,55900000.0,0.0,107200000.0,426900000.0,0.0,0.0,51300000.0,153500000.0,0.2901152901,102200000.0,0.1931581932,-13300000.0,88900000.0,0.168021168,32400000.0,56500000.0,0.1067851068,0.22,0.22,257700000,257700000,https://www.sec.gov/Archives/edgar/data/1060391/000095014401003018/0000950144-01-003018-index.htm,https://www.sec.gov/Archives/edgar/data/1060391/000095014401003018/g67177e10-k405.txt,2.053162592161428,0.2192471866511447,0.5688785409390764,0.3352735739231665,0.0077609623593325,6.49941792782305,0.9309274350019402,6.49941792782305,4.876600698486612,2953242000.0,4207942000.0,13.067442477876108,5.581632961632962,20.144897680763982,34.181041666666665,1.7632348199892534,1.7632348199892534,7.953018333018333,27.413302931596093,28.70356070941337,48.703032407407406,0.0191315171597857,0.029255983762929,0.7503134515493463,0.3528569422995928,8.173941368078175,1.0628601361969618,0.0,2.594690265486726,0.0,0.0,0.1056511056511056,0.0,0.4029201179278394,0.4106412005457026,0.1137781137781137,1.1734892787524367,0.0,5.66233429336059,0.0200706865785525,0.0265694803667999,-6.610884749708964,24000000.0,239900000.0,-1480800000.0,3126800000.0,251050000.0,79850000.0,0.0,41.045171045171045,29.10853925555208,0.0,2.192706174886034,3.0918762088974856,0.0,0.0337333572153561,0.2336049670159099,2001-01-29,0.21,bmo,503904761.0,2025-04-24,2000-12-31,0.0476190476190476,9.456349206349206,1242857.142857143
2000-09-30,RSG,USD,1060391,2000-11-14,2000-11-14 00:00:00,2000,Q3,539100000.0,324900000.0,214200000.0,0.3973288815,0,49400000.0,0.0,49400000.0,0.0,100000000.0,424900000.0,0.0,0.0,50600000.0,164800000.0,0.3056946763,114200000.0,0.211834539,-24700000.0,89500000.0,0.1660174365,34500000.0,55000000.0,0.1020218883,0.21,0.21,263550000,263550000,https://www.sec.gov/Archives/edgar/data/1060391/000095014400013606/0000950144-00-013606-index.htm,https://www.sec.gov/Archives/edgar/data/1060391/000095014400013606/g65406e10-q.txt,2.045532157085942,0.2086890533105672,0.3339024852969076,0.1441851641054828,0.0182128628343767,6.283817112502372,0.9398596091823184,6.283817112502372,4.584329349269589,2306062500.0,3509462500.0,10.482102272727271,4.277615470228158,26.205255681818183,60.6858552631579,1.3924657327456071,1.3924657327456071,6.509854386941198,21.295282160194176,39.88025568181818,92.35427631578948,0.0238501775212076,0.016478304469198,0.7295453173117565,0.3489890236857308,7.302184466019417,1.103244837758112,0.0,1.5970961887477313,0.0,0.0,0.0916342051567427,0.0,0.4068168688619295,0.5681818181818182,0.092747171211278,0.9881422924901184,0.0,5.4319137050085216,0.0221565861431207,0.0267822360732372,-6.09182318345665,35000000.0,247700000.0,-1431900000.0,3068800000.0,253800000.0,60600000.0,0.0,43.53923205342237,15.595567867036012,0.0,2.067101226993865,5.770870337477797,0.0,0.0332105549181812,0.1897173211914248,2000-10-26,0.27,bmo,632856521.0,2025-04-24,2000-09-30,-0.1481481481481481,10.544920634920636,825490.4761904762
2000-06-30,RSG,USD,1060391,2000-08-10,2000-08-10 00:00:00,2000,Q2,533500000.0,320500000.0,213000000.0,0.3992502343,0,47900000.0,0.0,47900000.0,0.0,97100000.0,417600000.0,0.0,0.0,49200000.0,165100000.0,0.3094657919,115900000.0,0.2172446111,-19700000.0,96200000.0,0.1803186504,37000000.0,59200000.0,0.1109653233,0.23,0.23,263850000,263850000,https://www.sec.gov/Archives/edgar/data/1060391/000095014400009713/0000950144-00-009713-index.htm,https://www.sec.gov/Archives/edgar/data/1060391/000095014400009713/e10-q.txt,2.021982186848588,0.2243699071442107,0.4241046048891415,0.2399090392268334,0.0,6.115595982565852,0.8971006253553155,6.115595982565852,4.384309266628766,2815279500.0,3972079500.0,11.888849239864864,5.277,25.158887399463808,44.47518957345971,1.7447195711452652,1.7447195711452652,7.445322399250235,24.058628104179284,35.49668900804289,62.75007109004739,0.0210281075111725,0.0224844460381287,0.7169062964799207,0.3426946320654106,7.006662628709873,0.9255725190839694,0.0,1.8902027027027024,0.0,0.0,0.0897844423617619,0.0,0.4078978551961132,0.4343163538873995,0.0910965323336457,0.9878048780487804,0.0,5.556393012705787,0.0232884075370851,0.0296192525141341,-5.976501800265302,-27300000.0,236700000.0,-1422500000.0,2958400000.0,245650000.0,65000000.0,0.0,41.63448922211808,18.22464898595944,0.0,2.1616693679092385,4.938366718027735,0.0,0.0366881507188894,0.1841955656623081,2000-07-26,0.22,bmo,510304347.0,2025-04-24,2000-06-30,0.0454545454545455,9.452857142857145,1091550.0
2000-03-31,RSG,USD,1060391,2000-05-11,2000-05-11 00:00:00,2000,Q1,501500000.0,306100000.0,195400000.0,0.3896311067,0,47400000.0,0.0,47400000.0,0.0,93700000.0,399800000.0,0.0,0.0,46300000.0,148000000.0,0.295114656,101700000.0,0.2027916251,-20100000.0,81600000.0,0.1627118644,31400000.0,50200000.0,0.1000997009,0.19,0.19,263250000,263250000,https://www.sec.gov/Archives/edgar/data/1060391/000095014400006332/0000950144-00-006332-index.html,https://www.sec.gov/Archives/edgar/data/1060391/000095014400006332/,1.905033238366572,0.190693257359924,0.4379867046533713,0.2510921177587844,0.0,5.898955365622032,0.8417853751187084,5.898955365622032,4.535232668566002,1919092500.0,3112992500.0,9.557233565737052,3.826704885343968,16.644340849956635,29.03316944024206,1.2358120291068324,1.2358120291068324,6.207362911266201,21.03373310810811,26.999067649609717,47.09519667170953,0.0261581971687138,0.0344433632042228,0.7688196277931612,0.3578836930455635,8.066891891891892,0.8825512784490025,0.0,2.296812749003984,0.0,0.0,0.0945164506480558,0.0,0.3990707434052757,0.4267129228100607,0.0981056829511465,1.062634989200864,0.0,5.0309092426770645,0.0207211502869678,0.025041153289769,-6.076828110161443,-41800000.0,221600000.0,-1469000000.0,2928900000.0,247700000.0,70600000.0,0.0,43.87836490528415,19.14080365893499,0.0,2.051124744376278,4.701996927803379,0.0,0.0323266147208448,0.1868945868945869,2000-04-25,0.19,bmo,501500000.0,2025-04-24,2000-03-31,0.0,7.664761904761905,1365261.8095238097
1999-12-31,RSG,USD,1060391,2000-03-13,2000-03-13 00:00:00,1999,Q4,488800000.0,290400000.0,198400000.0,0.4058919804,0,47900000.0,0.0,47900000.0,0.0,93300000.0,383700000.0,0.0,0.0,45400000.0,150500000.0,0.3078968903,105100000.0,0.2150163666,-23100000.0,82000000.0,0.1677577741,31600000.0,50400000.0,0.1031096563,0.19,0.19,263250000,263250000,https://www.sec.gov/Archives/edgar/data/1060391/000095014400003134/0000950144-00-003134-index.html,https://www.sec.gov/Archives/edgar/data/1060391/000095014400003134/,1.85679012345679,0.1914529914529914,0.3745489078822412,0.0398860398860398,0.0497625830959164,5.708262108262108,0.7802469135802469,5.708262108262108,4.593732193732194,2500875000.0,3697075000.0,12.405133928571429,5.116356382978723,25.363843813387422,238.17857142857144,1.6642543421840688,1.6642543421840688,7.563574058919803,24.56528239202657,37.49568965517241,352.10238095238094,0.0201529464687359,0.0041985305143199,0.8047514473946895,0.3677584162029012,7.948172757475083,0.8616662341032961,0.0,1.9563492063492065,0.0,0.0,0.0979950900163666,0.0,0.3945199647234133,0.8935091277890467,0.1802373158756137,1.9405286343612336,0.0,4.9587737167622565,0.0218221906562015,0.0253139126067302,-6.018328584995252,-53300000.0,205400000.0,-1453600000.0,2849500000.0,250350000.0,70550000.0,0.0,46.1968085106383,23.58471074380165,0.0,1.9481865284974096,3.816031537450723,0.0,0.0335396286683968,0.3346628679962013,2000-01-27,0.2,bmo,513240000.0,2025-04-24,1999-12-31,-0.05,7.82171875,1887424.21875
1999-09-30,RSG,USD,1060391,1999-11-15,1999-11-15 00:00:00,1999,Q3,490600000.0,295900000.0,194700000.0,0.3968609865,0,46400000.0,0.0,46400000.0,0.0,91200000.0,387100000.0,0.0,0.0,44800000.0,148300000.0,0.3022829189,103500000.0,0.2109661639,-18200000.0,85300000.0,0.1738687322,32800000.0,52500000.0,0.1070118223,0.2,0.2,262368816,262368816,https://www.sec.gov/Archives/edgar/data/1060391/000095014499012994/0000950144-99-012994-index.html,https://www.sec.gov/Archives/edgar/data/1060391/000095014499012994/,1.8698868542365188,0.2000999996889874,0.3441719994650584,-0.4463182850205796,0.0766097141666409,5.532288562829814,0.2694679995811697,5.532288562829814,4.690725135566416,1902173916.0,3123073916.0,9.057971028571428,3.877239942927028,21.065048903654485,-16.244012946199827,1.3104884023424044,1.3104884023424044,6.365825348552793,21.059163290627108,34.5855361683278,-26.67014445772844,0.0275999999571017,-0.0615611427614592,0.8478815018945918,0.3766372873056677,8.232636547538773,0.7638131373013991,0.0,1.72,0.0,0.0,0.094578067672238,0.0,0.4225731423674868,2.2967884828349945,0.4227476559315124,4.629464285714286,0.0,4.990766087815254,0.0217954772183664,0.0278248887004451,-6.13125456189885,-99600000.0,70700000.0,-1494000000.0,2845900000.0,242050000.0,66050000.0,0.0,45.82551977170811,19.770192632646165,0.0,1.963971176941553,4.552307692307692,0.0,0.0361694798484326,0.790490284485638,1999-10-28,0.21,bmo,499900000.0,2025-04-24,1999-09-30,0.0,11.27265625,2495444.53125
1999-06-30,RSG,USD,1060391,1999-08-16,1999-08-16 00:00:00,1999,Q2,455600000.0,270100000.0,185500000.0,0.4071553995,0,43300000.0,0.0,43300000.0,0.0,82900000.0,353000000.0,0.0,0.0,39600000.0,142200000.0,0.3121158911,102600000.0,0.2251975417,-14000000.0,88600000.0,0.1944688323,34100000.0,54500000.0,0.1196224759,0.21,0.21,263577888,263577888,https://www.sec.gov/Archives/edgar/data/1060391/000095014499010414/0000950144-99-010414-index.html,https://www.sec.gov/Archives/edgar/data/1060391/000095014499010414/,1.728521324216696,0.2067700003727171,0.2689906977325806,-0.6555936892551473,0.1703481287474312,5.307729000393235,0.5645390101919323,5.307729000393235,4.345963952788027,4349035152.0,5449635152.0,19.94970253211009,9.545731237928006,61.3404111706629,-25.1680275,3.10867416154396,3.10867416154396,11.961446777875327,38.32373524613221,76.86368338504937,-31.537240462962963,0.012531515174104,-0.0397329508639483,0.8187991422444604,0.3692659811095709,7.739803094233474,0.9351320321469576,0.0,1.3009174311926606,0.0,0.0,0.0950395083406497,0.0,0.4030173108539376,3.437235543018336,0.5348990342405618,6.154040404040404,0.0,4.969233378124415,0.0226963491743029,0.0294292348398941,-5.624428556009979,-22600000.0,148800000.0,-1377300000.0,2753700000.0,221050000.0,56050000.0,0.0,46.28402107111501,22.35838578304332,0.0,1.9445155783183952,4.025335320417288,0.0,0.0389563974267333,0.924584386987728,1999-07-28,0.21,bmo,463800000.0,2025-04-24,1999-06-30,0.0,13.81222222222222,1747788.0952380951
1999-03-31,RSG,USD,1060391,1999-05-06,1999-05-06 00:00:00,1999,Q1,403500000.0,244700000.0,158800000.0,0.3935563817,0,46000000.0,0.0,46000000.0,0.0,79400000.0,324100000.0,0.0,0.0,33400000.0,112800000.0,0.2795539033,79400000.0,0.1967781908,-8800000.0,70600000.0,0.1749690211,27200000.0,43400000.0,0.10755886,0.17,0.17,260269865,260269865,https://www.sec.gov/Archives/edgar/data/1060391/000095014499005379/0000950144-99-005379-index.html,https://www.sec.gov/Archives/edgar/data/1060391/,1.550313940494033,0.1667500000432243,0.2458986175752617,-1.6298467746160317,0.058785138264086,5.165792052030303,0.8498870969944984,5.165792052030303,3.621625576975651,2808311843.35,3735611843.35,16.17691154003456,6.9598806526641885,43.87987255234375,-6.620254227604903,2.0887406793231684,2.0887406793231684,9.258021916604708,33.11712627083333,58.36893505234375,-8.80625139875059,0.0154541241930699,-0.1510516009838769,0.7010784678319077,0.3380554459706631,8.220744680851064,0.3944636678200692,0.0,1.4746543778801844,0.0,0.0,0.1140024783147459,0.0,0.4028619588996879,7.628125,1.209913258983891,14.616766467065869,0.0,4.402431834819839,0.0196820967490807,0.026066066066066,-4.889732432143076,-420000000.0,221200000.0,-1170200000.0,2094700000.0,195250000.0,54850000.0,0.0,46.34944237918216,16.550878626890068,0.0,1.9417709335899904,5.437777777777778,0.0,0.0322796578653774,1.8757453921912937,1999-04-29,0.17,bmo,407600000.0,2025-04-24,1999-03-31,0.0,11.79311475409836,683896.7213114754
1998-12-31,RSG,USD,1060391,1999-01-29,1999-01-29 00:00:00,1998,Q4,377400000.0,231000000.0,146400000.0,0.3879173291,0,37200000.0,0.0,37200000.0,0.0,67000000.0,298000000.0,0.0,0.0,29800000.0,109200000.0,0.2893481717,79400000.0,0.2103868574,-5000000.0,74400000.0,0.1971383148,26800000.0,47600000.0,0.1261261261,0.18,0.18,260269865,260269865,https://www.sec.gov/Archives/edgar/data/1060391/000095014499000670/0000950144-99-000670-index.html,https://www.sec.gov/Archives/edgar/data/1060391/,1.4500334105141215,0.1828870968216009,0.1579130184741134,-1.5307188944060044,2.1385495397248544,4.991357720187852,1.410459101748103,4.991357720187852,4.061553572481394,3198716640.85,3699216640.85,16.79998235740546,8.47566677490726,77.82765549513381,-8.028907231049196,2.462255900892925,2.462255900892925,9.801845895204028,33.87561026419414,90.00527106690997,-9.285182331450804,0.0148809680082669,-0.1245499507246545,0.8137171888230313,0.3759112407097898,4.583333333333333,1.000255167134473,0.0,0.8634453781512605,0.0,0.0,0.0985691573926868,0.0,0.3314249137655133,10.693430656934307,1.1645468998410176,14.748322147651006,0.0,4.532023362635383,0.0200929217352989,0.0253178022445614,-3.1481746839957827,200000.0,367100000.0,-729000000.0,2028300000.0,172600000.0,52550000.0,6300000.0,43.569157392686805,25.20779220779221,0.0,2.0656814449917897,3.57032457496136,0.0,0.0366407512893541,1.6886319128801175,1999-01-28,0.18,bmo,377400000.0,2025-04-24,1998-12-31,0.0,12.131875,663817.96875
1998-09-30,RSG,USD,1060391,1998-11-13,1998-11-13 00:00:00,1998,Q3,355000000.0,220100000.0,134900000.0,0.38,0,32900000.0,0.0,32900000.0,0.0,59600000.0,279700000.0,0.0,0.0,26800000.0,102100000.0,0.2876056338,75300000.0,0.2121126761,-3100000.0,72200000.0,0.2033802817,26000000.0,46200000.0,0.1301408451,0.17,0.17,266405259,266405259,https://www.sec.gov/Archives/edgar/data/1060391/000095014498012640/0000950144-98-012640-index.html,https://www.sec.gov/Archives/edgar/data/1060391/,1.3325562766011312,0.1734199999407669,0.3355789609243412,-0.0683169696736354,0.0803287445613076,4.697730084975537,2.4383903021974502,4.697730084975537,0.3836260604750299,3463268367.0,3544068367.0,18.740629691558443,9.75568554084507,38.73901976510067,-190.28947071428573,2.767293940870955,2.767293940870955,9.983291174647889,34.711737189030366,39.642822897091726,-194.72903115384617,0.0133399999954436,-0.0052551515133565,0.081662005593288,0.0596370426562408,0.791380999020568,0.918785890073831,0.0,1.9350649350649352,0.0,0.0,0.0926760563380281,0.0,0.3512283363482523,1.203579418344519,0.3030985915492957,4.014925373134329,0.0,4.281390883674303,0.032780227573097,0.0415542363734484,-1.173494101330785,-19800000.0,649600000.0,-238200000.0,1469900000.0,159150000.0,40700000.0,12200000.0,41.19718309859155,16.51976374375284,5.152203543843708,2.1846153846153844,5.448019801980198,17.46825396825397,0.0369157011586096,0.4038959305979767,1998-11-13,,amc,,2025-04-24,1998-09-30,,14.19765625,1168734.375
1998-06-30,RSG,USD,1060391,1998-08-13,1998-08-13 00:00:00,1998,Q2,335900000.0,206800000.0,129100000.0,0.3843405776,0,0.0,0.0,33500000.0,24900000.0,58400000.0,265200000.0,0.0,0.0,24900000.0,95600000.0,0.2846085144,70700000.0,0.2104793093,-31500000.0,39200000.0,0.1167013992,14100000.0,25100000.0,0.0747246204,0.17,0.17,262988006,262988006,https://www.sec.gov/Archives/edgar/data/1060391/000095014498009679/0000950144-98-009679-index.html,https://www.sec.gov/Archives/edgar/data/1060391/,1.2772445599667386,0.0954416149305303,,,0.0650219767056601,-2.371591045106445,-4.295252917351676,-2.371591045106445,0.2372731781539877,4470796102.0,4516096102.0,44.529841653386455,13.309902060136944,0.0,0.0,-7.168183585056918,-7.168183585056918,13.44476362607919,47.2394989748954,0.0,0.0,0.0056142126429723,,-0.1000481000481,0.0394437420986093,0.4738493723849372,0.1054645344844501,0.0,0.0,,,0.0,0.0,0.3197850821744627,0.0,,0.0,,,-0.0991450785307552,0.0233249697983458,-7.855301203356019,-1823600000.0,-1129600000.0,-1990700000.0,-456600000.0,,,,41.74456683536767,17.843326885880074,5.1353965183752415,2.1559691912708603,5.04390243902439,17.52542372881356,-0.0402437069103735,,1998-10-29,0.17,bmo,335277777.0,2025-04-24,1998-06-30,0.0588235294117645,,
