date,symbol,reportedCurrency,cik,fillingDate,acceptedDate,calendarYear,period,revenue,costOfRevenue,grossProfit,grossProfitRatio,researchAndDevelopmentExpenses,generalAndAdministrativeExpenses,sellingAndMarketingExpenses,sellingGeneralAndAdministrativeExpenses,otherExpenses,operatingExpenses,costAndExpenses,interestIncome,interestExpense,depreciationAndAmortization,ebitda,ebitdaratio,operatingIncome,operatingIncomeRatio,totalOtherIncomeExpensesNet,incomeBeforeTax,incomeBeforeTaxRatio,incomeTaxExpense,netIncome,netIncomeRatio,eps,epsdiluted,weightedAverageShsOut,weightedAverageShsOutDil,link,finalLink,revenuePerShare,netIncomePerShare,operatingCashFlowPerShare,freeCashFlowPerShare,cashPerShare,bookValuePerShare,tangibleBookValuePerShare,shareholdersEquityPerShare,interestDebtPerShare,marketCap,enterpriseValue,peRatio,priceToSalesRatio,pocfratio,pfcfRatio,pbRatio,ptbRatio,evToSales,enterpriseValueOverEBITDA,evToOperatingCashFlow,evToFreeCashFlow,earningsYield,freeCashFlowYield,debtToEquity,debtToAssets,netDebtToEBITDA,currentRatio,interestCoverage,incomeQuality,dividendYield,payoutRatio,salesGeneralAndAdministrativeToRevenue,researchAndDdevelopementToRevenue,intangiblesToTotalAssets,capexToOperatingCashFlow,capexToRevenue,capexToDepreciation,stockBasedCompensationToRevenue,grahamNumber,roic,returnOnTangibleAssets,grahamNetNet,workingCapital,tangibleAssetValue,netCurrentAssetValue,investedCapital,averageReceivables,averagePayables,averageInventory,daysSalesOutstanding,daysPayablesOutstanding,daysOfInventoryOnHand,receivablesTurnover,payablesTurnover,inventoryTurnover,roe,capexPerShare,report_date,epsEstimated,time,revenueEstimated,updatedFromDate,fiscalDateEnding,surprise(%),QuarterAvgPrice,QuarterAvgVolume
2025-03-30,RVTY,USD,31791,2025-04-28,2025-04-28 07:16:22,2025,Q1,664762000.0,289216000.0,375546000.0,0.5649330136,53597000,0.0,0.0,249719000.0,0.0,303316000.0,592532000.0,10081000.0,22964000.0,-3116000.0,72230000.0,0.1086554286,72230000.0,0.1086554286,-19848000.0,52382000.0,0.0787981262,10713000.0,42237000.0,0.0635370253,0.35,0.35,120233000,120233000,https://www.sec.gov/Archives/edgar/data/31791/000003179125000012/0000031791-25-000012-index.htm,https://www.sec.gov/Archives/edgar/data/31791/000003179125000012/q12025pressrelease.htm,5.528947959378873,0.351292906273652,1.1153094408357107,0.9823842040038924,9.46179501467983,63.51941646636115,-12.024369349513028,63.51941646636115,27.84866883467933,12720651400.0,14908396400.0,75.29329379454033,19.13564764532269,94.8615658814142,107.6971714007535,1.6656324299835146,1.6656324299835146,22.42666758930264,206.40172227606257,111.17621125006524,126.21933200694238,0.0033203488305638,0.0092852949338742,0.4354207667016274,0.2690267172052381,30.28859199778485,3.5760328423741914,3.1453579515763805,3.1748703743163578,0.0006629377486124,0.1996590666950777,0.0,0.0806258480478727,0.7348158570646832,0.1191823829019292,0.0240416871000448,0.1640491880684034,0.0116297261275464,22.406767043544583,0.0049055608563399,0.0128855097276644,-24.38811723902755,1669751000.0,-1445726000.0,-2405656000.0,11412985000.0,624909000.0,172774500.0,374447500.0,83.59024733664079,55.4178883602567,118.65775060854172,1.076680628034816,1.6240243477870242,0.7584839552277949,0.0055304806910449,0.1329252368318182,2025-04-28,0.96,bmo,710824160.0,2025-05-11,2025-03-30,0.0520833333333333,115.34433333333332,947563.3
2024-12-29,RVTY,USD,31791,2025-02-25,2025-02-25 16:15:49,2024,Q4,729372000.0,317082000.0,412290000.0,0.5652671065,49208000,0.0,0.0,245044000.0,-712000.0,293540000.0,610622000.0,9828000.0,22781000.0,105033000.0,223071000.0,0.3058398184,118750000.0,0.1628112952,-24192000.0,94558000.0,0.1296430354,6175000.0,94645000.0,0.1297623161,0.78,0.78,130195186,121581000,https://www.sec.gov/Archives/edgar/data/31791/000003179125000009/0000031791-25-000009-index.htm,https://www.sec.gov/Archives/edgar/data/31791/000003179125000009/revv-20241229.htm,5.60214261685528,0.7269470009436447,1.3382215222611995,1.1503958372162857,8.935783539646389,58.88753828424962,-11.042389846887271,58.88753828424962,25.53860939220902,14492026153.66,16630853153.66,38.27995708611126,19.869183562928107,83.177559281754,96.75799963719152,1.8902131629735923,1.8902131629735923,22.80160624984233,74.55407988335553,95.45344173598116,111.03817136029804,0.006530832817749,0.0103350627725836,0.4307130911503176,0.2664699505619457,9.588099752993442,3.59762364109631,5.212677231025855,1.8408790744360504,0.000589220576161,0.0902213534787891,0.0,0.0674662586444228,0.7346827648191104,0.140354703552775,0.0335274729493317,0.2305784734335957,0.0069278776810735,31.0351846352734,0.009454749781623,0.0287855184617228,-22.305851615742537,1696508000.0,-1437666000.0,-2375996000.0,11450981000.0,617270500.0,171935000.0,386078500.0,78.03425412546684,47.53240486687986,104.33525081840028,1.1533396584440228,1.8934451192203647,0.8626039549820859,0.0123446661572891,0.187825685044914,2025-01-31,1.37,bmo,665289050.0,2025-05-01,2024-12-29,0.0364963503649633,117.5021875,856259.875
2024-09-29,RVTY,USD,31791,2024-11-06,2024-11-06 16:13:11,2024,Q3,684049000.0,299233000.0,384816000.0,0.5625561912,49144000,239477000.0,0.0,239477000.0,0.0,286665000.0,585898000.0,22764000.0,24383000.0,107670000.0,232410000.0,0.3397563625,98151000.0,0.1434853351,2206000.0,100357000.0,0.1467102503,6971000.0,93386000.0,0.1365194599,0.77,0.77,122810000,123026000,https://www.sec.gov/Archives/edgar/data/31791/000003179124000028/0000031791-24-000028-index.htm,https://www.sec.gov/Archives/edgar/data/31791/000003179124000028/pki-20240929.htm,5.5699780148196405,0.760410390033385,1.2041771842683822,1.0224411692858888,10.013663382460711,64.50371305268301,-11.401107401677388,64.50371305268301,27.192622750590346,15688977500.0,17774342500.0,42.00034667937378,22.935458570950328,106.0890387801332,124.94606422120638,1.980506143819364,1.980506143819364,25.984019419661458,76.47838948410137,120.19029989518884,141.55378446394724,0.0059523318202221,0.0080034533799286,0.4184887816391959,0.259609340427293,8.972785164149563,3.5590400325609792,4.025386539802321,1.5835885464630672,0.0005502589317882,0.0924442635941147,0.3500874937321742,0.0718428065825693,0.7299971017414063,0.1509213240017581,0.0326277795888891,0.2072907959505897,0.0154053291503971,33.22061266777489,0.0075589197655165,0.0270851593420393,-24.137832831202672,1760466000.0,-1400170000.0,-2399630000.0,11749574000.0,599788500.0,175639000.0,403001000.0,79.22340358658518,53.05775098334743,121.68210057045847,1.1360279402996971,1.696264887447777,0.739632202091109,0.0117886297400015,0.1817360149824932,2024-11-04,1.13,bmo,679657719.0,2025-04-25,2024-09-29,0.1327433628318585,117.58859375,756619.328125
2024-06-30,RVTY,USD,31791,2024-08-06,2024-08-06 16:09:24,2024,Q2,691685000.0,306179000.0,385506000.0,0.5573432993,48132000,253555000.0,-17705000.0,235850000.0,17692000.0,283982000.0,590161000.0,20512000.0,24717000.0,107244000.0,218623000.0,0.3160730679,101524000.0,0.1467777963,938000.0,86662000.0,0.1252911369,14056000.0,79109000.0,0.1143714263,0.64,0.64,123354000,123477000,https://www.sec.gov/Archives/edgar/data/31791/000003179124000021/0000031791-24-000021-index.htm,https://www.sec.gov/Archives/edgar/data/31791/000003179124000021/pki-20240630.htm,5.607317152260973,0.641316860417984,1.2859007409569208,1.1073009387616128,15.8421291567359,63.80266549929471,-11.772167906999368,63.80266549929471,32.604252800882016,12705462000.0,15454490000.0,40.15175896547802,18.368855765268872,80.09949502272713,93.01897649901164,1.6143526166808593,1.6143526166808593,22.34324873316611,70.69013781715556,97.43028981030254,113.14510579105352,0.0062263772856114,0.0107504945510836,0.5078765599441141,0.2977424922991685,12.57428541370304,2.272416876676693,4.107456406521827,2.184681706745999,0.000680179910026,0.1092416792021135,0.3665758257010055,0.0695865892711277,0.6944180899166911,0.1388908152136224,0.0318512039439918,0.2054287419342807,0.0152179098867258,30.3421952946206,0.0066731377816263,0.0192836323987645,-23.927493230864016,1768676000.0,-1452144000.0,-2395846000.0,11738042000.0,593205000.0,179201500.0,407730500.0,77.73659975277764,51.40257823038157,117.99920961267756,1.1577558098273288,1.7508849380400409,0.7627169732358158,0.0100515684634691,0.1785998021953078,2024-07-29,1.12,bmo,690326090.0,2025-04-25,2024-06-30,0.0892857142857141,106.18253968253968,932702.126984127
2024-03-31,RVTY,USD,31791,2024-05-07,2024-05-07 14:05:49,2024,Q1,649920000.0,386111000.0,263809000.0,0.4059099581,50360000,262488000.0,-93155000.0,169333000.0,0.0,219693000.0,605804000.0,20086000.0,24397000.0,107802000.0,180892000.0,0.2783296406,44116000.0,0.0678791236,-9567000.0,34549000.0,0.0531588503,5853000.0,26013000.0,0.0400249261,0.21,0.23,123428000,123538000,https://www.sec.gov/Archives/edgar/data/31791/000003179124000014/0000031791-24-000014-index.htm,https://www.sec.gov/Archives/edgar/data/31791/000003179124000014/pki-20240331.htm,5.265579933240431,0.2107544479372589,1.1955390997180542,1.0509689859675275,13.747221051949314,63.57144246038176,-12.77300126389474,63.57144246038176,32.634669604951874,12746409560.0,15750579560.0,122.50038019451812,19.61227467996061,86.37944172997297,98.26170075316648,1.6244715552012006,1.6244715552012006,24.234643586903005,87.0717309775999,106.7380004472666,121.42075995035422,0.0020408099926141,0.0101769050640798,0.510244955200385,0.298051286021691,16.607533777060347,2.2262341892358,1.808255113333607,5.142284638974073,0.000677837940114,0.3321416214969438,0.4038774002954209,0.0774864598719842,0.701499958496818,0.1209246220258465,0.0274556868537666,0.1655256859798519,0.0179899064500246,17.362436345658466,0.0028694167532157,0.0064875776343298,-26.255565997990733,1685118000.0,-1576546000.0,-2526869000.0,11760848000.0,610892500.0,193826500.0,421045500.0,81.56028434268833,42.780133174139046,96.50750690863508,1.1034782520111244,2.10378026720136,0.9325699407529424,0.0033152377825719,0.1445701137505266,2024-04-29,0.943,bmo,647247526.0,2025-04-25,2024-03-31,0.0392364793213149,106.40639344262296,805501.2131147541
2023-12-31,RVTY,USD,31791,2023-12-31,2023-12-30 19:00:00,2023,Q4,695901000.0,402047000.0,293854000.0,0.4222640864,49596000,0.0,0.0,167099000.0,0.0,216695000.0,618742000.0,18363000.0,24582000.0,105568000.0,191967000.0,0.275853893,77159000.0,0.1108764034,-45780000.0,31379000.0,0.0450911839,-32188000.0,78563000.0,0.1128939318,0.83,0.83,123426000,123426000,,,5.638204268144476,0.6365190478505339,1.5929625848686662,1.3975742550192018,12.997982596859655,63.78509390241926,-13.636770210490496,63.78509390241926,32.8696627939008,13491696060.0,16609712060.0,42.9327293382381,19.3873784633159,68.62056964697146,78.21409102767005,1.7137232747078242,1.7137232747078242,23.867923828245683,86.52378825527305,84.47921581991018,96.28986046134136,0.0058230632865294,0.0127854199526045,0.5121964541184459,0.2972715507533728,16.242458339193714,2.069057259647437,3.1388414286876576,3.0930042317554705,0.0006403197908981,0.1099627050901824,0.0,0.0712687580561028,0.7044678950788685,0.1226571996765219,0.0346543545705495,0.2284404364959078,0.0103189965239308,30.224321544925672,0.0121460504595029,0.0195976645345208,-27.538749939234844,1550628000.0,-1683132000.0,-2690835000.0,11771236000.0,638692500.0,196211500.0,431879000.0,81.84064974759342,45.69338908137605,95.82357286585896,1.0996980140989965,1.9696503544466275,0.9392260934163744,0.0099791190842221,0.1953883298494644,2024-02-01,1.15,bmo,677940000.0,2025-04-25,2023-12-31,0.0869565217391305,96.44761904761904,881041.6666666666
2023-09-30,RVTY,USD,31791,2023-09-30,2023-09-29 20:00:00,2023,Q3,670739000.0,298223000.0,372516000.0,0.5553814524,53039000,250746000.0,-497000.0,250249000.0,-3002000.0,303288000.0,601511000.0,23450000.0,25486000.0,108263000.0,201059000.0,0.2997574317,69228000.0,0.1032115324,-18625000.0,50603000.0,0.0754436524,18134000.0,9497000.0,0.0141590097,0.0771,0.0769,123992000,124203000,,,5.409534486095877,0.0765936512033034,-0.2700577456610104,-0.4503677656623008,11.530518097941805,62.05465675204852,-15.00992805987483,62.05465675204852,32.57791631718175,13725914400.0,16603108400.0,361.3223754869959,20.46386806194361,-409.9123308944304,-245.79911894273127,1.7839112452482564,1.7839112452482564,24.753456113331712,82.57828995468992,-495.8371927728834,-297.32295404892375,0.0006919029015655,-0.0040683628334444,0.5216751246802658,0.299064981178028,14.31019750421518,2.0121193912331776,2.7163148395197365,-1.0312913856293695,0.0006330361494896,0.9149205012109088,0.3738354262984559,0.0790754675067351,0.7119441065963479,-0.6676720919814843,0.0333318921368818,0.2065063779869392,0.0159570265036027,10.34129278829104,0.0034972625923521,0.0024564451098196,-29.00426237176592,1465392000.0,-1861111000.0,-2814030000.0,11666674000.0,635754500.0,212011500.0,436259000.0,86.48917089956004,56.82720648642123,131.48764515144703,1.0405927015362084,1.5837484466442204,0.6844749550145055,0.0012342933667226,0.1803100200012904,2023-10-30,1.19,bmo,695330000.0,2025-04-25,2023-09-30,-0.0084033613445378,117.51920634920636,697173.9523809524
2023-06-30,RVTY,USD,31791,2023-06-30,2023-06-30 00:00:00,2023,Q2,709066000.0,306735000.0,402331000.0,0.5674098039,57253000,269308000.0,-2286000.0,267022000.0,-3518000.0,324275000.0,631010000.0,25046000.0,26007000.0,108930000.0,216954000.0,0.3059715175,78056000.0,0.1100828414,-6502000.0,71554000.0,0.1009130321,12932000.0,35559000.0,0.0501490693,0.28,0.28,125215000,125398000,,,5.6627880046320325,0.2839835482969293,-1.0806932076827855,-1.1920935990097032,16.539216547538235,62.85155931797309,-14.740174899173422,62.85155931797309,36.20066285988101,14874289850.0,18049245850.0,104.5747198318288,20.977299503854365,-109.92018748291076,-99.6482156255862,1.890008796743261,1.890008796743261,25.454958847272326,83.19388372650424,-133.382938463926,-120.91838739716484,0.0023906351401374,-0.0100353026265653,0.5726662073673074,0.3169703884693157,14.6342358287932,2.577746318122956,3.0013457915176684,-2.3083313431817407,0.0005914231932222,0.2473916589330408,0.3798066752601309,0.0807442466568697,0.683308050631608,-0.1030823461598149,0.019672357721284,0.1280547140365372,0.0192267010405237,20.039915137046883,0.0047971303284209,0.0078969108796553,-28.66286587070239,2156511000.0,-1845691000.0,-2825250000.0,12530151000.0,606928500.0,251302500.0,433122500.0,79.57531456874254,69.1635776810602,128.16920142794268,1.1310040115801478,1.301262933722494,0.7021967758034164,0.0045183214446633,0.1114003913269177,2023-08-01,1.18,bmo,696130000.0,2025-04-25,2023-06-30,0.0254237288135593,122.90016129032256,826632.1612903225
2023-04-02,RVTY,USD,31791,2023-04-02,2023-04-02 00:00:00,2023,Q1,674865000.0,292599000.0,382266000.0,0.5664332867,56690000,0.0,0.0,231060000.0,18397000.0,306147000.0,598746000.0,0.0,0.0,109008000.0,204724000.0,0.3033554859,76119000.0,0.1127914472,-46679000.0,29440000.0,0.0436235395,4595000.0,569475000.0,0.8438354338,0.0086,0.2,2894600405,126469000,,,0.233146170654253,0.1967370000419799,0.0219246151870831,0.0146883828685154,0.8502541476014199,2.775446996456839,-0.6103788961502615,2.775446996456839,1.5580039967554693,380263655204.8501,382506271204.8501,166.9360618134466,563.4662565177481,5991.895359577234,8943.802811784764,47.332916163669545,47.332916163669545,566.7893152035593,1868.399753838583,6027.232737261869,8996.549149784772,0.0014975793563369,0.0001118092629102,0.5613524591694352,0.3080852060932542,10.954338524061663,2.427263756931304,0.0,0.1114412397383555,2.324965817529237e-05,0.0155248254971684,0.0,0.0840019855823016,0.6695251553218284,0.330050580653294,0.031037318574826,0.189043321299639,0.0146592281419246,3.505102724145891,0.0047394936644365,0.1177199081682391,-1.205104509062625,2231868000.0,-1766803000.0,-2808738000.0,12691548000.0,599851000.0,269855000.0,417442500.0,78.27192105087684,82.0903694134293,132.08544800221463,1.1498376274871278,1.0963527225311371,0.6813771036949581,0.0708847981219371,0.0072362319730968,2023-05-11,1.06,bmo,678903513.0,2025-04-25,2023-04-02,-0.0471698113207547,131.7158064516129,872781.1774193548
2023-01-01,RVTY,USD,31791,2023-01-01,2023-01-01 00:00:00,2022,Q4,741214000.0,309334000.0,431880000.0,0.5826657349,54536000,0.0,0.0,197997000.0,41878000.0,294411000.0,603745000.0,0.0,0.0,104234000.0,279481000.0,0.3770584474,137469000.0,0.1854646566,978000.0,138447000.0,0.1867841136,40950000.0,127658000.0,0.1722282634,0.59,0.77,165601856,126476000,,,4.475879787241032,0.7708730027760076,0.8403166689146286,0.6825285762497735,2.743676979079268,44.58208487711635,-14.951921794886164,44.58208487711635,27.75005734235249,23373045955.84,27514148955.84,45.77277952780083,31.533465309397823,167.96049063539283,206.7898765140485,3.1658456617502444,3.1658456617502444,37.120384876486405,98.4472967959897,197.71877258828093,243.4277276362293,0.0054617613913561,0.0048358266703257,0.6224486230027431,0.3252305844610578,14.817118158300564,2.129229004139249,0.0,1.090084444374814,0.0003782990037629,0.0692631875793134,0.0,0.0735765919154252,0.697738370280516,0.187772172638296,0.0352529768730757,0.2476824205198202,0.0158415788152949,27.80755880840395,0.0073969926057604,0.0298900960988903,-33.999045276400764,1744075000.0,-2476066000.0,-3458421000.0,12274318000.0,576823500.0,274325000.0,391859000.0,74.4052324969577,79.37808323688958,117.96821558574229,1.2095923496197656,1.1338142259168849,0.7629173634027356,0.0172910936063398,0.1577880866262755,2023-02-14,1.66,bmo,1028840181.0,2025-04-25,2023-01-01,0.0240963855421686,134.56190476190474,819907.4603174604
2022-10-02,RVTY,USD,31791,2022-10-02,2022-10-01 20:00:00,2022,Q3,711803000.0,291959000.0,419844000.0,0.5898317372,53521000,0.0,0.0,233170000.0,0.0,312438000.0,604397000.0,25264000.0,25931000.0,104736000.0,239189000.0,0.336032582,134453000.0,0.1888907465,-28638000.0,82142000.0,0.115399907,12634000.0,69508000.0,0.097650614,0.55,0.55,126378181,126540000,,,5.632325092572744,0.5500000035607412,1.2656615147831571,1.162558274200829,3.1709666718497878,55.90521990500877,-21.4377986655782,55.90521990500877,36.16596602225189,15739138661.740002,19883055661.74,56.60909054259942,22.111649798806692,98.39913637678804,107.1258127560202,2.2276989556898603,2.2276989556898603,27.93336872946588,83.12696512690802,124.30638980281586,135.33069017396988,0.0044162518352396,0.0093348183250427,0.6432454849119629,0.3287569145422332,17.324864437745884,2.0976071711500937,5.1850295013690175,1.8741373451908088,0.0005613394855893,0.1271076710594464,0.0,0.075190748001905,0.7070773198963756,0.0814619385815744,0.0183056266972743,0.1244080354414909,0.0039336726594296,26.30260635000691,0.0088597504043495,0.0171654614359935,-45.60158014934556,1630749000.0,-2709270000.0,-3642084000.0,12025736000.0,736499000.0,304767500.0,501276500.0,68.38694133067717,85.02618518353604,116.60212564092905,1.3160407272028058,1.058497447647775,0.7718555687153674,0.0098380796014267,0.103103240582328,2022-10-01,1.44,bmo,1021258062.0,2025-04-25,2022-10-02,-0.6187499999999999,140.99421875,732347.265625
2022-06-30,RVTY,USD,31791,2022-07-03,2022-07-02 20:00:00,2022,Q2,1229569000.0,625106000.0,604463000.0,0.4916055951,73352000,260625000.0,-14869000.0,245756000.0,-2930000.0,319108000.0,944214000.0,762000.0,27128000.0,119405000.0,371005000.0,0.3017358115,285355000.0,0.2320772563,-8022000.0,224472000.0,0.1825615317,45220000.0,179212000.0,0.1457518854,1.42,1.42,126126000,126509000,,,9.748735391592534,1.4208965637537063,0.7729175586318443,0.5893392321963751,2.869614512471655,56.82535718250004,-30.50566893424036,56.82535718250004,37.25331811046097,17937639720.0,22247190720.0,25.02293334151731,14.588558852736202,184.00410032312664,241.3211139363119,2.5027559359327376,2.5027559359327376,18.09348700235611,59.96466548968343,228.2114245268503,299.2989562901077,0.0099908350706912,0.0041438562241342,0.6517905640383109,0.3292163819873095,11.615883882966536,2.01930039192844,10.518836626363903,0.5438433043982773,0.0004922609740095,0.0492712541570877,0.2119645176480539,0.0596566764451608,0.7762466835995979,0.2375134636097861,0.0188309887448366,0.193911477743813,0.0123840142358826,42.6229572176844,0.0173284263125377,0.0564448310768461,-44.79149620221049,1063959000.0,-3847558000.0,-4914780000.0,12821649000.0,936926500.0,355202500.0,635110500.0,68.22861506755619,48.0462353584832,89.88352375437127,1.319094633694191,1.873195669306676,1.0012958575806066,0.0250046217780974,0.1835783264354692,2022-07-02,2.01,bmo,1203744437.0,2025-04-25,2022-06-30,-0.2935323383084576,149.84306451612903,776800.7096774194
2022-03-31,RVTY,USD,31791,2022-03-31,2022-03-31 00:00:00,2022,Q1,1259442000.0,580211000.0,679231000.0,0.53931106,76609000,0.0,0.0,334393000.0,2673000.0,411002000.0,991213000.0,595000.0,28388000.0,120052000.0,366040000.0,0.290636647,254845000.0,0.2023475476,-37052000.0,217600000.0,0.1727749273,40597000.0,176962000.0,0.1405082568,1.4,1.4,126137000,126635000,,,9.984715032068308,1.4029349041121957,2.2452967804847117,2.0119711107763782,5.309742581478869,56.97251401254192,-32.69318280916781,56.97251401254192,40.24354471725188,22005861020.0,26383918020.0,31.08839895005708,17.472706976581694,77.70019603481454,86.71098658701888,3.06217836835486,3.06217836835486,20.948894843907063,72.07933018249372,93.1586180816694,103.96210170853956,0.0080415849140903,0.0115325639732682,0.7024174468735276,0.3399550943541848,11.960597202491533,1.9433189950366216,8.977208679723827,1.6004283405476882,0.0004015748346301,0.049937274669138,0.0,0.0608277316462369,0.7617057033564475,0.1039175184930176,0.0233682853200067,0.2451521007563389,0.0121180649843343,42.40750394532039,0.0152547719907923,0.050013212541033,-47.2749193337403,1191460000.0,-4123820000.0,-5207614000.0,13250623000.0,824831500.0,350752500.0,635319000.0,67.29565950635282,58.43126035183752,100.19313663477595,1.3373819449901352,1.5402714139327942,0.8982651209739846,0.0246247673712161,0.233325669708333,2022-03-31,2.12,bmo,1189016622.0,2025-04-25,2022-03-31,-0.339622641509434,177.68064516129033,907766.370967742
2021-12-31,RVTY,USD,31791,2021-12-31,2021-12-31 00:00:00,2021,Q4,1364325000.0,615201000.0,749124000.0,0.5490803144,80321000,0.0,0.0,355245000.0,25918000.0,435566000.0,1050767000.0,919000.0,27721000.0,125069000.0,464469000.0,0.3404386785,310144000.0,0.2273241346,1535000.0,311679000.0,0.2284492331,132492000.0,190184000.0,0.1393978707,1.42,1.41,126241000,126715000,,,10.807305075213282,1.506515315943315,2.6583360397968963,2.401454361102969,4.8979253966619405,56.48121450241997,-34.453489753725016,56.48121450241997,41.16774265096126,25382015460.0,29933032460.0,33.36507731985866,18.604082942114232,75.63377879621325,83.72426445266888,3.5597676461327765,3.5597676461327765,21.939810866179247,64.44570565527516,89.19497978193694,98.7360964105,0.007492864398405,0.0119439687710283,0.7249871498104202,0.3442654197107879,9.79832238534757,1.9838127098999632,11.188052379062803,1.872884855790696,0.0003480417074807,0.0464497539225171,0.0,0.0588723361369175,0.7645197772922664,0.0966325080231591,0.0237692631887563,0.2592888725423566,0.0101310171696626,43.7552377550042,0.0129030772583403,0.053787106185585,-50.8842392725026,1210432000.0,-4349443000.0,-5444529000.0,13443500000.0,827873000.0,322623000.0,635066500.0,46.700522236270686,47.51778686965723,91.3916914959501,1.9271733096402104,1.894027603744947,0.9847722317732596,0.0266728562623023,0.2568816786939267,2021-12-31,,bmo,,2025-04-25,2021-12-31,,180.77640625,868358.546875
2021-09-30,RVTY,USD,31791,2021-09-30,2021-09-30 00:00:00,2021,Q3,1166684000.0,534848000.0,631836000.0,0.5415656682,68608000,0.0,0.0,339047000.0,2050000.0,407655000.0,942503000.0,544000.0,43531000.0,87113000.0,292312000.0,0.2505494204,221970000.0,0.1902571733,-33893000.0,161668000.0,0.1385705127,33883000.0,127738000.0,0.1094880876,1.12,1.11,114508000,115022000,,,10.188668040660914,1.1155377790198064,2.740376218255493,2.4540730778635558,4.256235372201069,60.76942222377476,-40.36767736752017,60.76942222377476,46.5652880148112,19843091320.0,24644285320.0,38.83552920822308,17.008111296632165,63.23584289105944,70.6132191266534,2.85159861092449,2.85159861092449,21.12335929866185,84.30815471140426,78.5362587676668,87.69864994608751,0.0064374042300179,0.0141616543243323,0.7600060931927971,0.3549409796032161,16.424895317332165,1.9657178988479769,5.099124761664101,2.456551691744038,0.0003952005195932,0.0613912852870719,0.0,0.0588059834539601,0.7772566688427514,0.1044758520690259,0.02810015394057,0.3763387783683262,0.005654487419044,39.05493812242055,0.0127512745281647,0.0384887258869208,-56.06881396932965,1105775000.0,-4622422000.0,-5690460000.0,13433153000.0,970203500.0,322573000.0,579424000.0,73.11529942983704,53.92027267560129,108.60601516692591,1.2309325230400767,1.669131025012873,0.8286833824228912,0.0183568929602785,0.2863031403919376,2021-09-30,2.25,bmo,1273468727.0,2025-04-25,2021-09-30,-0.5066666666666666,176.208125,727090.0625
2021-06-30,RVTY,USD,31791,2021-06-30,2021-06-30 00:00:00,2021,Q2,1228471000.0,543277000.0,685194000.0,0.5577616403,65824000,0.0,0.0,281819000.0,1319000.0,347643000.0,890920000.0,367000.0,16750000.0,75636000.0,377782000.0,0.3075221149,332488000.0,0.2706518917,-22331000.0,326057000.0,0.2654169288,80089000.0,245930000.0,0.2001919459,2.2,2.19,111973000,112417000,,,10.971135898832754,2.196333044573245,2.570816178900271,2.388950907808132,5.115608226983291,37.86454770346423,-10.411411679601333,37.86454770346423,22.856188545452923,17289750930.0,19259466930.0,17.575886359939823,14.074203566872969,60.06263740959209,64.63506616871902,4.077957069743976,4.077957069743976,15.67759184384491,50.98037209290014,66.90520780790796,71.99854552183568,0.0142240337061928,0.0154714779341242,0.5996796552295894,0.2909248064611765,5.213895844693501,2.0127767243813137,19.850029850746267,1.1705038018948482,0.0004537370163261,0.0318993209449843,0.0,0.0535820544400315,0.6185283051208764,0.0707422306521875,0.0165767038863758,0.2692368713311122,0.0058642002945124,43.25703457388308,0.0329102817906293,0.0737674111397099,-26.12842381645575,1137169000.0,-1165797000.0,-2239662000.0,7130332000.0,985600000.0,332018500.0,521668500.0,72.71981186369072,53.792061876354055,85.05534009354344,1.2376269642817563,1.673109318748056,1.0581346203662043,0.0580049988124459,0.1818652710921383,2021-06-30,,bmo,,2025-04-25,2021-06-30,,140.53777777777776,806893.7936507936
2021-03-31,RVTY,USD,31791,2021-03-31,2021-03-31 00:00:00,2021,Q1,1307689000.0,522543000.0,785146000.0,0.6004072834,60216000,0.0,0.0,251410000.0,7123000.0,311626000.0,834169000.0,411000.0,14126000.0,70186000.0,560346000.0,0.4285009662,467776000.0,0.3577119636,12706000.0,480482000.0,0.3674283411,101139000.0,379305000.0,0.2900574984,3.39,3.37,112028000,112495000,,,11.672876423751203,3.38580533438069,4.226621915949584,4.098877066447674,8.821312529010605,35.72593458778162,-10.307610597350662,35.72593458778162,24.85838361838112,14372072120.0,16154547120.0,9.472635557137394,10.990435891102548,30.35284502639915,31.298816217287435,3.590948745785241,3.590948745785241,12.35350845652139,28.82959300146695,34.11731176346357,35.18060563297466,0.0263918102297972,0.0319500901586068,0.6922783246154404,0.3161926227286603,3.1810256520078664,1.7589959947649143,33.11454056349993,1.24833577200406,0.0005463373641907,0.0207010189689036,0.0,0.0460476458852219,0.5885208083102003,0.0302238648363252,0.0109437335635613,0.203901062890035,0.0039435982102778,52.16918484909026,0.0485894690481247,0.1051965524385282,-24.75527100367765,1154061000.0,-1154741000.0,-2085849000.0,6895515000.0,1066853500.0,333325500.0,522237500.0,67.35073859304468,58.44368788788674,91.26850804622778,1.336288240932436,1.5399438887677337,0.9861013609909643,0.0947716378436925,0.1277448495019102,2021-03-31,,bmo,,2025-04-25,2021-03-31,,138.52081967213115,1068402.6721311477
2020-12-31,RVTY,USD,31791,2020-12-31,2020-12-31 00:00:00,2020,Q4,1354606000.0,527541000.0,827065000.0,0.6105576086,56823000,0.0,0.0,263050000.0,-25107000.0,319873000.0,847414000.0,348000.0,12404000.0,63986000.0,561298000.0,0.4143625527,510254000.0,0.376680747,-37163000.0,473091000.0,0.3492462015,92657000.0,380361000.0,0.280790872,3.4,3.38,112090000,112537000,,,12.084985279685966,3.3933535551788743,4.30099919707378,4.121545186903381,3.586724953162637,33.325827460076724,-9.611160674458024,33.325827460076724,19.55085199393345,16084915000.0,17861930000.0,10.572137390531626,11.87423870852484,33.36434010441838,34.81703911823786,4.305969601862352,4.305969601862352,13.186070340748527,31.82254346176185,37.05033613427947,38.66352514372792,0.0236470631022918,0.0287215692467134,0.5833370811662828,0.2720316103569835,3.165902960637665,1.3446979132396484,41.13624637213802,1.26747747534579,0.000486853676255,0.0205883358178151,0.0,0.0419479907810832,0.600828359936212,0.0417237953200483,0.0148493362645669,0.3143656424842934,0.0069060671516293,50.44246315898842,0.0609739672808228,0.1189565279396674,-24.526208850031225,586731000.0,-1077315000.0,-1985903000.0,5975078000.0,976510000.0,292681500.0,500561000.0,76.74542265426257,55.84257906020574,87.7865985771722,1.1727083764389334,1.6116734132742687,1.0252134318757324,0.1018235348917893,0.1794540101703987,2020-12-31,,bmo,,2025-04-25,2020-12-31,,133.08828125,928794.328125
2020-09-30,RVTY,USD,31791,2020-09-30,2020-09-30 00:00:00,2020,Q3,964025000.0,436580000.0,527445000.0,0.5471279272,50131000,0.0,0.0,225249000.0,-2397000.0,275380000.0,711960000.0,205000.0,12057000.0,62474000.0,308288000.0,0.3197925365,248006000.0,0.2572609631,-14249000.0,233757000.0,0.2424802261,57021000.0,176699000.0,0.1832929644,1.58,1.57,111684000,112292000,,,8.631719852440815,1.5821335195730812,1.893135990831274,1.711793990186598,2.3127126535582536,28.93593531750296,-9.957299165502668,28.93593531750296,18.270844525625872,14017458840.0,15787669840.0,19.83239695753796,14.54055531754882,66.2974031489881,73.32073878020714,4.337513151824082,4.337513151824082,16.376826161147275,51.21078290429728,74.6698473748185,82.58013306831259,0.0126056371569841,0.0136387060010086,0.627693141742641,0.2954606066652926,5.7420691042142415,1.3462604745994728,20.56946172348013,1.1963210664493935,0.0005570909883977,0.0441937984934832,0.0,0.0520017634397448,0.6326867490148298,0.0957892098206051,0.0210087912657866,0.324182860069789,0.0073825886258136,32.09457191933629,0.0313508897788785,0.0700682405872283,-22.68794321478457,431024000.0,-1112071000.0,-1958063000.0,5305115000.0,753355000.0,256587500.0,482131000.0,74.49183371800524,53.19396216042879,100.30223555820238,1.2081861260215738,1.6919213449181902,0.8972880763736885,0.054677116955541,0.181342000644676,2020-09-30,,bmo,,2025-04-25,2020-09-30,,114.92546875,900544.1875
2020-06-30,RVTY,USD,31791,2020-06-30,2020-06-30 00:00:00,2020,Q2,811718000.0,364374000.0,447344000.0,0.5511076507,49521000,0.0,0.0,221026000.0,582000.0,270547000.0,634921000.0,192000.0,11586000.0,59289000.0,236965000.0,0.2919302024,175639000.0,0.2163793337,-10812000.0,164827000.0,0.2030594369,27614000.0,137162000.0,0.1689774035,1.23,1.23,111329000,111869000,,,7.291164027342382,1.232041965705252,1.2449316889579534,1.0953749696844488,1.962974606796073,26.62049421085252,-11.96636994853093,26.62049421085252,19.4092913796046,10920261610.0,12850956610.0,19.903948633732377,13.453270236707825,78.79147174902776,89.54924360582876,3.684755032083933,3.684755032083933,15.831799479622234,54.23145447639947,92.72175162521556,105.38149040156787,0.0125603218034993,0.0111670401639764,0.725201467253199,0.32402163972606,8.1475956364864,1.847861798334535,15.159589159330226,1.0100865078381789,0.0007134444465016,0.0568014464647642,0.0,0.0610076405845379,0.6476475300867512,0.1201324703997922,0.0205120497512683,0.2808278095430855,0.0118316952439147,27.1651474384116,0.0237643264559153,0.058687743057888,-24.07606508636564,700907000.0,-1332204000.0,-2141770000.0,5514755000.0,667474500.0,244182000.0,435435500.0,78.58875865756335,63.01857432198785,117.9931334288396,1.1452019542916962,1.4281503662738058,0.7627562501700833,0.0462817089700377,0.1495567192735046,2020-06-30,,bmo,,2025-04-25,2020-06-30,,91.42,941872.7936507936
2020-03-31,RVTY,USD,31791,2020-03-31,2020-03-31 00:00:00,2020,Q1,652396000.0,344373000.0,308023000.0,0.4721411535,48914000,0.0,0.0,208569000.0,3407000.0,257483000.0,601856000.0,265000.0,13665000.0,60758000.0,114561000.0,0.1756004022,44682000.0,0.0684890772,-9993000.0,34689000.0,0.0531716933,974000.0,33665000.0,0.0516020944,0.3,0.3,111121000,111644000,,,5.87104147730852,0.3029580367347306,0.5404019042305235,0.3560263136580844,1.7561577019645251,24.835503640176025,-13.428928825334545,24.835503640176025,19.921266007325347,8365188880.0,10370048880.0,62.12081449576712,12.822256543571696,139.30372822647794,211.4450452454375,3.031144489384168,3.031144489384168,15.89532872672426,90.51988791997276,172.69023946711073,262.12145189828624,0.0040244160033837,0.0047293612335027,0.7971769865777503,0.3445910936602303,17.500370981398557,1.8377552921067624,3.269813391877058,1.7811063324929557,0.0009301642929549,0.2311302539729689,0.0,0.0749759348616484,0.6659959689217273,0.3411823480432973,0.0314042391430971,0.3372066229961487,0.0046750746479132,13.01124886562718,0.0076673970040337,0.0157872720775609,-24.86757228606654,611682000.0,-1492236000.0,-2282824000.0,5373840000.0,675667000.0,234541000.0,375050500.0,86.3792849741568,60.95260081365264,102.75126098735964,1.0419164736884132,1.4765571739121113,0.8759016593584357,0.0121985863916461,0.184375590572439,2020-03-31,,bmo,,2025-04-25,2020-03-31,,88.76370967741936,830382.0
2019-12-31,RVTY,USD,31791,2019-12-31,2019-12-31 00:00:00,2019,Q4,805496000.0,407315000.0,398181000.0,0.4943302015,47636000,0.0,0.0,210737000.0,-27031000.0,258373000.0,665688000.0,570000.0,14421000.0,56908000.0,176230000.0,0.2187844508,138248000.0,0.1716308957,-72952000.0,65296000.0,0.0810630965,747000.0,64501000.0,0.080076127,0.58,0.58,111140000,111625000,,,7.247579629296383,0.580358106892208,1.9363865394997304,1.7271999280187151,1.7264441245276227,25.317833363325537,-14.222503149181213,25.317833363325537,20.108286845420192,10791694000.0,12820231000.0,41.82762282755306,13.39757615183688,50.14494679615259,56.21815889685926,3.835241294409316,3.835241294409316,15.915946199608689,72.7471542870113,59.570795966730174,66.78560228379723,0.0059769115024944,0.0177878468385037,0.7891090558613474,0.3392760252209276,11.510735970039152,1.7878017722964543,9.586575133485889,3.334056298316008,0.000720646823381,0.120571774081022,0.0,0.059138717014113,0.6714751858985281,0.1080293666651178,0.0288629614548054,0.4085365853658536,0.0079565882387994,18.1824564190436,0.0234730100956396,0.0299997395411831,-25.34197858556775,605688000.0,-1580689000.0,-2356220000.0,5485700000.0,685735000.0,213058000.0,374378500.0,81.02654761786526,52.11433411487424,78.86851699544579,1.1107470655723235,1.7269720803035764,1.1411397529536025,0.0229228978073966,0.2091866114810149,2019-12-31,,bmo,,2025-04-25,2019-12-31,,89.26375,619554.375
2019-09-30,RVTY,USD,31791,2019-09-30,2019-09-30 00:00:00,2019,Q3,706923000.0,364648000.0,342275000.0,0.4841757872,45376000,0.0,0.0,204171000.0,922000.0,249547000.0,614195000.0,292000.0,16149000.0,53324000.0,157990000.0,0.223489687,78660000.0,0.1112709588,-15406000.0,63254000.0,0.0894779205,4644000.0,58558000.0,0.0828350471,0.53,0.52,110946000,111559000,,,6.37177545833108,0.5278063201918051,0.9618643303949668,0.8120527103275468,3.5419843888017595,24.397427577379982,-13.341670722693925,24.397427577379982,21.874966199772864,9449270820.0,11467092820.0,40.34150252740872,13.366761047525683,88.54679117274985,104.88235420782738,3.4909418105606,3.4909418105606,16.22113415463919,72.58113057788468,107.45530450264724,127.27920638444292,0.0061970919360315,0.0095344923133444,0.8906434431543998,0.3715150111394818,12.77183366035825,1.303259316119323,4.870889838380085,1.8207643746800888,0.0008228148127095,0.1327743433860446,0.0,0.0641880374524523,0.6452380545103382,0.1557513001921004,0.0235117544626501,0.3116982972020103,0.0174050073346036,17.021607462712428,0.0124694431917042,0.0254370071574433,-24.41449443873596,360303000.0,-1480205000.0,-2233879000.0,5020234000.0,650370000.0,189156000.0,403075000.0,82.28016346900581,46.95895767973498,96.7064127597025,1.0938237869921366,1.9165672418414703,0.9306518299219028,0.0216336873433803,0.1498116200674202,2019-09-30,,bmo,,2025-04-25,2019-09-30,,87.4978125,659998.828125
2019-06-30,RVTY,USD,31791,2019-06-30,2019-06-30 00:00:00,2019,Q2,722517000.0,374724000.0,347793000.0,0.4813630683,48344000,0.0,0.0,201553000.0,-2715000.0,249897000.0,624621000.0,350000.0,17207000.0,53324000.0,159379000.0,0.2205885813,91735000.0,0.1269658707,-19908000.0,71827000.0,0.0994121938,2686000.0,69087000.0,0.0956198954,0.62,0.62,110845000,111528000,,,6.518264242861654,0.6232757454102575,0.4227344490053678,0.2731020794803555,1.3533853579322477,24.420289593576616,-14.593549551175064,24.420289593576616,20.694564481934236,10822905800.0,12949571800.0,39.164046057869065,14.979447957625911,230.97242306543177,357.5219939217759,3.9983145828738538,3.9983145828738538,17.922861053788353,81.25017599558285,276.3577574800461,427.7739098837209,0.0063834058317314,0.0027970307197906,0.8410764178661161,0.3557831510569032,13.343451772190816,1.816038292944829,5.331260533503807,0.6777165502379197,0.000717367419016,0.1123800425550392,0.0,0.0669105363610821,0.6757993971625885,0.3539630372615135,0.0229558612461713,0.3110419323381592,0.009277290361334,18.50575368609297,0.0153540735777669,0.0333016321834315,-25.65910505661058,601124000.0,-1617622000.0,-2354444000.0,5416267000.0,639190500.0,203696000.0,395418500.0,81.52176350175843,45.16548179460083,99.51244115669132,1.1039996699538852,1.992672200626426,0.904409528636594,0.0255228646254138,0.1496323695250124,2019-06-30,,bmo,,2025-04-25,2019-06-30,,93.15444444444444,917249.4126984128
2019-03-31,RVTY,USD,31791,2019-03-31,2019-03-31 00:00:00,2019,Q1,648737000.0,340931000.0,307806000.0,0.4744696233,47980000,0.0,0.0,198857000.0,1135000.0,246837000.0,587768000.0,283000.0,15850000.0,50469000.0,118323000.0,0.182389782,53330000.0,0.0822058862,-16565000.0,36765000.0,0.0566716558,1312000.0,35412000.0,0.0545860649,0.32,0.32,110543000,111293000,,,5.86863935301195,0.3203459287336149,-0.0480898835747175,-0.2731154392408384,1.2144776240919823,23.86828654912568,-13.28158273251133,23.86828654912568,18.507431497245417,10787891370.0,12683656370.0,76.15985661640123,16.629067511179414,-2029.324937923251,-357.321432546123,4.088688972253638,4.088688972253638,19.551307186117025,107.19518918553452,-2385.9398739653875,-420.11382100626014,0.003282569205181,-0.0027986006685197,0.769391147603613,0.3335279718366739,16.02194839549369,1.680856510047584,3.364668769716088,-0.1499449976024596,0.0007177491628746,0.2186546933242968,0.0,0.0739590928218985,0.6747161791092643,-4.679270127915726,0.0383437355970138,0.4928768154708831,0.0093982615451253,13.116304338183207,0.0095312622462095,0.0178863028761429,-24.041090344933647,505378000.0,-1468186000.0,-2200379000.0,5096429000.0,628298000.0,220145000.0,357427000.0,86.55808131800714,57.90230281200595,99.39146044214226,1.0397642672940903,1.554342325420236,0.905510388917072,0.0134214045098829,0.2250255556661208,2019-03-31,,bmo,,2025-04-25,2019-03-31,,90.07131147540984,555604.262295082
2018-12-31,RVTY,USD,31791,2018-12-31,2018-12-31 00:00:00,2018,Q4,756349000.0,380099000.0,376250000.0,0.4974555397,51970000,0.0,0.0,210539000.0,-20223000.0,262509000.0,642608000.0,387000.0,16231000.0,25424000.0,156989000.0,0.2075615886,115683000.0,0.1529492338,-36254000.0,79429000.0,0.1050163351,8107000.0,71292000.0,0.094258074,0.64,0.64,110597000,111609000,,,6.838784053817012,0.644610613307775,1.4414405454035824,1.1447778872844652,1.4748230060489886,23.37274067108511,-14.17099921336022,23.37274067108511,17.249211099758583,8687394350.0,10415763350.0,30.464127637042026,11.485959986725703,54.49409637496158,68.61593054206257,3.360752643663042,3.360752643663042,13.771107451718716,66.34709024199148,65.33577145760543,82.26716386670773,0.008206373180239,0.0145738750768232,0.7317264710604247,0.3165406849868931,11.00949111084216,1.5979979627575511,7.127287289754174,2.2352009197723004,0.0008963562244644,0.1092268417213712,0.0,0.0687116661752709,0.6948781619259533,0.2058098470069439,0.0433794452032064,0.695097665353163,0.0072611982034748,18.41173880219124,0.0199082739052094,0.0391016686164847,-23.361671202654684,462021000.0,-1567270000.0,-2155883000.0,4932836000.0,592027000.0,200821000.0,346295500.0,75.28298444236721,52.316396517749325,80.11394399880032,1.1954892684800424,1.7203019701379052,1.1233999414801965,0.0275795903603737,0.2966626581191171,2018-12-31,,bmo,,2025-04-25,2018-12-31,,84.45603174603174,729109.0476190476
2018-09-30,RVTY,USD,31791,2018-09-30,2018-09-30 00:00:00,2018,Q3,674313000.0,341986000.0,332327000.0,0.4928378958,48848000,0.0,0.0,196769000.0,1176000.0,245617000.0,587603000.0,316000.0,16684000.0,53161000.0,140811000.0,0.2088214227,80202000.0,0.1189388311,-2161000.0,78041000.0,0.1157340879,2596000.0,76548000.0,0.1135199826,0.69,0.69,110724000,111747000,,,6.090034680828005,0.6913406307575594,0.8416603446407283,0.6534897583179798,1.350321520176294,23.233165348072685,-14.19741880712402,23.233165348072685,17.333712654889634,10711439760.0,12464500760.0,34.982755134033546,15.88496701086884,114.93947720834406,148.0359849081637,4.163875156513062,4.163875156513062,18.48474040986901,88.51936823117512,133.75075929264315,172.26392415384828,0.0071463782381389,0.0067551143096752,0.7395906422973416,0.3245409054893468,12.449744693241296,1.6971119123060434,4.807120594581635,1.2352309629531446,0.0007236188760492,0.101256727804776,0.0,0.0724411363862182,0.7069623043981471,0.2235706927633273,0.030898114080553,0.4613493943889639,0.0165012390388439,19.01041035038968,0.0149185115515142,0.0445592881038436,-23.027638542682705,478743000.0,-1571995000.0,-2124391000.0,4940256000.0,557713000.0,188910500.0,360602500.0,73.59290121946336,47.55273607691543,93.22592152895147,1.22294404091515,1.8926355752574808,0.9653967321958876,0.0297566268048322,0.1881705863227484,2018-09-30,,bmo,,2025-04-25,2018-09-30,,85.89952380952381,617452.2698412698
2018-06-30,RVTY,USD,31791,2018-06-30,2018-06-30 00:00:00,2018,Q2,703362000.0,363222000.0,340140000.0,0.483591664,47196000,0.0,0.0,204880000.0,-118000.0,252076000.0,615298000.0,173000.0,16411000.0,43827000.0,131891000.0,0.187515106,88064000.0,0.1252043756,-16356000.0,71708000.0,0.101950347,7035000.0,64063000.0,0.0910811218,0.58,0.57,110477000,111452000,,,6.366592141350688,0.5798763543543,0.6606442970029961,0.5071643871575079,1.478968473075844,22.78462485404202,-15.338169935823746,22.78462485404202,18.26333988069915,8090230710.0,9928106710.0,31.571385628209736,11.502228880718606,110.84633642068344,144.3910531857933,3.2140094677489905,3.2140094677489905,14.115216218675448,75.275088595886,136.0275492560217,177.19269516330536,0.0079185628069684,0.0069256368586304,0.7950446075107154,0.3359084544607066,13.934809805066305,1.6871401851849253,5.3661568460179145,1.1285389575247784,0.0009572038521012,0.1208810077579882,0.0,0.0671005826302814,0.7069232858290456,0.2323185268407639,0.0241070743088196,0.3873709220506259,0.0096906002883294,17.24169269251357,0.015088503743151,0.0366894872302967,-24.17424214994976,489720000.0,-1694515000.0,-2238188000.0,5005950000.0,569890500.0,206266000.0,370884500.0,72.17292091412388,48.84483869369146,90.92645819911787,1.2470050936013517,1.8425692950773105,0.9898109063360956,0.0254503358325616,0.1534799098454882,2018-06-30,,bmo,,2025-04-25,2018-06-30,,75.00890625,563795.421875
2018-03-31,RVTY,USD,31791,2018-03-31,2018-03-31 00:00:00,2018,Q1,643972000.0,351750000.0,292222000.0,0.4537805992,45984000,0.0,0.0,199725000.0,5955000.0,245709000.0,597459000.0,265000.0,17650000.0,57251000.0,109691000.0,0.1703350456,39935000.0,0.0620135658,-11430000.0,28505000.0,0.0442643469,2470000.0,26024000.0,0.0404116949,0.24,0.23,110296000,111330000,,,5.838579821571045,0.2359469065061289,-0.1319902806992094,-0.3373649089722202,1.6392253572205702,23.16722274606513,-16.112687676796984,23.16722274606513,18.99524008123595,8170727680.0,10067376680.0,78.49223486012912,12.688016994527713,-561.253446902047,-219.58418919645257,3.197621087861393,3.197621087861393,15.633252191089053,91.77942292439673,-691.5356972111554,-270.5556753560871,0.0031850284355578,-0.0045540619461692,0.8130113977016749,0.3391096842309391,17.290835164234075,1.3326407367729896,2.2626062322946177,-0.5591703476089879,0.0009456930034412,0.2969182293267753,0.0,0.0714068313529159,0.7071964514299762,-1.5559829646929524,0.0351754424105395,0.509571907407824,0.0082798630996378,11.090098157078282,0.0067304295843045,0.0145079996365195,-25.12262457387394,308020000.0,-1777165000.0,-2336930000.0,4947671000.0,564022000.0,218748500.0,363241500.0,80.46405744349134,55.11402985074626,95.8997014925373,1.11851182825581,1.632978031977122,0.9384805020170328,0.0101845140909781,0.2053746282730108,2018-03-31,,bmo,,2025-04-25,2018-03-31,,77.22491803278689,697098.0983606557
2017-12-31,RVTY,USD,31791,2017-12-31,2017-12-31 00:00:00,2017,Q4,641630000.0,334535000.0,307095000.0,0.4786169599,37667000,0.0,0.0,172271000.0,-6152000.0,209938000.0,544473000.0,1059000.0,11430000.0,24137000.0,111662000.0,0.1740286458,97420000.0,0.1518320527,-12694000.0,80889000.0,0.1260679831,119333000.0,-38444000.0,-0.0599161511,-0.35,-0.35,110361000,110361000,,,5.81391977238336,-0.3483476952909089,1.16071800726706,1.0091427225197307,1.8315709353847829,22.68181694620382,-16.726470401681752,22.68181694620382,18.28126783918232,8156781510.0,9960756510.0,-53.04326754500052,12.712593722238674,63.67610353010976,73.24038349645326,3.258557291741571,3.258557291741571,15.524143992643737,89.20453251777687,77.75887609486487,89.43841707820778,-0.004713133477079,0.0136536696322518,0.8014216271410697,0.3293252826486689,16.155675162544107,1.2693928928425986,8.52318460192476,-3.3320674227447715,0.0009459613440105,-0.2007075226303194,0.0,0.0587051727631189,0.7139597604756603,0.1305875189308186,0.0260711001667627,0.5671854338317567,0.0144039399654006,,-0.008633203544098,-0.0220633768261082,-25.33671768106487,254680000.0,-1845950000.0,-2388320000.0,4901884000.0,496476500.0,192914000.0,323425500.0,77.47044246684226,59.74971228720463,94.61117670796776,1.1617333932037428,1.5062834037993094,0.9512618184403212,-0.015358015458687,0.1515752847473292,2017-12-31,,bmo,,2025-04-25,2017-12-31,,71.75396825396825,599336.7142857143
2017-09-30,RVTY,USD,31791,2017-09-30,2017-09-30 00:00:00,2017,Q3,554275000.0,285453000.0,268822000.0,0.4849975193,34887000,0.0,0.0,150859000.0,35419000.0,185746000.0,471199000.0,802000.0,10974000.0,26002000.0,115160000.0,0.2077669027,72904000.0,0.1315303775,27016000.0,105054000.0,0.189534076,8508000.0,91078000.0,0.1643191557,0.83,0.82,110003000,110993000,,,5.0387262165577305,0.8279592374753416,0.531840040726162,0.4328518313136914,6.449715007772515,23.054180340536167,-2.5308855213039645,23.054180340536167,10.195512849649557,7586906910.0,7987981910.0,20.825300593996356,13.68798323936674,129.68184927526323,159.33858889005566,2.991648324999438,2.991648324999438,14.411586144062063,69.36420554011809,136.53736342814167,167.76187986978894,0.0120046286425306,0.0062759436177133,0.4379141563444266,0.2343476568146353,3.482763112191733,2.5868267080828504,6.643338800801895,0.6059702110910861,0.0010167516342967,0.0846966336546696,0.0,0.0629416805737224,0.5938933794475786,0.1861240257076439,0.0196454828379414,0.4187754788093223,0.007959947679401,20.723856674031744,0.0161677674492631,0.0473250226939586,-9.230323263910984,948148000.0,-278405000.0,-657266000.0,3920247000.0,440530500.0,158744500.0,285130500.0,71.55006089035226,51.62373490557115,93.06554844405208,1.257860564757891,1.7433841267902404,0.9670603301081389,0.0359136271706672,0.0989882094124705,2017-09-30,,bmo,,2025-04-25,2017-09-30,,67.07698412698413,603699.1746031746
2017-06-30,RVTY,USD,31791,2017-06-30,2017-06-30 00:00:00,2017,Q2,546962000.0,289459000.0,257503000.0,0.470787733,33562000,0.0,0.0,147944000.0,5278000.0,181506000.0,470965000.0,490000.0,10672000.0,30526000.0,106639000.0,0.1949660123,75997000.0,0.1389438389,-3391000.0,70792000.0,0.1294276385,8066000.0,62726000.0,0.1146807274,0.57,0.57,109894000,110762000,,,4.97717800789852,0.5707863941616467,0.4378582998161865,0.3878828689464393,5.608204269568858,22.190802045607587,-3.377008753890112,22.190802045607587,10.030502120224943,7488177160.0,7963489160.0,29.844789879794664,13.69048884566021,155.62112224115717,175.67158917092854,3.0706416045691114,3.0706416045691114,14.559492542443534,74.67708024268795,165.49917203541295,186.8223422324403,0.0083766714728741,0.0056924401078139,0.4476354814740699,0.2370456780129178,4.457206087829031,2.4327370085580298,7.121158170914542,0.7671141153588623,0.0010269521988713,0.1225966903676306,0.0,0.0613607526665472,0.6101380120839833,0.1141360821314269,0.0100409169192741,0.221827288149285,0.0125054391347113,16.881637283488327,0.0167543127440172,0.0349379370653714,-9.848658707481755,844438000.0,-371113000.0,-732642000.0,3808343000.0,425748000.0,155936000.0,269859000.0,72.4677034236382,47.8059414286652,85.5307660152215,1.2419325540630135,1.8826111840992752,1.0522529400003635,0.0257217559324146,0.0499754308697472,2017-06-30,,bmo,,2025-04-25,2017-06-30,,62.123333333333335,608653.1428571428
2017-03-31,RVTY,USD,31791,2017-03-31,2017-03-31 00:00:00,2017,Q1,514115000.0,274504000.0,239611000.0,0.4660649855,33288000,0.0,0.0,145093000.0,-952000.0,178381000.0,452885000.0,220000.0,10864000.0,33666000.0,89796000.0,0.1746613112,51579000.0,0.1003258026,-9828000.0,39983000.0,0.0777705377,3921000.0,38603000.0,0.0750863134,0.35,0.35,109468000,110204000,,,4.696486644498849,0.3526418679431432,0.4908831804728322,0.4362462089377718,2.63391128000877,20.179294405671065,-5.286238900866007,20.179294405671065,9.73552088281507,6355712080.0,7122247080.0,41.16073932077818,12.362432685294149,118.2766130713116,133.08998178201236,2.877206647209784,2.877206647209784,13.853412329926185,79.31586128558065,132.5414448414471,149.14139001151713,0.0060737490172776,0.0075137135538713,0.4775329144082785,0.2430281665641823,8.536404739632054,1.8590811311204647,4.74769882179676,1.4901003826742831,0.0012072604774129,0.1987669352122892,0.0,0.0647481594584869,0.642244063530915,0.1113034092600863,0.0116335839257753,0.2416858609124338,0.0095815138636297,12.653514991585755,0.0124278223370918,0.0248596120656345,-12.812470310958451,515971000.0,-578674000.0,-1014935000.0,3457569000.0,418336000.0,163075500.0,255740000.0,71.96358791321008,51.84121178562061,86.76365371725002,1.250632474141538,1.7360705296044725,1.037300714574524,0.0174754310459952,0.0546369715350604,2017-03-31,,bmo,,2025-04-25,2017-03-31,,54.531451612903226,700890.0645161291
2016-12-31,RVTY,USD,31791,2016-12-31,2016-12-31 00:00:00,2016,Q4,566770000.0,290607000.0,276163000.0,0.4872576177,32926000,0.0,0.0,162795000.0,-847000.0,195721000.0,486328000.0,341000.0,10750000.0,24959000.0,105401000.0,0.1859678529,80442000.0,0.1419305891,7308000.0,69186000.0,0.1220706812,6897000.0,64849000.0,0.1144185472,0.59,0.59,109617000,110137000,,,5.170457137122892,0.5915961940210004,1.356742111168888,1.2902287054015344,3.2774569637921127,19.646313984144797,-4.694709762171926,19.646313984144797,9.644270505487288,5716526550.0,6403687550.0,22.037836165553824,10.08614879051467,38.437665913583736,40.41919063005989,2.654441949878574,2.654441949878574,11.298564761719922,60.75547243384788,43.05810539126693,45.277821340441626,0.0113441264433557,0.0247407230182461,0.4859029425558491,0.2446816843801609,6.519492224931453,1.9721905014460808,7.482976744186047,2.3876125800703174,0.0013411990538205,0.1182285000539715,0.0,0.058094112250119,0.6238923951108838,0.0490243541641451,0.0128641247772465,0.286314549381504,0.0065441007816221,16.171283283652425,0.0197033125220313,0.0403166193449396,-12.053180619794375,586576000.0,-514620000.0,-933182000.0,3400260000.0,434431500.0,165177000.0,276444000.0,67.58106462939112,52.03924888251144,76.44767675933477,1.3317339774617705,1.7294638553141348,1.1772758024201226,0.0301123251159702,0.0665134057673536,2016-12-31,,bmo,,2025-04-25,2016-12-31,,52.25904761904762,691747.0
2016-09-30,RVTY,USD,31791,2016-09-30,2016-09-30 00:00:00,2016,Q3,548054000.0,287255000.0,260799000.0,0.4758636923,33175000,0.0,0.0,145793000.0,-389000.0,178968000.0,466223000.0,124000.0,10998000.0,26229000.0,106854000.0,0.1949698387,81228000.0,0.1482116726,-5816000.0,69965000.0,0.127660778,12216000.0,58127000.0,0.1060607166,0.53,0.53,109192000,110078000,,,5.019177229101033,0.5323375338852663,0.6741794270642538,0.5918382299069529,2.8542658802842698,19.55657923657411,-5.778225511026449,19.55657923657411,10.47771814784966,6126763120.0,6948185120.0,26.35076264042528,11.179123079112642,83.22710208517286,94.8063122059916,2.86911117334185,2.86911117334185,12.67792064285636,65.02503528178636,94.38545296474904,107.51710076751672,0.0094873914433303,0.010547820885884,0.5306140893931036,0.2632292389737757,7.687330376027102,2.1050820177703646,7.38570649208947,1.2747406881504442,0.0012499259152033,0.1317460044385569,0.0,0.0605323563006565,0.6426581510381094,0.1221354343544114,0.0164053177241658,0.3472635278668263,0.0071306842026515,15.304926531861152,0.0178365292716232,0.0377890232596843,-12.56497041907832,605575000.0,-630936000.0,-1015568000.0,3547159000.0,439548500.0,159381500.0,303151500.0,72.79346560740365,50.856869332126514,95.88585055090424,1.2363747109582088,1.7696724391791574,0.9386160677817678,0.0272203807959269,0.0823411971573009,2016-09-30,,bmo,,2025-04-25,2016-09-30,,54.5734375,507562.8125
2016-06-30,RVTY,USD,31791,2016-06-30,2016-06-30 00:00:00,2016,Q2,572667000.0,307384000.0,265283000.0,0.4632412903,35007000,0.0,0.0,153994000.0,-1143000.0,189001000.0,496385000.0,127000.0,9939000.0,30512000.0,100385000.0,0.1752938444,71193000.0,0.1243183211,-5393000.0,65800000.0,0.1149009808,4578000.0,63857000.0,0.1115080841,0.59,0.58,108970000,109844000,,,5.255272093236671,0.5860053225658438,0.8831513260530421,0.8050380838762963,2.276617417637882,19.163099935762137,-5.858548224281912,19.163099935762137,9.801046159493438,5712207400.0,6522205400.0,22.363278105767577,9.974745183501057,59.35562621444974,65.11493188942718,2.735465565368884,2.735465565368884,11.38917625775538,64.97191213826767,67.77232665191143,74.3483089199202,0.0111790408730607,0.0153574605852021,0.5066945119799177,0.2522846945967521,8.068914678487822,1.9226363686582404,7.162994265016601,1.571934925353631,0.0013359108774656,0.1195013859091407,0.0,0.0611297665135235,0.6501219839027028,0.0884483099015971,0.0148637864587971,0.321948636483982,0.0104039520349522,15.895526653193985,0.0182279795148152,0.0435174906142687,-12.670574470037623,517766000.0,-638406000.0,-1026846000.0,3411571000.0,436288500.0,157961000.0,307161000.0,68.49352241354923,45.805181792155736,87.91472555500611,1.3139928686482096,1.9648432006750105,1.023719285157629,0.0305798813621089,0.0781132421767459,2016-06-30,,bmo,,2025-04-25,2016-06-30,,52.5728125,661699.453125
2016-03-31,RVTY,USD,31791,2016-03-31,2016-03-31 00:00:00,2016,Q1,538684000.0,288587000.0,250097000.0,0.4642740456,33785000,0.0,0.0,147545000.0,-1355000.0,181330000.0,469917000.0,110000.0,9841000.0,25712000.0,87826000.0,0.1630380706,68767000.0,0.1276574021,-11086000.0,57681000.0,0.1070776188,10176000.0,47466000.0,0.0881147389,0.43,0.43,110409000,111195000,,,4.878986314521461,0.4299106051137135,0.2901937342064505,0.2194748616507712,1.9086396942278256,18.56261717794745,-6.596056480902825,18.56261717794745,10.241973027561158,5460829140.0,6371063140.0,28.761793388952093,10.137351657001137,170.43786329588016,225.3561051502146,2.6644949645763805,2.6644949645763805,11.827088125877138,72.54187985334639,198.84716416978776,262.9194098712446,0.0086920866379642,0.0044374213839622,0.5469509338954271,0.2662168782970897,10.364060756495798,1.893112756898874,6.987806117264506,0.6744553204925797,0.0014362287848471,0.1652340622761555,0.0,0.0627176600752946,0.6596836978750195,0.2436953807740324,0.0144945830950984,0.2896464740141707,0.0073382539670753,13.399850171848044,0.0154854904641183,0.0331240487460719,-13.277121883179811,495273000.0,-728264000.0,-1111421000.0,3441142000.0,425909500.0,150230000.0,301044000.0,72.97033140022722,49.73612810001837,97.94412083704395,1.2333779807901455,1.809549786807123,0.918891294657072,0.0231600210785174,0.0707188725556793,2016-03-31,,bmo,,2025-04-25,2016-03-31,,47.7683606557377,1007829.8852459016
2015-12-31,RVTY,USD,31791,2015-12-31,2015-12-31 00:00:00,2015,Q4,608116000.0,326105000.0,282011000.0,0.4637454038,30030000,0.0,0.0,158505000.0,-663000.0,188535000.0,514640000.0,185000.0,9433000.0,36524000.0,112496000.0,0.1849910214,84724000.0,0.139322103,-9911000.0,74813000.0,0.1230242256,6329000.0,68254000.0,0.1122384545,0.61,0.61,112034000,112563000,,,5.427959369477123,0.6092257707481658,1.117866004962779,1.012380170305443,2.123748147883678,18.83750468607744,-5.887132477640717,18.83750468607744,9.125069175428887,6001661380.0,6776614380.0,21.98281924868872,9.86927063257668,47.92166481687015,52.91490447095335,2.8437949130063336,2.8437949130063336,11.143621249893112,60.238714087612,54.10945775676906,59.74743989208348,0.0113725176544365,0.0188982671328251,0.4799399746308946,0.2447070948713668,6.888716043237093,1.8400509363562696,8.981660129333193,1.828733718824835,0.0013053052319989,0.1147771559176019,0.0,0.0493820257977096,0.6692158071189583,0.0943635768410798,0.0194337922370074,0.4183362831858407,0.008610199369857,16.069119437770183,0.0216710391298563,0.0498505302105723,-11.920381312815753,471676000.0,-659559000.0,-995571000.0,3408705000.0,414628500.0,145332000.0,300537500.0,61.428674792309366,38.90832707256865,79.49132947976878,1.4651138137732975,2.3131295219180026,1.132198952879581,0.0323411078537613,0.1054858346573361,2015-12-31,,bmo,,2025-04-25,2015-12-31,,50.9465625,650908.328125
2015-09-30,RVTY,USD,31791,2015-09-30,2015-09-30 00:00:00,2015,Q3,563436000.0,308833000.0,254603000.0,0.4518756345,31095000,0.0,0.0,147728000.0,-2217000.0,178823000.0,487656000.0,147000.0,9874000.0,24976000.0,103914000.0,0.18442911,75898000.0,0.1347056276,-11944000.0,63954000.0,0.1135071241,9057000.0,54863000.0,0.0973721949,0.49,0.48,112632000,113422000,,,5.002450458129129,0.487099580936146,0.5391451807656794,0.4706477732793522,1.7318879181760067,18.23925704950636,-5.538905462035656,18.23925704950636,9.218073016549472,5176566720.0,6009876720.0,23.588605799901572,9.18749728451856,85.24605549608893,97.65264516129032,2.5198394800430703,2.5198394800430703,10.66647626349754,57.83510133379525,98.96873972828324,113.37250933786078,0.0105983372701511,0.0102403780086891,0.5005909486526955,0.2550746378607161,8.019227438073791,1.937368747699702,7.686651812841807,1.1061624496784888,0.0015334487951891,0.1446876765761989,0.0,0.0551881668902945,0.6642865097737487,0.1270481679703581,0.0136927707849693,0.2840156088941246,0.0076139969756991,14.138512137828608,0.018729210603231,0.0405346198886578,-11.676155533063428,519561000.0,-623858000.0,-903506000.0,3361920000.0,419945500.0,160180500.0,308900500.0,66.16078844802249,43.62085657944585,91.2280423400349,1.3603223617975195,2.063233211298469,0.9865387625500324,0.0267061086761387,0.0684974074863271,2015-09-30,,bmo,,2025-04-25,2015-09-30,,49.65234375,812164.1875
2015-06-30,RVTY,USD,31791,2015-06-30,2015-06-30 00:00:00,2015,Q2,563906000.0,311394000.0,252512000.0,0.4477909439,32683000,0.0,0.0,146742000.0,-1673000.0,179425000.0,490819000.0,132000.0,9302000.0,31674000.0,103065000.0,0.1827698233,68131000.0,0.120819782,-10843000.0,57288000.0,0.1015914,8292000.0,48974000.0,0.086847808,0.43,0.43,113018000,113833000,,,4.9895237926701945,0.4333292041975614,0.5616008069511051,0.5118742147268577,1.7003486170344546,18.76607266099205,-5.390689978587481,18.76607266099205,8.828045090162629,5949267520.0,6745523520.0,30.369520153550862,10.550105017502917,93.73205905059004,102.83776460216764,2.8050621433124743,2.8050621433124743,11.962141775402284,65.44921670790278,106.27725291865576,116.60167533836926,0.0082319377697105,0.0097240542311333,0.4660399527748545,0.2420977398600357,7.725765293746664,1.8635660858300949,7.324338851859815,1.2954322801861375,0.0013317605862175,0.1617797198513497,0.0,0.0579582412671615,0.6687024647076631,0.0885443745962723,0.0099662000404322,0.1988746947875013,0.0074586899234978,13.526546675788293,0.0165991884228761,0.03620711707096,-11.485174927887591,495984000.0,-609245000.0,-891524000.0,3392450000.0,420538000.0,164074000.0,297937000.0,67.94185555748653,49.329563190042194,88.08088787837916,1.3246620843884631,1.8244637531711947,1.0217880651279392,0.023091097003919,0.0497265922242474,2015-06-30,,bmo,,2025-04-25,2015-06-30,,52.13253968253968,714474.0
2015-03-31,RVTY,USD,31791,2015-03-31,2015-03-31 00:00:00,2015,Q1,526901000.0,291527000.0,235374000.0,0.4467138988,32120000,0.0,0.0,145873000.0,-242000.0,177993000.0,469520000.0,209000.0,9388000.0,28301000.0,90785000.0,0.1722999197,57381000.0,0.108902811,-9421000.0,47960000.0,0.0910227918,7649000.0,40334000.0,0.0765494846,0.36,0.36,112641000,113439000,,,4.677701724949175,0.3580756562885628,0.3343631537362062,0.2945996573183831,1.4996670839214852,18.28716897044593,-5.888930318445326,18.28716897044593,9.100922399481538,5760460740.0,6607285740.0,35.70474500421481,10.932719315393214,152.94747470992752,173.59151217454195,2.796496280132144,2.796496280132144,12.539899791421918,72.77948713994603,175.43174309003533,199.110587632594,0.0070018704788533,0.0057606503190923,0.4931095667962046,0.2521550809267797,9.32780745717905,1.857192674647327,6.112164465274819,0.9343107340428172,0.0013672517452136,0.1952694996776912,0.0,0.0609602183332352,0.6760270100993702,0.1189230810078857,0.0085006481293449,0.1580786334439189,0.0075668863790351,12.138133122186709,0.013863931992518,0.0309060718699882,-11.917228185119097,471954000.0,-663335000.0,-945851000.0,3363673000.0,442970500.0,165712000.0,288288500.0,70.95074786345063,48.61433074809537,89.87435126077516,1.268485572177631,1.8513059547472237,1.0013980489145369,0.0195807047480806,0.0397634964178229,2015-03-31,,bmo,,2025-04-25,2015-03-31,,46.322459016393445,941156.1147540984
2014-12-31,RVTY,USD,31791,2014-12-31,2014-12-31 00:00:00,2014,Q4,608390000.0,330788000.0,277602000.0,0.4562895511,30966000,0.0,0.0,216648000.0,-1149000.0,247614000.0,578402000.0,292000.0,9063000.0,28467000.0,57380000.0,0.0943145022,30567000.0,0.0502424432,-9920000.0,20647000.0,0.0339371127,-10667000.0,30787000.0,0.0506040533,0.27,0.27,112481000,113448000,,,5.408824601488251,0.2737084485379753,0.8584916563686311,0.7975213591628808,1.5542269361047645,18.15508396973711,-6.509899449684836,18.15508396973711,9.441861292129335,4918794130.0,5796940130.0,39.942135722870034,8.084935863508605,50.93817706391616,54.83238724277083,2.408691696105288,2.408691696105288,9.528329081674585,101.02718943882886,60.032104407439626,64.62154292912403,0.0062590543914469,0.0182373967336583,0.5156289940463307,0.2546765941246953,15.304043220634368,1.7818830689966998,3.372724263488911,3.083732515807626,0.0016075078141154,0.2568291811478871,0.0,0.0508982724896858,0.6710181529877911,0.0710202559960233,0.0112723746281168,0.229341537638364,0.0044297243544436,10.573882777615408,0.0131097013101737,0.0226344376937237,-12.641710600012448,468631000.0,-732240000.0,-1024431000.0,3419167000.0,448785500.0,167229500.0,283537000.0,69.61105540853728,47.32871204517697,77.66645101998864,1.292898081659629,1.901594108753514,1.1588015007514267,0.0150761323381496,0.0609702972057503,2014-12-31,,bmo,,2025-04-25,2014-12-31,,43.07640625,1020719.84375
2014-09-30,RVTY,USD,31791,2014-09-30,2014-09-30 00:00:00,2014,Q3,542049000.0,298740000.0,243309000.0,0.4488690137,30444000,0.0,0.0,142997000.0,-2187000.0,173441000.0,472181000.0,130000.0,8909000.0,37961000.0,98847000.0,0.1823580525,58776000.0,0.1084330014,-10966000.0,47810000.0,0.0882023581,4912000.0,42277000.0,0.0779947938,0.38,0.37,112646000,113759000,,,4.811968467588729,0.3753084885393178,0.5586261385224509,0.4896756209718942,1.808168954068497,18.311826429700123,-4.056486692825311,18.311826429700123,7.711272481934556,4911365600.0,5567417600.0,29.04277503134092,9.060741003119643,78.04862141846901,89.03853517041334,2.38097494902446,2.38097494902446,10.271059627450654,56.32358695762137,88.47422569008533,100.93215373459029,0.0086079928564063,0.011231092224126,0.4167898838155204,0.2212123083415027,6.63704513035297,1.89334599855842,6.597373442586149,1.4668982236934125,0.0016093283709117,0.1869574473117771,0.0,0.0561646640801846,0.6483263732899006,0.1234287348832774,0.0143289628797396,0.2685127566894835,0.0045198865785196,12.43515732686219,0.0158838167355221,0.0309320741105483,-10.288589918860856,506914000.0,-456947000.0,-749369000.0,3203939000.0,435365000.0,157960500.0,279804000.0,70.89897776769259,48.354890540269125,84.84143402289617,1.269411814298561,1.861238832193189,1.0608024373528586,0.020495415352485,0.0689505175505566,2014-09-30,,bmo,,2025-04-25,2014-09-30,,45.53203125,701860.1875
2014-06-30,RVTY,USD,31791,2014-06-30,2014-06-30 00:00:00,2014,Q2,556170000.0,308186000.0,247984000.0,0.4458780589,30352000,0.0,0.0,147253000.0,-36000.0,177605000.0,485791000.0,151000.0,9079000.0,29436000.0,100835000.0,0.1813024795,69637000.0,0.1252081198,-8964000.0,60673000.0,0.1090907456,8670000.0,50490000.0,0.0907815956,0.45,0.44,112788000,113971000,,,4.931109692520481,0.447654005745292,0.4822764833138277,0.4075610880590133,1.8198567223463489,18.228809802461253,-4.460900095754868,18.228809802461253,8.018689931553002,5282989920.0,5973064920.0,26.158595365418897,9.498876099034469,97.12271201397188,114.92755656108598,2.5695588745281475,2.5695588745281475,10.73963881547009,59.23602836316755,109.80908024634616,129.9396301775148,0.0095570880816672,0.0087011333915246,0.4354751552900766,0.2274399934155843,6.843605890811722,1.867699391115436,7.67011785438925,1.045997346306944,0.001499529645137,0.1569023569023569,0.0,0.0545732419943542,0.6500908913551093,0.1549223274197996,0.0151518420626786,0.2948668602820252,0.008635848751281,13.550073574741894,0.017768893834345,0.0366549275068768,-10.670745114728517,502050000.0,-503136000.0,-799928000.0,3240853000.0,443349000.0,161727000.0,278511000.0,71.8035492745024,45.386065557812486,81.18211080321623,1.2534199341028842,1.982987485120484,1.1086186243439535,0.0245575004948951,0.0747153952548143,2014-06-30,,bmo,,2025-04-25,2014-06-30,,44.90269841269841,831714.2222222222
2014-03-31,RVTY,USD,31791,2014-03-31,2014-03-31 00:00:00,2014,Q1,531904000.0,296384000.0,235520000.0,0.4427866683,29449000,0.0,0.0,153204000.0,-2164000.0,182653000.0,479037000.0,94000.0,9219000.0,29508000.0,86580000.0,0.1627737336,50732000.0,0.0953781133,-11289000.0,39443000.0,0.0741543587,5124000.0,34224000.0,0.0643424377,0.3,0.3,112553000,113777000,,,4.725809174344531,0.3040700825388928,0.6015921388146029,0.5481062255115368,1.991177489715956,18.030936536565,-4.89476957522234,18.030936536565,8.34044405746626,5071638180.0,5777048180.0,37.04738034712483,9.53487505264108,74.90124470174713,82.21034154090547,2.499038245108493,2.499038245108493,10.861073013175307,66.7249732039732,85.31919747160727,93.6449106028432,0.0067481154580313,0.0121639197849875,0.4580203563945845,0.2340732163911159,8.147493647493647,1.812800803353472,5.502982969953357,1.9729887234476529,0.0015551188235592,0.2304523141654978,0.0,0.0553652538803994,0.6497875387992883,0.0889072676522278,0.011317831789195,0.2044628604422103,0.0084902538803994,11.106756417643012,0.0131051918168666,0.0246088180159787,-11.068398887635158,492120000.0,-550921000.0,-844060000.0,3255145000.0,454862500.0,167460000.0,270033500.0,74.95307423896043,51.02674233426906,84.73058599654503,1.2007512822365094,1.7637810270234886,1.062190222591755,0.0168637986120281,0.0534859133030661,2014-03-31,,bmo,,2025-04-25,2014-03-31,,43.889836065573775,1021278.3606557376
2013-12-31,RVTY,USD,31791,2013-12-31,2013-12-31 00:00:00,2013,Q4,593280000.0,317002000.0,276278000.0,0.4656789374,32702000,0.0,0.0,141949000.0,-12613000.0,174651000.0,491653000.0,362000.0,14614000.0,36713000.0,121394000.0,0.2046150216,84681000.0,0.1427336165,-26865000.0,57816000.0,0.0974514563,-8184000.0,66873000.0,0.1127174353,0.57,0.57,112626000,113463000,,,5.267700175803101,0.5937616536146183,0.6366469554099409,0.5707030348232203,1.5382060980590628,17.68762097561842,-5.4291549020652425,17.68762097561842,8.429154902065243,4643569980.0,5405055980.0,17.359659279529854,7.826945084951456,64.76116731517509,72.24422770551995,2.331008791789109,2.331008791789109,9.110463828209276,44.52490221922006,75.3811692676736,84.09135571597486,0.0144012043078976,0.0138419363284797,0.4692207063349675,0.2368371444382057,6.272847092937048,1.7333193982707251,5.794512111673738,1.0864090909090909,0.0016941706561726,0.1176409014101356,0.0,0.0551206850053937,0.6596756996710172,0.1035800454653222,0.0125185409924487,0.2319632706602536,0.0044329827400215,15.3720590448162,0.0288858965436474,0.0497877396769712,-11.549768703496529,442042000.0,-611464000.0,-909788000.0,3230965000.0,447640000.0,164702000.0,269693500.0,70.80537014563107,47.37916480022208,74.11069961703711,1.2710900291162917,1.8995691540678687,1.2143995464227155,0.0335693338540605,0.0659439205867206,2013-12-31,,bmo,,2025-04-25,2013-12-31,,38.2471875,664764.859375
2013-09-30,RVTY,USD,31791,2013-09-30,2013-09-30 00:00:00,2013,Q3,524277000.0,290765000.0,233512000.0,0.4453981388,31541000,0.0,0.0,143649000.0,-755000.0,175190000.0,465955000.0,119000.0,11704000.0,34133000.0,91639000.0,0.1747911886,57196000.0,0.1090950013,-11582000.0,44856000.0,0.0855578253,4557000.0,40198000.0,0.076673209,0.36,0.36,111827000,113115000,,,4.688286370912213,0.3594659608144723,0.4300839689878115,0.3521779176764109,1.183104259257603,17.16554141665251,-6.196151197832366,17.16554141665251,8.473964248347894,4221469250.0,5025080250.0,26.25422440171153,8.051982539764285,87.77355754236407,107.19013914633216,2.1991732788211533,2.1991732788211533,9.58478104131976,54.83560765612894,104.4823838236823,127.595161617957,0.0095222771076681,0.009329216362289,0.4875641484477521,0.2429982297925549,8.769312192407163,1.6091592847532452,4.886876281613124,1.1934539318593511,0.0018574101895921,0.1950594556943131,0.0,0.0601609454544067,0.6782942657014388,0.1811414907994594,0.0166171699311623,0.258954314419047,0.0072118364910152,11.782810630759805,0.0157394126662114,0.0324423876848379,-11.97455221011026,359033000.0,-692897000.0,-983531000.0,3166196000.0,431664500.0,166322500.0,268910500.0,73.56376495631126,50.3054700531357,86.1575155194057,1.2234284100800177,1.7890698547282538,1.0445983668102503,0.0209411373687141,0.0779060513114006,2013-09-30,,bmo,,2025-04-25,2013-09-30,,35.8934375,824741.703125
2013-06-30,RVTY,USD,31791,2013-06-30,2013-06-30 00:00:00,2013,Q2,543297000.0,300998000.0,242299000.0,0.4459789029,34603000,0.0,0.0,148755000.0,-1016000.0,183358000.0,484356000.0,64000.0,11913000.0,32239000.0,70673000.0,0.1300817049,47092000.0,0.0866781889,-32200000.0,26799000.0,0.0493266114,-137000.0,27925000.0,0.0513991426,0.25,0.25,111575000,112718000,,,4.869343490925386,0.250280080663231,0.2497154380461572,0.1509209052207035,1.008021510194936,16.669074613488686,-6.672838897602509,16.669074613488686,9.105857046829486,3652965500.0,4544568500.0,32.703361683079684,6.723699008093179,131.10923480008614,216.9348239206604,1.964116230753845,1.964116230753845,8.364795866717468,64.30416849433306,163.10991673246716,269.88351446047864,0.0076444740581316,0.0046096794508461,0.5398671507195196,0.2634474366119134,12.615892915257596,1.6093299791755802,3.9529925291698143,1.0343777843777844,0.0021440114887479,0.2804655326768129,0.0,0.0636907621429899,0.6833324412455225,0.3956284545258775,0.0202890868162349,0.3419150718074382,0.0059378203818537,9.688580397768328,0.014562943308846,0.0231375993238932,-12.396401523638808,343224000.0,-744522000.0,-1044927000.0,3161727000.0,422790000.0,171144000.0,259616000.0,72.02657110199394,50.86738117861248,77.58290752762477,1.249538866324132,1.7693067328152738,1.160049331329248,0.0150146355731531,0.0987945328254537,2013-06-30,,bmo,,2025-04-25,2013-06-30,,32.72328125,1344924.453125
2013-03-31,RVTY,USD,31791,2013-03-31,2013-03-31 00:00:00,2013,Q1,505378000.0,280493000.0,224885000.0,0.4449837547,34177000,0.0,0.0,151497000.0,-452000.0,185674000.0,466167000.0,105000.0,11693000.0,33534000.0,69435000.0,0.1373922094,35901000.0,0.0710379162,-16020000.0,23861000.0,0.0472141644,-8428000.0,32216000.0,0.0637463443,0.28,0.28,113454000,114716000,,,4.454474941385937,0.2839564933805771,0.0963474183369471,-0.0079151021559398,1.109445237717489,16.168870202901616,-6.907980326828494,16.168870202901616,9.15207044264636,3793901759.999999,4694676760.0,29.441129873354853,7.507057608364431,347.0772811270698,-4224.834922048997,2.068171713939478,2.068171713939478,9.28943634269794,67.61254064952834,429.4828249931387,-5227.925122494432,0.0084915219312373,-0.0002366956386345,0.5596560880451237,0.2695920797154311,12.972924317707209,1.5639412997903563,3.0702984691695887,0.3385363436464431,0.0021244619681454,0.2501862428606903,0.0,0.0676266082021773,0.687515919820301,1.0821516787119203,0.0234062424561417,0.3869353308691243,0.0087380139222522,10.163820782889031,0.0149846647683642,0.0270726101589515,-12.426926331376594,323338000.0,-783738000.0,-1077031000.0,3154171000.0,433896500.0,170554500.0,253725000.0,73.15391647440134,55.241806390890325,83.34817624682256,1.23028272903876,1.6292008875155373,1.0798076700980128,0.0175619254664818,0.1042625204928869,2013-03-31,,bmo,,2025-04-25,2013-03-31,,34.36066666666667,1107028.933333333
2012-12-31,RVTY,USD,31791,2012-12-31,2012-12-31 00:00:00,2012,Q4,572921000.0,311263000.0,261658000.0,0.4567086911,33538000,0.0,0.0,180708000.0,-558000.0,214246000.0,525509000.0,313000.0,11651000.0,32074000.0,985000.0,0.0017192597,47167000.0,0.0823272319,-89907000.0,-42740000.0,-0.074600163,-26548000.0,-16192000.0,-0.0282621862,-0.14,-0.14,115036000,115036000,,,4.980362669077506,-0.1407559372718105,0.343579401230919,0.1866024548836886,1.4903508466914706,16.862651691644356,-6.196990507319448,16.862651691644356,8.277817378907473,3651242640.0,4420394640.0,-56.37417613636363,6.373029859265064,92.3803926728064,170.09422528649958,1.8822662402335897,1.8822662402335897,7.7155395595553316,4487.710294416243,111.84077117700636,205.92540016770707,-0.0044346546084376,0.0058790943567639,0.4848902883372203,0.2410695475531311,780.8649746192893,1.672266391326794,4.048322032443567,-2.440958498023716,0.0021987035076912,-0.495800395256917,0.0,0.0585386117806818,0.6798695051107679,0.4568869547616638,0.0315191797822038,0.563010538130573,0.0099123613901393,,0.0053783352429545,-0.0129632135191457,-11.508603828366772,390654000.0,-712877000.0,-990196000.0,3253859000.0,425974000.0,162335500.0,254544000.0,71.79173044800243,48.84894767447464,71.61763524736315,1.2536262803302327,1.84241430541662,1.2566737185491426,-0.0083472006565584,0.1569769463472304,2012-12-31,,bmo,,2025-04-25,2012-12-31,,30.663387096774198,752531.6774193548
2012-09-30,RVTY,USD,31791,2012-09-30,2012-09-30 00:00:00,2012,Q3,509604000.0,278864000.0,230740000.0,0.4527829452,32408000,0.0,0.0,145442000.0,-586000.0,177850000.0,456714000.0,74000.0,11360000.0,40374000.0,73334000.0,0.143903894,43218000.0,0.0848070266,-11872000.0,31346000.0,0.0615105062,2357000.0,29594000.0,0.0580725426,0.26,0.26,113860000,114998000,,,4.475707008607062,0.2599156859300895,0.1819515194098015,0.0686457052520639,1.5003337431933954,17.059898120498858,-6.639829615317056,17.059898120498858,8.288160899350078,3348622600.0,4110124600.0,28.288019530986013,6.571028877324354,161.63646280832168,428.43175537359264,1.7239258870286855,1.7239258870286855,8.065330334926728,56.04664412141708,198.3938118453444,525.860363357216,0.0088376635814379,0.0023340940242116,0.4799787895636416,0.2396753086334062,10.384023781601986,1.6160590234544727,3.804401408450704,0.7146503846286523,0.0023842639060012,0.2697844157599513,0.0,0.0635944772803981,0.6936943745853118,0.6227252980643916,0.0253157353552954,0.4212158808933002,0.0100077707396331,9.988395278644884,0.0120780682431936,0.0248371827581576,-11.854911733708065,358717000.0,-756011000.0,-1006537000.0,3258816000.0,392201500.0,164878000.0,252918000.0,69.74892269291449,50.25933788513397,84.36370417120891,1.2903425103244317,1.7907120106852974,1.0668094873756695,0.0152354770288914,0.1133058141577375,2012-09-30,,bmo,,2025-04-25,2012-09-30,,27.087142857142855,749180.2380952381
2012-06-30,RVTY,USD,31791,2012-06-30,2012-06-30 00:00:00,2012,Q2,521790000.0,282996000.0,238794000.0,0.4576438797,34069000,0.0,0.0,149735000.0,-169000.0,183804000.0,466800000.0,150000.0,11339000.0,37509000.0,81924000.0,0.1570056919,49787000.0,0.0954157803,-11358000.0,38429000.0,0.0736484026,4861000.0,33633000.0,0.0644569654,0.3,0.29,113515000,114578000,,,4.596661234198123,0.2962868343390741,0.6729507113597322,0.6181473814033388,1.5099590362507158,16.608642029687708,-7.115447297713959,16.608642029687708,8.125639783288552,2928687000.0,3668327000.0,21.769445187762017,5.612769504973265,38.33861762010735,41.73761917655945,1.5534081566622289,1.5534081566622289,7.030274631556757,44.77719593769835,48.021036784919495,52.27845629836538,0.0114839858270958,0.0239592008295867,0.4832273395108548,0.2396890556197064,9.028367755480687,1.5276891532028212,4.390775200634977,2.275679218303146,0.0027210145706932,0.2369399102072369,0.0,0.0652925506429789,0.7085200307187411,0.081437360911114,0.0119224208972958,0.1934631173031471,0.0091531075720117,10.52239251867459,0.0135343547152026,0.0303575151841732,-11.71551336827732,310115000.0,-807710000.0,-1017807000.0,3170332000.0,398666500.0,168515500.0,248147000.0,67.17633530730754,55.34537590637324,77.73692914387483,1.3397575141347384,1.6261521134530077,1.1577509041221423,0.0178393172548042,0.0548033299563934,2012-06-30,,bmo,,2025-04-25,2012-06-30,,26.417777777777776,974066.746031746
2012-03-31,RVTY,USD,31791,2012-03-31,2012-03-31 00:00:00,2012,Q1,510890000.0,278876000.0,232014000.0,0.4541368984,32624000,0.0,0.0,156849000.0,-1603000.0,189473000.0,468349000.0,210000.0,11437000.0,38376000.0,74758000.0,0.1463289554,36382000.0,0.0712129813,-12830000.0,23552000.0,0.0460999432,1476000.0,22569000.0,0.04417585,0.2,0.2,113097000,114119000,,,4.517272783539793,0.1995543648372635,0.1373953332095457,0.0911695270431576,1.2799366915125954,16.64573772955958,-7.597363325287143,16.64573772955958,8.35926682405369,3128263020.0,3917477020.0,34.65221121892862,6.123163538139326,201.3168813951992,303.39084666860634,1.661686640110954,1.661686640110954,7.667946172365872,52.40211107841301,252.10612137203165,379.9318223256716,0.007214546812627,0.0032960783457396,0.4961114596275436,0.2416960342504783,10.556916985473126,1.5064450733759576,3.181078954271225,0.7038865736546476,0.0025323957574385,0.3510124507067216,0.0,0.0638571903932353,0.7095375595395522,0.3364437866014544,0.01023312258999,0.1633392695347892,0.010718549981405,8.64516723071761,0.0104560625119878,0.0201075180681672,-12.423572243295578,305278000.0,-859239000.0,-1073591000.0,3218783000.0,408877500.0,168078000.0,246310500.0,71.85114212452778,52.604992900070286,81.28064085830262,1.2525896922281037,1.710864217222996,1.1072747341756068,0.0119883160529973,0.0462258061663881,2012-03-31,,bmo,,2025-04-25,2012-03-31,,25.407258064516128,1129412.5806451612
2011-12-31,RVTY,USD,31791,2011-12-31,2011-12-31 00:00:00,2011,Q4,540192000.0,298386000.0,241806000.0,0.4476297317,31105000,0.0,0.0,217495000.0,0.0,248600000.0,546986000.0,530000.0,12205000.0,32203000.0,11665000.0,0.0215941739,-6264000.0,-0.011595877,-26479000.0,-32743000.0,-0.0606136337,46579000.0,-79322000.0,-0.1468403827,-0.7,-0.7,112976000,113864000,,,4.781475711655573,-0.7021137232686588,0.7304648774961053,0.6807817589576547,1.259931312845206,16.30625973658122,-8.081512887692961,16.30625973658122,8.471825874522022,2259520000.0,3062086000.0,-7.121353470663876,4.182809075291748,27.37982429566798,29.37799043062201,1.2265228398841397,1.2265228398841397,5.668514157929033,262.5020145735105,37.104950015146926,39.81285105055128,-0.0351056861634329,0.0340390879478827,0.5129192233701151,0.2464421503532159,68.80120017145306,1.4368719440861506,-0.5132322818517001,-1.0403797181109906,0.0035033989519898,-0.099795769143491,0.0,0.0575813784728392,0.7185943448929868,0.0680157528021811,0.0103907499555713,0.1743005310064279,0.0112089775487234,,-0.0046921209149926,-0.0735167498482341,-12.5853499858377,262152000.0,-913017000.0,-1129764000.0,3191952000.0,384780000.0,161983000.0,234656000.0,68.2903856406611,52.22688061772335,72.61959341255957,1.3179014755250216,1.7232505356534396,1.23933494764561,-0.0430579258892551,0.0496831185384506,2011-12-31,,bmo,,2025-04-25,2011-12-31,,19.15460317460317,1454706.507936508
2011-09-30,RVTY,USD,31791,2011-09-30,2011-09-30 00:00:00,2011,Q3,453740000.0,254193000.0,199547000.0,0.4397826949,30234000,0.0,0.0,135105000.0,0.0,165339000.0,419532000.0,549000.0,4449000.0,28666000.0,62874000.0,0.1385683431,34208000.0,0.0753911932,-3916000.0,30292000.0,0.0667607,3591000.0,26701000.0,0.058846476,0.24,0.24,112703000,113425000,,,4.025979787583294,0.2369147227669183,0.4241058356920401,0.3441700753307365,2.201378845283622,17.2589904439101,-2.888494538743423,17.2589904439101,4.546897598111851,2165024630.0,2424922630.0,20.271006984757125,4.771509300480451,45.295297501987534,55.81542782747686,1.1130430868729244,1.1130430868729244,5.344299885396923,38.5679713395044,50.73272166199423,62.51572945938281,0.0123328850997875,0.0179161934060768,0.2611637208632797,0.1493266485162281,4.1336323440531855,1.061496169332513,7.688918858170376,1.7901202202164712,0.0036563094434634,0.2964682970675256,0.0,0.0666328734517565,0.6674671907600903,0.1884806895686012,0.019854983029929,0.3204111391684746,0.0032331291047736,9.591686560024607,0.0104552607224082,0.0236029687356354,-7.317174343185186,53868000.0,-325542000.0,-526973000.0,2490408000.0,371194500.0,150012500.0,225393500.0,71.34147309031603,53.39710377547769,80.92044234105582,1.261538290442403,1.68548467307195,1.1122035099694156,0.0137270325015166,0.0799357603613036,2011-09-30,,bmo,,2025-04-25,2011-09-30,,22.89609375,1315979.234375
2011-06-30,RVTY,USD,31791,2011-06-30,2011-06-30 00:00:00,2011,Q2,479491000.0,270486000.0,209005000.0,0.4358893076,28165000,0.0,0.0,140010000.0,0.0,168175000.0,438661000.0,483000.0,4213000.0,30471000.0,66009000.0,0.137664732,37490000.0,0.0781870775,-4271000.0,33219000.0,0.0692797154,5326000.0,29761000.0,0.0620679012,0.26,0.26,112494000,113623000,,,4.262369548598148,0.2645563318932565,0.4613579390900848,0.3876740092804949,3.5131473678596192,17.391692001351185,-3.1968905008267106,17.391692001351185,6.0022134513840735,3027213540.0,3303005540.0,25.429366788750382,6.313389698659621,58.327813872832365,69.41399050698219,1.547290510774301,1.547290510774301,6.8885662921723245,50.03871502370889,63.64172524084778,75.73789961248309,0.0098311531732908,0.014406317699015,0.3429662027507831,0.1866035347882105,4.178096926176734,1.9239602254036816,8.898647044861145,1.860681891514,0.0026066876009017,0.265145660428077,0.0,0.0587393715419058,0.6440997825554339,0.1597109826589595,0.0172870815093505,0.3110552386670669,0.0102316831807062,10.174691662607376,0.0103669218815751,0.023255014389338,-7.520696659377389,516819000.0,-359631000.0,-563227000.0,3000162000.0,364104500.0,149204000.0,223535000.0,71.83561318147785,49.64796699274639,73.94623011911892,1.2528604687014164,1.812763048548374,1.217100585858404,0.0152116500150015,0.0736839298095898,2011-06-30,,bmo,,2025-04-25,2011-06-30,,27.03793650793651,910930.0317460316
2011-03-31,RVTY,USD,31791,2011-03-31,2011-03-31 00:00:00,2011,Q1,447864000.0,247643000.0,200221000.0,0.4470575889,26317000,0.0,0.0,134562000.0,0.0,160879000.0,408522000.0,322000.0,3916000.0,24275000.0,63544000.0,0.1418823571,39342000.0,0.0878436311,-3667000.0,33586000.0,0.0749915153,7686000.0,24913000.0,0.0556262615,0.22,0.22,113998000,115140000,,,3.9287005035176055,0.218538921735469,0.3741381427744346,0.306759767715223,3.647853471113528,16.736539237530483,-0.9640081404936928,16.736539237530483,4.562939700696504,2994727460.0,3095129460.0,30.051855055593464,6.686689396781166,70.21470680640547,85.63704489562483,1.5696195986020467,1.5696195986020467,6.9108690584641765,48.70844548659197,72.56874305409018,88.50813440091507,0.0083189540059181,0.0116771894828786,0.2705809221712304,0.1561507516409062,1.5800390280750347,2.127680384340022,10.046475995914198,1.6467567567567567,0.0027067571618019,0.3253722955886485,0.0,0.0587611417751817,0.6103345331357188,0.1800895641368315,0.0171502956254577,0.3206696447209118,0.0068190343497133,9.071695975254508,0.0108463679108071,0.0193382924271485,-5.357857155388691,576486000.0,-109895000.0,-310468000.0,2759418000.0,351127500.0,155119000.0,216055000.0,69.42795134237178,54.22176277948498,81.70988075576535,1.296307873988399,1.6598501300302957,1.1014579775120978,0.013057593247558,0.0673783750592115,2011-03-31,,bmo,,2025-04-25,2011-03-31,,26.251129032258063,1429105.9677419355
2010-12-31,RVTY,USD,31791,2010-12-31,2010-12-31 00:00:00,2010,Q4,469970000.0,261641000.0,208329000.0,0.4432814861,25612000,0.0,0.0,125266000.0,0.0,150878000.0,412519000.0,290000.0,3954000.0,32713000.0,72100000.0,0.1534140477,48321000.0,0.1028172011,-3468000.0,44853000.0,0.0954380067,2291000.0,42562000.0,0.0905632274,0.36,0.36,117109000,117982000,,,4.013098907855075,0.3634391891314928,0.2469665012936666,0.1550521309207661,3.587136770017676,16.444662664696992,-0.0277092281549667,16.444662664696992,3.673577607186467,3023754380.0,3029923380.0,17.76088048024059,6.433930633870247,104.54859207523684,166.52463817601057,1.5701142994820902,1.5701142994820902,6.44705700363853,42.02390263522885,104.76188991079457,166.8643782354885,0.0140758787425055,0.0060051173865517,0.2213371149298635,0.132815662124658,0.0855617198335644,2.106045783983758,12.220789074355084,0.6795263380480241,0.0027326955041897,0.1941403129552182,0.0,0.054497095559291,0.6010716111838668,0.372173431989489,0.0229035895908249,0.462113081183188,0.0043917696874268,11.59630477561556,0.0170050509877177,0.033243511337098,-4.20341519439155,569837000.0,-3245000.0,-198516000.0,2660720000.0,340149500.0,152026000.0,208718000.0,68.32068004340702,55.39567575418226,71.30006382791689,1.3173170984659284,1.6246755504775152,1.2622709597738304,0.0221007384913839,0.0919143703729004,2010-12-31,,bmo,,2025-04-25,2010-12-31,,24.1484375,1156082.015625
2010-09-30,RVTY,USD,31791,2010-09-30,2010-09-30 00:00:00,2010,Q3,419143000.0,233360000.0,185783000.0,0.4432449069,23814000,0.0,0.0,120552000.0,0.0,144366000.0,377726000.0,192000.0,4185000.0,17544000.0,61715000.0,0.1472409178,41417000.0,0.0988135314,-6680000.0,34737000.0,0.0828762499,8192000.0,26545000.0,0.0633316076,0.23,0.22,117475000,118207000,,,3.567933602894233,0.2259629708448606,0.1300021281123643,0.0931006597148329,2.13652266439668,14.531049159395616,-2.217399446690785,14.531049159395616,5.741357735688444,2718371500.0,3137664500.0,25.601539838010925,6.48554669885934,177.99708617077005,248.54818505988845,1.59245211726766,1.59245211726766,7.485904571947999,50.84119743984444,205.4521018858041,286.8852976136052,0.009765037633745,0.0040233647240636,0.3926580298587902,0.2063666040539887,6.79402090253585,1.9024900505016105,9.896535244922342,1.1398716226302432,0.0030367446097783,0.3109813524204181,0.0,0.0568159315555788,0.6057627267887947,0.2838528025144054,0.0103425322622589,0.2498271092669433,0.0056830246479125,8.595247427786434,0.0115749828243665,0.0207303939829143,-8.020915088316663,463740000.0,-260489000.0,-563391000.0,2592314000.0,344355500.0,158976500.0,221317000.0,69.47089656751992,55.15469660610216,81.05167980802193,1.295506527867069,1.6317740018180549,1.1104026494351869,0.0155503548550556,0.0369014683975313,2010-09-30,,bmo,,2025-04-25,2010-09-30,,21.07140625,1643776.921875
2010-06-30,RVTY,USD,31791,2010-06-30,2010-06-30 00:00:00,2010,Q2,497839000.0,285035000.0,212804000.0,0.4274554625,27039000,0.0,0.0,133294000.0,0.0,160333000.0,445368000.0,169000.0,4230000.0,34948000.0,77569000.0,0.1558114169,42621000.0,0.0856120151,-88141000.0,63992000.0,0.1285395479,10137000.0,57643000.0,0.1157864289,0.49,0.49,117361000,118304000,,,4.241945791191282,0.4911597549441467,0.6021335878187813,0.5267678359932175,1.8376121539523351,14.005436218164467,-2.904158962517361,14.005436218164467,5.321316280536124,2425851870.0,2830472870.0,10.52101673230054,4.872763825252743,34.32793057579917,39.23929782278153,1.4758554948250646,1.4758554948250646,5.685518551178192,36.48974293854504,40.05367243550738,45.78423328265019,0.0237619620195523,0.0254846558293767,0.3773730114887704,0.1971637986687386,5.216271964315641,1.7977128424460949,10.075886524822694,1.312171571813202,0.0033996304976362,0.143070277397082,0.0,0.054312739660814,0.6308017796346453,0.1251645039410191,0.0177667880579866,0.354807653736612,0.0088904244143186,12.440876133455776,0.0136267739784314,0.0496275544290545,-7.63936699585041,409955000.0,-340835000.0,-578479000.0,2600071000.0,362380000.0,171713000.0,229545000.0,66.0168247164244,55.23837423474311,73.40445910151385,1.363288834120627,1.6293021155462064,1.2260835527108174,0.0350692222143807,0.0753657518255638,2010-06-30,,bmo,,2025-04-25,2010-06-30,,23.0115873015873,1811923.523809524
2010-03-31,RVTY,USD,31791,2010-03-31,2010-03-31 00:00:00,2010,Q1,465092000.0,266460000.0,198632000.0,0.4270810936,27089000,0.0,0.0,132094000.0,0.0,159183000.0,425643000.0,181000.0,4071000.0,23770000.0,51301000.0,0.1103029078,39449000.0,0.0848197776,-3122000.0,36060000.0,0.0775330472,9953000.0,24391000.0,0.0524433875,0.21,0.21,117189000,117931000,,,3.968734266868051,0.2081338692198073,0.4214730051455341,0.3386836648490899,1.55086228229612,13.921135942793263,-2.152096186502146,13.921135942793263,7.69248820281767,2800817100.0,3516477100.0,28.707485342954367,6.022071117112313,56.70588556851311,70.56732426303854,1.7168139222412109,1.7168139222412109,7.560820439826959,68.54597571197442,71.19527656300616,88.59856638951877,0.0087085300928789,0.0141708646380372,0.55008078930786,0.2964641178926893,13.950215395411396,1.787993892002416,9.690248096290835,1.891906385260658,0.0029373571019685,0.3372965438071419,0.0,0.0582443903571766,0.6222633186918901,0.1964285714285714,0.0208603889123012,0.4112933994658527,0.0076199977638832,8.074208783121792,0.0112940937579322,0.0213316564895777,-7.090087380214866,392707000.0,-252202000.0,-504550000.0,2478917000.0,362607000.0,151137500.0,220844000.0,69.58332974981293,56.90711551452376,76.54154469714028,1.2934132402630811,1.581524545503107,1.1758320315602744,0.0149509257057111,0.0827893402964442,2010-03-31,,bmo,,2025-04-25,2010-03-31,,22.10852459016393,1550002.6229508198
2009-12-31,RVTY,USD,31791,2009-12-31,2009-12-31 00:00:00,2009,Q4,508988000.0,292192000.0,216796000.0,0.4259353855,28374000,0.0,0.0,130892000.0,0.0,159266000.0,451458000.0,1035000.0,3317000.0,25828000.0,82493000.0,0.1620725832,57505000.0,0.1129790879,-3097000.0,54408000.0,0.1068944651,15701000.0,39946000.0,0.0784812216,0.34,0.34,116250000,116590000,,,4.378391397849462,0.343621505376344,0.5427956989247312,0.4494881720430107,1.5458666666666667,14.012533333333334,-2.566468817204301,14.012533333333334,4.831483870967742,2393587500.0,2772223500.0,14.980145070845644,4.702640337296754,37.93324088748019,45.80765697663292,1.4693988239100233,1.4693988239100233,5.446539997013682,33.60556047179761,43.93381141045959,53.05386293609936,0.0166887569391133,0.0218304114639636,0.3427610428022348,0.1822124362240319,4.589916720206563,1.7815832443001995,17.33644859813084,1.6301960885627922,0.0034145398904364,0.2046012116357082,0.0,0.0557459114949664,0.6289676207035867,0.1719017432646592,0.0213109149921019,0.4379441214470284,0.0079058838322318,10.408538584165624,0.0159288184686384,0.035134876021718,-7.516724731182796,387720000.0,-298352000.0,-551495000.0,2518477000.0,357014000.0,146374500.0,219750500.0,64.65105267707686,41.21016318037454,66.24637224838462,1.3920887019355686,2.1839272901219804,1.3585649590373543,0.0245224398188534,0.0933075268817204,2009-12-31,,bmo,,2025-04-25,2009-12-31,,19.64640625,1057878.15625
2009-09-30,RVTY,USD,31791,2009-09-30,2009-09-30 00:00:00,2009,Q3,437065000.0,249495000.0,187570000.0,0.4291581344,27336000,0.0,0.0,121431000.0,0.0,148767000.0,398262000.0,124000.0,4147000.0,23196000.0,35083000.0,0.0802695251,38927000.0,0.0890645556,-4550000.0,21599000.0,0.0494182787,5578000.0,13589000.0,0.0310914852,0.12,0.12,116211000,116641000,,,3.7609606663740953,0.1169338530775916,0.2960304962525062,0.2289800449182951,1.2957981602430062,13.78318747794959,-2.9808107666227808,13.78318747794959,4.999759058953111,2235899640.0,2662193640.0,41.134366767238205,5.115714230148834,64.99330387768153,84.02478917700113,1.3959035260008066,1.3959035260008066,6.091070298468191,75.882724966508,77.38485088076274,100.04485682074407,0.0060776430913509,0.0119012497358781,0.3601542804843178,0.1885976985640708,12.151013311290368,1.6596169442884772,9.386785628164938,2.1473066600087387,0.0036540101594184,0.6012215762749282,0.0,0.0625444727900884,0.6369066028156268,0.2264984593918958,0.017828011851784,0.335919986204518,0.0060425794790248,6.021937183205069,0.0113409080537155,0.0122354530106921,-8.027891077436731,338336000.0,-346403000.0,-605764000.0,2497852000.0,338313500.0,156431000.0,220373500.0,71.74198345783807,57.34034750195395,80.9572536523778,1.2544955639941562,1.5695754197676102,1.111697790372816,0.0084838034209911,0.067050451334211,2009-09-30,,bmo,,2025-04-25,2009-09-30,,18.04921875,1463997.234375
2009-06-30,RVTY,USD,31791,2009-06-30,2009-06-30 00:00:00,2009,Q2,434575000.0,247102000.0,187473000.0,0.4313938906,25568000,0.0,0.0,123962000.0,0.0,149530000.0,396632000.0,176000.0,4229000.0,22454000.0,60397000.0,0.1389794627,37943000.0,0.0873105908,-4181000.0,33762000.0,0.0776896968,10807000.0,21505000.0,0.0494851291,0.19,0.18,116063000,116268000,,,3.7443026632087744,0.1852873008624626,0.3125457725545609,0.2486580564004032,1.3039383782945468,13.564460680837133,-2.6491474457837554,13.564460680837133,4.551226489061975,2019496200.0,2392157200.0,23.477054173448035,4.6470602312604266,55.67184562370778,69.9756133056133,1.282763864292919,1.282763864292919,5.504590001725824,39.60721890160107,65.94506409372846,82.88832986832986,0.0106486954518656,0.0142906928965749,0.3328395789452288,0.177875964103001,6.170190572379423,1.6504444372876443,8.972097422558525,1.5802657373121325,0.0040371455019326,0.3791211346198558,0.0,0.0588344934706322,0.6387919642157011,0.2044107512060647,0.0170626474141402,0.3328395726725918,0.0100304895587643,7.519956908930035,0.0105336888460113,0.0202100795716083,-7.460353428741287,323146000.0,-307468000.0,-551587000.0,2405816000.0,310166500.0,148626000.0,210246000.0,67.97565437496405,56.05559647433043,78.78851648307176,1.3240034366355096,1.6055488775543354,1.142298446745562,0.0136597617275136,0.0638877161541576,2009-06-30,,bmo,,2025-04-25,2009-06-30,,15.806349206349203,1566756.761904762
2009-03-31,RVTY,USD,31791,2009-03-31,2009-03-31 00:00:00,2009,Q1,431574000.0,243619000.0,187955000.0,0.4355104802,25973000,0.0,0.0,128414000.0,0.0,154387000.0,398006000.0,477000.0,5314000.0,29901000.0,46747000.0,0.1083174612,25745000.0,0.0596537326,-5261000.0,20908000.0,0.0484459212,5847000.0,15061000.0,0.0348978391,0.13,0.13,116408000,116552000,,,3.707425606487527,0.1293811421895402,0.1283846471032918,0.0800030925709573,1.3920778640643254,12.99224280118205,-2.7692254827846883,12.99224280118205,4.719469452271322,1486530160.0,1868551160.0,24.67515702808578,3.444438636247781,99.46672198059552,159.618829593042,0.9828941927438556,0.9828941927438556,4.329619393197922,39.9715737908315,125.02851522248244,200.6390164286481,0.0101316477830493,0.0062649250251336,0.3597392490483674,0.1903345574048983,8.172096605129742,1.6647826040589109,4.844749717726759,0.9922979881813956,0.0055195651058973,0.5447845428590399,0.0,0.0601820313549935,0.6418630376215719,0.3768484442957511,0.0130499056940408,0.2607286699689829,0.008818881582301,6.149910755244114,0.0077605590985998,0.0147118581816334,-7.412533932375782,311680000.0,-322360000.0,-565567000.0,2344785000.0,309870500.0,157279000.0,201069500.0,60.91527756537697,52.95658384608753,75.42712185831154,1.4774618715872716,1.6995053959971258,1.1932047489371709,0.0099583377688853,0.0483815545323345,2009-03-31,,bmo,,2025-04-25,2009-03-31,,13.242295081967212,1727500.5573770492
2008-12-31,RVTY,USD,31791,2008-12-31,2008-12-31 00:00:00,2008,Q4,421369000.0,219641000.0,201728000.0,0.4787442835,21528000,0.0,0.0,116666000.0,0.0,138194000.0,357835000.0,0.0,47706000.0,19235000.0,82769000.0,0.1964287833,86103000.0,0.2043410882,-29301000.0,34952000.0,0.0829486744,7734000.0,30663000.0,0.0727699475,0.26,0.26,117659000,118687000,,,3.58127300079042,0.2606090481816095,0.7698093643495185,0.6856084107463093,1.5222804885304142,13.326162894466211,-2.386744745408341,13.326162894466211,4.732200681630815,1636636690.0,1966606690.0,13.343742376805922,3.884093727825255,18.06940866685068,20.28854923885556,1.0438113439072725,1.0438113439072725,4.667184083309404,23.7601842477256,21.712466905879104,24.37901881787078,0.0187353737010502,0.0492888864663054,0.3246801701337357,0.1736427212667309,3.9866375092123865,1.609220094451827,1.8048673122877623,2.953885790692365,0.0050512126793393,0.2696083227342399,0.0,0.0510906117915651,0.6305975201985696,0.1093789677063207,0.0235114590774356,0.5150506888484533,0.0,8.839721100034675,0.0277577163256479,0.0283129671044005,-7.139305110531281,314505000.0,-280822000.0,-533077000.0,2367684000.0,336443500.0,178034000.0,208417500.0,69.97961406748004,70.15534440291202,81.11887124899268,1.28608883028727,1.2828673391312475,1.109482893613582,0.0195561956014982,0.0842009536032092,2008-12-31,,bmo,,2025-04-25,2008-12-31,,17.65234375,1748621.875
2008-09-30,RVTY,USD,31791,2008-09-30,2008-09-30 00:00:00,2008,Q3,505117000.0,293957000.0,211160000.0,0.4180417606,27526000,0.0,0.0,131118000.0,0.0,158644000.0,452601000.0,0.0,13077000.0,23569000.0,77672000.0,0.1537703146,39439000.0,0.0780789401,-6050000.0,39252000.0,0.0777087289,-4506000.0,51902000.0,0.1027524316,0.44,0.43,118347000,119609000,,,4.268101430539009,0.4385578003667182,0.2738303463543647,0.1553905041952901,1.5953763086516768,13.816015615097974,-2.118744032379359,13.816015615097974,4.707909790700229,2955124590.0,3310406590.0,14.234155668375012,5.850376427639537,91.18784799580337,160.69192985318108,1.8073227980947768,1.8073227980947768,6.5537421825042514,42.620334097229374,102.15097324652082,180.01123382272974,0.0175633880803651,0.0062230878732595,0.3327596625005198,0.1800872351848137,4.574132248429293,1.6605037919722672,3.015905788789478,0.6243882702015336,0.0028147713393024,0.1602635736580478,0.0,0.0544943052797668,0.6241873418291322,0.4325300089486839,0.0277500064341528,0.5947218804361661,0.0,11.676053781340936,0.0175842727027419,0.0457114371949936,-7.004771984080712,344102000.0,-250747000.0,-521103000.0,2439048000.0,347469500.0,189778000.0,220752000.0,61.515629052278975,56.59715536626105,67.01020897614276,1.4630428297093998,1.5901859275007169,1.343078933421057,0.03174271168943,0.1184398421590745,2008-09-30,,bmo,,2025-04-25,2008-09-30,,27.78765625,1250766.0
2008-06-30,RVTY,USD,31791,2008-06-30,2008-06-30 00:00:00,2008,Q2,528636000.0,308996000.0,219640000.0,0.4154843787,29890000,0.0,0.0,143022000.0,0.0,172912000.0,481908000.0,827000.0,12407000.0,22549000.0,67001000.0,0.1267431654,47033000.0,0.0889704825,-4949000.0,42085000.0,0.0796105449,10339000.0,31746000.0,0.0600526638,0.27,0.27,117811000,119263000,,,4.487153152082573,0.2694654998259925,0.6727470270178506,0.5696581813243246,1.642045309860709,14.052168303469116,-2.2966361375423348,14.052168303469116,4.528516012935974,3281036350.0,3608687350.0,25.838187094437096,6.206607854932316,41.39743303430612,48.88896695076886,1.981900543642404,1.981900543642404,6.8264124085382,53.8602013402785,45.53146535952661,53.77111917391823,0.0096756014300176,0.0204545127944102,0.3147701600724856,0.1693832017755426,4.890240444172475,1.5469929984139086,3.790843878455711,3.3433308023285244,0.0025147542178251,0.2599067599067599,0.0,0.0565417413872683,0.6260650200164605,0.1532356763440453,0.0229742204465832,0.5250756593169045,0.0,9.230272341567105,0.014157811292391,0.0275956429030275,-7.248329952211593,312106000.0,-270569000.0,-538277000.0,2445206000.0,351587500.0,192249500.0,223050500.0,59.53419744398793,56.709180701368304,64.84627632720165,1.5117361762485415,1.587044617589202,1.3878977344185128,0.0191760797342192,0.103088845693526,2008-06-30,,bmo,,2025-04-25,2008-06-30,,27.164375,1097568.6875
2008-03-31,RVTY,USD,31791,2008-03-31,2008-03-31 00:00:00,2008,Q1,482343000.0,284766000.0,197577000.0,0.4096192958,29118000,0.0,0.0,132077000.0,0.0,161195000.0,445961000.0,0.0,8945000.0,22723000.0,59105000.0,0.1225372816,36382000.0,0.0754276521,-5310000.0,31072000.0,0.0644188886,7649000.0,20138000.0,0.0417503727,0.17,0.17,117305000,118459000,,,4.111870764247048,0.1716721367375644,0.1330292826392737,0.0711734367674012,1.579318869613401,13.792412940624867,-2.6757086228208515,13.792412940624867,4.906542773112825,2844646250.0,3226001250.0,35.31440870493594,5.897558894811369,182.29069208586992,340.717002036172,1.7582130193167889,1.7582130193167889,6.688189213899652,54.58085187378394,206.72869272669016,386.39372978799855,0.0070792633706212,0.0029349870831918,0.3502134532074844,0.1840500382803498,6.452161407664327,1.5709347275713434,4.067300167691448,0.7749031681398352,0.0028952633389828,0.4089780514450293,0.0,0.0603678295320964,0.627490131075686,0.4649791733418776,0.015043236866711,0.3243194922451168,0.0,7.298965166815627,0.010877104686572,0.017560014300538,-7.6601530199053744,318424000.0,-313874000.0,-584536000.0,2453715000.0,345573000.0,188094000.0,212929500.0,65.9568605743216,59.98609384547313,70.62588230336488,1.3645282570504715,1.5003477344573235,1.2743203633678652,0.0124468530253986,0.0618558458718724,2008-03-31,,bmo,,2025-04-25,2008-03-31,,24.711475409836066,1167354.4098360655
2007-12-31,RVTY,USD,31791,2007-12-31,2007-12-31 00:00:00,2007,Q4,511473000.0,297902000.0,213571000.0,0.4175606533,28771000,0.0,0.0,126884000.0,0.0,155655000.0,453557000.0,0.0,22386000.0,35912000.0,78891000.0,0.154242746,51082000.0,0.0998723295,-5401000.0,45681000.0,0.0893126323,-8929000.0,52562000.0,0.1027659329,0.44,0.44,118636036,120812844,,,4.311278573063584,0.4430525645681553,0.7988129340397044,0.723034946986934,1.7140491781097609,13.278233605175412,-2.1881041271473367,13.278233605175412,4.543526724038554,3086909656.72,3400201656.72,14.682230778509188,6.035332572237439,32.57333336906973,35.98719551306861,1.959597998777358,1.959597998777358,6.647861483831991,43.09999438110811,35.879217211717034,39.63955392664786,0.0170273852639567,0.0277876612984986,0.3279677161540478,0.1751715724584881,3.9712007706836014,1.539355512620572,2.2818725989457698,1.8029755336554925,0.002686829522835,0.1577946044671055,0.0,0.056251258619712,0.6221279562152443,0.0948632449772075,0.0175766853773317,0.4286054827175208,0.0,11.505064000840267,0.0254200877117348,0.0471631409313109,-6.880462105122932,295350000.0,-259588000.0,-531112000.0,2331101000.0,312370000.0,172512000.0,206477000.0,59.415277052747655,56.310195970486944,61.14581305261462,1.5147619343775822,1.598289589458549,1.4718914592329813,0.0333668300876607,0.0757779870527703,2007-12-31,,bmo,,2025-04-25,2007-12-31,,27.291875,986440.0625
2007-09-30,RVTY,USD,31791,2007-09-30,2007-09-30 00:00:00,2007,Q3,435668000.0,257167000.0,178501000.0,0.4097179504,27691000,0.0,0.0,106406000.0,0.0,134097000.0,391264000.0,0.0,5008000.0,18872000.0,63905000.0,0.1466827952,45836000.0,0.1052085533,-5280000.0,40556000.0,0.0930892331,9454000.0,30745000.0,0.0705697917,0.26,0.26,117583000,119453000,,,3.7051954789382817,0.2614748730683857,0.1987702303904476,0.1097182415825416,1.3684035957578902,13.065128462447802,-0.4112839441075666,13.065128462447802,2.14349013037599,3511028380.0,3597157380.0,28.54958838835583,8.058954020033603,150.22370272120486,272.1516456088675,2.2854731268677946,2.2854731268677946,8.256648135736386,56.28913825209296,153.90883878144788,278.82779474459346,0.0087566936727523,0.0036744220221882,0.1608020116687724,0.0953283953818808,1.3477662154760974,1.6955368612056807,9.15255591054313,0.7601886485607415,0.0023602771333907,0.2695397625630183,0.0,0.0635598666874776,0.6114928929156064,0.4480147184665412,0.0240343564365526,0.5369468232398339,0.0,8.767243759738038,0.0163722235772333,0.0305385290053945,-4.878504970956686,309717000.0,-48360000.0,-300112000.0,2088931000.0,279275500.0,155283000.0,207309500.0,59.3049983014589,55.5173875341704,73.6890814140228,1.5175786624680838,1.62111374467334,1.2213478343465043,0.0200131880692887,0.0890519888079059,2007-09-30,,bmo,,2025-04-25,2007-09-30,,27.636825396825397,896696.9523809524
2007-06-30,RVTY,USD,31791,2007-06-30,2007-06-30 00:00:00,2007,Q2,437290000.0,263312000.0,173978000.0,0.3978549704,27316000,0.0,0.0,109357000.0,-15346000.0,121327000.0,384639000.0,0.0,0.0,14582000.0,62686000.0,0.1433510942,48104000.0,0.1100048023,-3430000.0,44674000.0,0.1021610373,11371000.0,33687000.0,0.0770358343,0.28,0.28,118911000,120689000,,,3.677456248791113,0.2832959103867598,0.5864470065847567,0.4508497952250002,1.261784023345191,12.5834111226043,-0.649788497279478,12.5834111226043,1.979648644784755,3098820660.0,3184182660.0,22.997155134027963,7.086420133092456,44.43709270810927,57.8019559418776,2.070980574828946,2.070980574828946,7.281626975233826,50.79575439492071,45.66118391051839,59.39420380145866,0.0108709098383253,0.0173004526179969,0.1573220985547073,0.092953556391016,1.3617394633570494,1.5835097252732593,0.0,2.0700863834713688,0.0027407200776827,0.2521150592216582,0.0,0.0624665553751515,0.6213592348020844,0.2312181831218183,0.0368725559697226,0.8135216952573159,0.0,8.955928230471365,0.0172104833224769,0.0351310256795314,-4.881726669525948,262437000.0,-77267000.0,-323970000.0,2026748000.0,269549000.0,149819000.0,204328000.0,55.872075739211965,51.92964999696178,69.7473339612323,1.610822558662099,1.733113934048575,1.2903719022439588,0.0225134431058887,0.1355972113597564,2007-06-30,,bmo,,2025-04-25,2007-06-30,,25.553650793650792,769033.4285714285
2007-03-31,RVTY,USD,31791,2007-03-31,2007-03-31 00:00:00,2007,Q1,402900000.0,244210000.0,158690000.0,0.3938694465,27841000,0.0,0.0,101765000.0,0.0,129606000.0,373816000.0,0.0,16495000.0,20536000.0,49620000.0,0.1231571109,36746000.0,0.0912037726,-2766000.0,20378000.0,0.0505783073,5559000.0,14692000.0,0.0364656242,0.12,0.12,121685000,123263000,,,3.3110079303118707,0.1207379709906726,0.1417758967826765,0.0481489090684965,0.9825533138842092,12.670616756379175,-0.2948021531002178,12.670616756379175,1.6126967169330648,2947210700.0,3007394700.0,50.14992342771576,7.314993050384711,170.8329874797125,503.02281959378735,1.9115091605786392,1.9115091605786392,7.464370067014148,60.60851874244256,174.3215105495015,513.294879672299,0.0049850524769063,0.0019879813818536,0.116580102527915,0.0719568289451034,1.2128980249899235,1.6014403995518336,2.2277053652622008,1.174244486795535,0.002928192409182,0.5873945004083855,0.0,0.0691015140233308,0.6315916524217665,0.660387201483886,0.028277488210474,0.5547818465134398,0.0,5.866945761060595,0.0128574235026515,0.015964827828264,-4.384800920409253,253370000.0,-35873000.0,-281504000.0,2019423000.0,268043500.0,150272000.0,193928500.0,59.782874162323154,54.435608697432535,75.40121207157775,1.5054478604630308,1.6533295420694885,1.1936147646348676,0.0095289734755717,0.09362698771418,2007-03-31,,bmo,,2025-04-25,2007-03-31,,23.36262295081967,764507.2459016393
2006-12-31,RVTY,USD,31791,2006-12-31,2006-12-31 00:00:00,2006,Q4,426986000.0,248132000.0,178854000.0,0.4188755603,27079000,0.0,0.0,99677000.0,3246000.0,130002000.0,378134000.0,0.0,0.0,15383000.0,67173000.0,0.1573189753,52202000.0,0.1222569358,-1248000.0,50954000.0,0.1193341234,9885000.0,41728000.0,0.0977268576,0.33,0.33,124565625,125876842,,,3.4277996036225886,0.3349880835904769,0.6830696670931486,0.5749017836983518,1.533801961817315,12.665853842101304,0.4494418102907604,12.665853842101304,1.2277383909084068,2769093843.75,2730968843.75,16.590142372927055,6.4852099219880746,32.544264620329784,38.66747439361568,1.7551126262098078,1.7551126262098078,6.395921280205909,40.655752218153125,32.09619382220551,38.135098986915786,0.0150691895452306,0.0258615287313698,0.0969329352931109,0.0609220649781183,-0.5675643487710836,1.5628844172386802,0.0,2.039086464723926,0.0031071536341824,0.2061924846625767,0.0,0.0634189411362433,0.6061951414997757,0.158355565480038,0.0315560697540434,0.7354402052289722,0.0,9.770643652086507,0.0206762108509449,0.0422101667346094,-3.6009834173753794,268233000.0,55985000.0,-187826000.0,1972174000.0,260824000.0,147740000.0,182692000.0,56.58571943810804,55.43517160221173,66.47026582625378,1.5905073027911152,1.623518019314821,1.3539888682745826,0.0264481248375831,0.1081678833947969,2006-12-31,,bmo,,2025-04-25,2006-12-31,,21.107142857142858,780293.6507936508
2006-09-30,RVTY,USD,31791,2006-09-30,2006-09-30 00:00:00,2006,Q3,386917000.0,230976000.0,155941000.0,0.4030347594,24762000,0.0,0.0,94664000.0,0.0,119426000.0,350402000.0,0.0,0.0,17150000.0,53665000.0,0.1386989975,36515000.0,0.0943742456,223000.0,36738000.0,0.0949505966,7823000.0,29753000.0,0.0768976292,0.24,0.24,124277000,125171000,,,3.113343579262454,0.2394087401530452,0.2156875367123442,0.1388350217658939,1.6662294712617782,12.525624210433143,0.3411572535545595,12.525624210433143,1.6276141200704877,2352563610.0,2347764610.0,19.767448744664403,6.080279775765862,87.76585002797985,136.34888199837718,1.511301926512562,1.511301926512562,6.06787659885712,43.74852529581664,87.58681626562209,136.07074359568796,0.0126470544190726,0.0073341268761697,0.1299427551654292,0.0808689509205127,-0.0894251374266281,1.6568819097279253,0.0,0.9081822801965104,0.0037733304903071,0.298356468255302,0.0,0.0639982218408599,0.6053923028670647,0.3563141204999067,0.0246848807366954,0.542485516301261,0.0,8.214118212969138,0.0138828705702994,0.0301442726591153,-3.674004441690739,283951000.0,42398000.0,-228400000.0,1979785000.0,243319000.0,136329000.0,177891000.0,58.89379375938508,55.58135910224439,70.96477556109726,1.5281746047419122,1.619247917893497,1.2682348290175924,0.0191135177082537,0.0768525149464502,2006-09-30,,bmo,,2025-04-25,2006-09-30,,19.27936507936508,940987.3015873017
2006-06-30,RVTY,USD,31791,2006-06-30,2006-06-30 00:00:00,2006,Q2,377001000.0,225412000.0,151589000.0,0.4020917716,25036000,0.0,0.0,92655000.0,-1505000.0,116186000.0,341598000.0,0.0,3509000.0,16861000.0,52404000.0,0.1390022838,35693000.0,0.0946761414,-1814000.0,33879000.0,0.0898644831,7559000.0,24485000.0,0.0649467773,0.19,0.19,126119000,127401000,,,2.989248249668964,0.194142040453857,0.3987265994814421,0.301913272385604,2.5670596817291607,12.69417772104124,1.1975118737065786,12.69417772104124,1.6158231511508971,2635887100.0,2512409100.0,26.913284664080045,6.991724425134151,52.41686917095869,69.22517792893348,1.646424089790172,1.646424089790172,6.664197442447103,47.94307877261278,49.961403543659394,65.98232791448906,0.0092890928446821,0.0144456111189284,0.1250967378044781,0.0789872225565772,-2.356270513701244,1.9338690154389355,10.17184383015104,1.910600303951368,0.0033605384691931,0.3617725137839493,0.0,0.066408311914292,0.5718448217791559,0.2428062918845825,0.0323871819968647,0.718193047467796,0.0,7.446519670594706,0.0130883739948718,0.0225540569668408,-2.7665478635257177,390389000.0,151029000.0,-126162000.0,2020048000.0,234359000.0,132924000.0,172448000.0,55.73038267803003,51.91054602239454,69.33623764484588,1.6149180334891131,1.7337517498115589,1.2980225500696772,0.0152937862317822,0.096813327095838,2006-06-30,,bmo,,2025-04-25,2006-06-30,,21.284603174603177,845457.1428571428
2006-03-31,RVTY,USD,31791,2006-03-31,2006-03-31 00:00:00,2006,Q1,355454000.0,213767000.0,141687000.0,0.3986085401,22842000,0.0,0.0,89853000.0,0.0,112695000.0,326462000.0,0.0,0.0,17442000.0,46434000.0,0.130632937,28992000.0,0.0815632965,173000.0,29165000.0,0.082049998,7145000.0,23617000.0,0.0664417899,0.19,0.19,127918000,129715000,,,2.7787645210212792,0.1846260885880017,-0.271572413577448,-0.3437905533232226,2.5159946215544333,12.322386216169734,1.297972138401163,12.322386216169734,1.6238058756390812,3002235460.0,2888108460.0,31.78044904094508,8.446199677032752,-86.4226218371283,-68.26830979830366,1.904663560147311,1.904663560147311,8.125125782801712,62.1981405866391,-83.13735167966838,-65.67315778702503,0.0078664716057947,-0.0146480849306869,0.1317769015800108,0.0832154827254378,-2.457832622647198,1.997887322193308,0.0,-1.5776112624886467,0.003036404080045,0.3859931405343608,0.0,0.064261479685135,0.5649702054967393,-0.2659259046028959,0.0259892981932964,0.5582547739908146,0.0,7.154597424464063,0.0104491157998996,0.0217492404756708,-2.6261452649353494,401483000.0,166034000.0,-116027000.0,1990555000.0,243056500.0,141402500.0,167194000.0,59.56948015777006,57.18871481566378,72.0944766965902,1.5108407822535057,1.5737370614131956,1.248361929011084,0.0149829818144906,0.0722181397457746,2006-03-31,,bmo,,2025-04-25,2006-03-31,,23.372096774193547,748066.1290322581
2005-12-31,RVTY,USD,31791,2005-12-31,2005-12-31 00:00:00,2005,Q4,381561000.0,238278000.0,143283000.0,0.3755179382,20697000,0.0,0.0,87008000.0,-22954000.0,84751000.0,323029000.0,0.0,0.0,68528000.0,127060000.0,0.3330004901,114224000.0,0.2993597354,-52660000.0,-1948000.0,-0.0051053436,3279000.0,-5227000.0,-0.0136989892,-0.0404,-0.0398,129520773,131425490,,,2.945944431631828,-0.0403564608126605,0.652984058395019,0.5849949644756984,3.877864441096256,12.743229999098292,1.9216454182218323,12.743229999098292,1.887056372030763,3051509411.88,2793658411.88,-145.94936923091635,7.997435303608072,36.080513294472354,40.27385094009423,1.848824827117387,1.848824827117387,7.321656070405518,21.98692280717771,33.03172819249187,36.87073093059166,-0.0017129227849176,0.0248300069811417,0.1480830505424677,0.0907430996773296,-2.029364079962223,2.01983867804157,0.0,-16.180409412665007,0.0029775428398243,-1.7382819973215995,0.0,0.0542429650829094,0.5203787988762414,0.1041206030150753,0.0230788786065661,0.1285022180714452,0.0,,0.1393117567894768,-0.004046163575858,-2.092143165328391,504350000.0,248893000.0,-44059000.0,2083339000.0,249221500.0,137445500.0,165891000.0,59.167367734123765,55.51242666129479,61.62339787978747,1.5211087369042111,1.6212586156452633,1.4604842169782408,-0.0031668941716908,0.0679890939193205,2005-12-31,,bmo,,2025-04-25,2005-12-31,,22.299682539682543,781230.1587301587
2005-09-30,RVTY,USD,31791,2005-09-30,2005-09-30 00:00:00,2005,Q3,361901000.0,204510000.0,157391000.0,0.4349007049,21808000,0.0,0.0,87722000.0,7159000.0,116689000.0,321199000.0,0.0,101000.0,13847000.0,54549000.0,0.1507290668,40702000.0,0.1124672217,-6048000.0,34609000.0,0.0956311256,8464000.0,31833000.0,0.0879605196,0.25,0.24,129543000,131291000,,,2.7936746871695117,0.2457330770477756,0.1791528681596072,0.1459515373273739,1.2818677967933427,11.47190508171032,0.6121519495457107,11.47190508171032,2.1177601259813343,2638790910.0,2746973910.0,20.72370582414476,7.291471728456124,113.70177998965876,139.56687523139578,1.7756423065664944,1.7756423065664944,7.590401546279231,50.35791508551944,118.36323293691832,145.28872428201194,0.0120634794819722,0.0071650239237787,0.1845360859427833,0.1099732204942218,1.9832260903041303,1.5973808665885956,402.990099009901,1.0076415422021536,0.0034485490932663,0.2858668677158923,0.0,0.0602595737508324,0.5641440944332473,0.1853240261978628,0.011884465641156,0.3039361175888629,0.0,7.964175854719404,0.0149587799599102,0.029288071594904,-4.411822715237411,265261000.0,79300000.0,-298292000.0,1852393000.0,258407500.0,136646000.0,180775500.0,61.57460189388811,56.29455772333871,74.21094323015988,1.461641605983869,1.598733583489681,1.2127591441719248,0.0214204245325868,0.0332013308322333,2005-09-30,,bmo,,2025-04-25,2005-09-30,,20.35390625,641751.5625
2005-06-30,RVTY,USD,31791,2005-06-30,2005-06-30 00:00:00,2005,Q2,425546000.0,254571000.0,170975000.0,0.4017779511,22900000,0.0,0.0,97673000.0,7797000.0,128370000.0,382941000.0,0.0,43785000.0,21653000.0,55804000.0,0.1311350594,58353000.0,0.1371250112,-7445000.0,19779000.0,0.0464791115,-14330000.0,28898000.0,0.0679080522,0.22,0.22,129034000,130718000,,,3.297936977850799,0.223956476587566,0.6728071671032441,0.6184106514562053,1.2301641427840724,11.29703024009176,-0.0940372304973882,11.29703024009176,2.464513229071408,2438742600.0,2554230600.0,21.09784933213371,5.730855418685642,28.09125842308357,30.562216151185524,1.6730060554256323,1.6730060554256323,6.002243235748897,45.771460827180846,29.421535448943157,32.00950674219259,0.0118495490257971,0.0327201402886881,0.188118825465579,0.1100217218083907,2.069529066016773,1.4795637257194358,1.3327166837958204,2.9962036238136323,0.0037203598280523,0.3139663644542875,0.0,0.0538132187824583,0.5897206175830295,0.080850083510914,0.0164941040451561,0.3241583152450007,0.0,7.544930052072588,0.0496234167804501,0.0282595876552795,-4.476498442271029,225605000.0,-12134000.0,-338682000.0,1910921000.0,277963000.0,145943000.0,197110500.0,56.93729937539067,51.39422793641067,68.20380168990184,1.5806861404968502,1.751169413642242,1.31957453646349,0.0198243672742215,0.0543965156470387,2005-06-30,,bmo,,2025-04-25,2005-06-30,,19.34828125,829503.125
2005-03-31,RVTY,USD,31791,2005-03-31,2005-03-31 00:00:00,2005,Q1,416252000.0,246919000.0,169333000.0,0.4068040514,23658000,0.0,0.0,102555000.0,7332000.0,133545000.0,380464000.0,0.0,8585000.0,20439000.0,47002000.0,0.1129171752,35594000.0,0.0855107002,-8059000.0,27320000.0,0.0656333183,7568000.0,19829000.0,0.0476370084,0.15,0.15,128828000,131056000,,,3.231067780296209,0.1539184028316825,0.1047520725308162,0.0665228056012668,1.429914304343776,11.338296022603782,-0.130336572794734,11.338296022603782,2.973026050237526,2657721640.0,2847932640.0,33.50801401986988,6.384886174721083,196.9412108188218,310.11921120186696,1.8194973882206351,1.8194973882206351,6.841847342475232,60.59173311773967,211.03613486476476,332.31419369894985,0.0074609017368726,0.0032245664372887,0.2563336505350211,0.1458883853949527,4.046870345942726,1.713571975321166,4.146068724519511,0.6832219522073714,0.0034002808510826,0.4557466337182914,0.0,0.0568357629512891,0.5756770867832193,0.3649499814746202,0.0118317749824625,0.245623659667847,0.0,6.2662891195044494,0.0120115293593529,0.0182079632406483,-4.703352532058248,309499000.0,-16791000.0,-362589000.0,2017629000.0,287004500.0,136854500.0,197429000.0,61.99105349643966,53.40318080018144,73.37296846334223,1.4518223989396952,1.685292873036024,1.2266097703947303,0.0135750912240105,0.0382292669295494,2005-03-31,,bmo,,2025-04-25,2005-03-31,,22.001803278688524,805901.6393442623
2004-12-31,RVTY,USD,31791,2004-12-31,2004-12-31 00:00:00,2004,Q4,478606000.0,277386000.0,201220000.0,0.4204293302,23625000,0.0,0.0,105147000.0,8234000.0,137006000.0,414392000.0,0.0,17379000.0,28052000.0,92266000.0,0.1927807006,64214000.0,0.1341688153,-12428000.0,51786000.0,0.1082017359,13855000.0,37923000.0,0.0792363656,0.3,0.29,128057333,129787838,,,3.7374353251601766,0.2961407918748394,0.5545406759330214,0.5045942976182395,1.5423794590505802,11.4018070327921,-0.0876872861314392,11.4018070327921,3.0608711802548627,2880009419.17,3057084419.17,18.98590182191546,6.017495432923949,40.55608718361427,44.57046008279554,1.9724943542122544,1.9724943542122544,6.387476168643936,33.13337978421087,43.04964470125188,47.310838001919,0.0131676652678897,0.0224363849541235,0.2565521870302071,0.1454424313348789,1.9191793293304145,1.6764244888074675,3.694919155302376,1.9879346061250769,0.0031135314837214,0.2364528122775097,0.0,0.0493621057822091,0.5712715981746507,0.0900680157154323,0.0133638107336723,0.276775282357523,0.0,8.716200644698425,0.021986155560651,0.0343445394057017,-4.72957491626036,301663000.0,-11229000.0,-367792000.0,2008893000.0,279879500.0,129211000.0,191319000.0,54.02546144427776,41.26938634249746,62.80071813285458,1.6658811899797772,2.1807932701757147,1.4331046312178388,0.0259731453990692,0.0499463783147818,2004-12-31,,bmo,,2025-04-25,2004-12-31,,20.53359375,832050.0
2004-09-30,RVTY,USD,31791,2004-09-30,2004-09-30 00:00:00,2004,Q3,403403000.0,243270000.0,160133000.0,0.3969554019,21359000,0.0,0.0,89042000.0,6841000.0,117242000.0,360512000.0,0.0,8461000.0,18558000.0,61449000.0,0.1523265816,42891000.0,0.1063229574,-8030000.0,34407000.0,0.0852918793,9806000.0,24014000.0,0.0595285608,0.19,0.19,127562000,129395000,,,3.1624072999796176,0.188253555133974,0.3649284269610072,0.3320424577852338,1.7249729543280914,10.898927580313886,-0.3443188410341637,10.898927580313886,3.78599426161396,2196617640.0,2451064640.0,22.868094028483384,5.445218900206493,47.18733518076947,51.86083766172443,1.5799719626638775,1.5799719626638775,6.075970282818918,39.887787270744845,52.653318725698696,57.86818018698649,0.010932262202902,0.0192823726936837,0.3412873150834107,0.1853965554832271,4.14078341388794,1.758554130715671,5.069258952842453,1.7757390806790003,0.0040826404362299,0.3734488215207796,0.0,0.0529470529470529,0.560388838571586,0.0901162166226289,0.0103990302501468,0.2188543405676127,0.0,6.79445670699216,0.0144493178283666,0.0213438236321474,-5.096329627945626,335221000.0,-43922000.0,-391883000.0,2008613000.0,273190500.0,130576000.0,189343500.0,60.78636004194316,48.54864964853866,69.95264520902701,1.4805953167437422,1.8538105725193748,1.2865846563924646,0.0172726677690753,0.0328859691757733,2004-09-30,,bmo,,2025-04-25,2004-09-30,,17.421875,692917.1875
2004-06-30,RVTY,USD,31791,2004-06-30,2004-06-30 00:00:00,2004,Q2,412614000.0,246473000.0,166141000.0,0.4026547815,22264000,0.0,0.0,97650000.0,7077000.0,126991000.0,373464000.0,0.0,9954000.0,20369000.0,59519000.0,0.1442486198,39150000.0,0.0948828687,-9861000.0,29285000.0,0.0709743247,8361000.0,20835000.0,0.0504951359,0.16,0.16,127121000,129362000,,,3.2458366438275346,0.1638989624058967,0.4455361427301547,0.4056292823373006,1.5475649184635112,10.755028673468583,-0.5533310782640162,10.755028673468583,3.927989867921114,2547504840.0,2840152840.0,30.56761267098632,6.17406302258285,44.97951586418772,49.40471724458925,1.863314418625063,1.863314418625063,6.8833167076250446,47.71842336060754,50.14659745396119,55.08014971685672,0.008178590938418,0.0202409821525599,0.3579429340472063,0.1916233691734378,4.916883684201683,1.7200713390096734,3.9330922242314648,2.655398752871677,0.0035101012801216,0.4291816654667627,0.0,0.0539584211878414,0.5628889481459902,0.0895704221621908,0.0122947839869708,0.2490549364229957,0.0,6.297746097224888,0.0132135596077201,0.0186641201885134,-5.425395882662975,318152000.0,-70340000.0,-426667000.0,2002760000.0,278308000.0,136491000.0,193801000.0,59.74806962439471,47.44231619690595,69.23456118925805,1.5063248162791465,1.8970406003463536,1.299928799346009,0.0152392864195905,0.039906860392854,2004-06-30,,bmo,,2025-04-25,2004-06-30,,19.87290322580645,682337.0967741936
2004-03-31,RVTY,USD,31791,2004-03-31,2004-03-31 00:00:00,2004,Q1,393451000.0,241513000.0,151938000.0,0.3861675278,20628000,0.0,0.0,95870000.0,6743000.0,123241000.0,364754000.0,0.0,11004000.0,23651000.0,51188000.0,0.1301000633,27537000.0,0.0699883848,-9546000.0,17996000.0,0.0457388595,5219000.0,13271000.0,0.0337297402,0.1,0.1,126685000,128933000,,,3.105742589888305,0.1047558905947823,0.2096222915104393,0.1835971109444685,1.3061609503887597,10.693262817223824,-0.7532146662982989,10.693262817223824,4.067979634526582,2621112650.0,2959989650.0,49.37669825182729,6.661852810133918,98.70133491489682,112.6924050905026,1.934863133324869,1.934863133324869,7.523146846748388,57.82585078534032,111.46217992167496,127.26212003955456,0.0050631169934645,0.0088737124671081,0.372301568788404,0.1969208615902647,6.620243025709151,1.6713547150242782,2.502453653217012,2.0784221648274244,0.003397030646508,0.6709366287393564,0.0,0.0524283837123301,0.5661851551497342,0.1241527338454586,0.0083796965822936,0.1519775053010048,0.0,5.020368618946515,0.0092191767552465,0.0119442989395845,-5.762357421952085,299061000.0,-95421000.0,-461975000.0,2005023000.0,285625500.0,148658500.0,194471500.0,64.66510442215167,53.310297996381145,73.7837300683607,1.39178620067564,1.6882291673948149,1.2197811077945626,0.0097964384103652,0.0260251805659707,2004-03-31,,bmo,,2025-04-25,2004-03-31,,19.990483870967743,730909.6774193548
2003-12-31,RVTY,USD,31791,2003-12-31,2003-12-31 00:00:00,2003,Q4,432564000.0,247904000.0,184660000.0,0.4268963668,20308000,0.0,0.0,104362000.0,6472000.0,131142000.0,379046000.0,0.0,68195000.0,23522000.0,77040000.0,0.1781008128,108743000.0,0.2513917016,-14593000.0,39470000.0,0.0912466132,12618000.0,27930000.0,0.06456848,0.22,0.22,126092857,129168293,,,3.4305194623356026,0.2215034274304689,0.6178224671362629,0.567438962858935,1.5187141013071026,10.698861395455571,-0.8777023745286381,10.698861395455571,4.898524902167932,2152405068.99,2510380068.99,19.266067570622987,4.975922797528227,27.629296291413684,30.08253066373166,1.59549688224306,1.59549688224306,5.803488198255057,32.5854110720405,32.22443383425542,35.08567531781971,0.0129761820404492,0.0332418841745128,0.4073043993921648,0.2107105865317543,4.64661214953271,1.6952932977887902,1.5945890461177503,3.1415033470441163,0.0041246882977124,0.3178660938059434,0.0,0.0469479660813197,0.5597696684343674,0.0815501328575279,0.0146868440277045,0.2700875775869399,0.0,7.302141846450337,0.0342359182892511,0.0243293318710763,-5.989871416744884,314283000.0,-110672000.0,-492371000.0,2042161000.0,276408500.0,143981500.0,195050500.0,60.03745110550115,56.0031302439654,69.32175358203175,1.4990643064084614,1.6070530273564112,1.298293758444796,0.0207034579889551,0.0503835042773279,2003-12-31,,bmo,,2025-04-25,2003-12-31,,16.823125,692951.5625
2003-09-30,RVTY,USD,31791,2003-09-30,2003-09-30 00:00:00,2003,Q3,367085000.0,214545000.0,152540000.0,0.4155440838,20108000,0.0,0.0,91686000.0,6650000.0,118444000.0,332989000.0,0.0,13138000.0,21525000.0,55442000.0,0.1510331395,33917000.0,0.0923954942,-13287000.0,20630000.0,0.0561995178,6499000.0,14266000.0,0.0388629337,0.11,0.11,126287000,128034000,,,2.9067520805783653,0.1129649132531456,0.226951309319249,0.2038689651349703,1.1190067069452914,10.283180374860438,-1.16521098767094,10.283180374860438,4.612303720889719,1933453970.0,2361473970.0,33.88220191364083,5.267047059945244,67.45940371933987,75.09725666122893,1.488839001349112,1.488839001349112,6.433044036122424,42.59359276360882,82.39328599839503,91.72197506408764,0.0073785051112439,0.0133160656521861,0.4384121136703854,0.219878238490046,7.72013996609069,1.7251232803866323,2.5815953722027705,2.028235793645177,0.0045881619824649,0.6218281228094771,0.0,0.0547775038478826,0.5583631094447817,0.101706151215938,0.007940940109239,0.1353547548291233,0.0,5.1124229116713895,0.0108240287807881,0.0124752851012775,-6.743392035601447,324534000.0,-147151000.0,-518601000.0,2047835000.0,267040500.0,132360500.0,198170500.0,64.79014397210456,56.08739425295392,83.54401174578759,1.3891001699077803,1.6046386393723402,1.0772764931837011,0.0109854061812738,0.0230823441842786,2003-09-30,,bmo,,2025-04-25,2003-09-30,,15.263125,736167.1875
2003-06-30,RVTY,USD,31791,2003-06-30,2003-06-30 00:00:00,2003,Q2,377124000.0,224540000.0,152584000.0,0.4045990178,21877000,0.0,0.0,97477000.0,5935000.0,125289000.0,349829000.0,0.0,9906000.0,23568000.0,50351000.0,0.133513115,23459000.0,0.0622050042,-14160000.0,15863000.0,0.042063088,5155000.0,8398000.0,0.0222685377,0.07,0.07,125707000,126898000,,,3.00002386501945,0.0668061444470077,0.2930783488588543,0.254751127622169,1.1504769026386756,10.289633831051573,-1.2674075429371474,10.289633831051573,6.013929216352311,1736013670.0,2337477670.0,51.67937812574423,4.6032967140781285,47.12050567287336,54.20976986010492,1.3421274485322143,1.3421274485322143,6.198167366701669,46.42365931163234,63.44600374572499,72.99143361229078,0.004837519511007,0.0184468593499036,0.5768064266988486,0.2688463261172487,11.945423129629996,1.5067152119186964,2.368160710680396,3.440605155024281,0.0050846373807644,1.0510835913312693,0.0,0.0580100974745707,0.5235049148818638,0.1307746593561695,0.012775638781939,0.2044297352342159,0.0,3.9327779228607738,0.0068390091924378,0.0063508532588392,-8.24204698226829,314810000.0,-159322000.0,-545578000.0,2059330000.0,270945000.0,131850500.0,201364500.0,64.39208324052566,52.51456310679612,79.03598467978979,1.3976873471203024,1.713810316139767,1.1387218159504224,0.0064925677185327,0.0383272212366853,2003-06-30,,bmo,,2025-04-25,2003-06-30,,11.419523809523808,889365.0793650794
2003-03-31,RVTY,USD,31791,2003-03-31,2003-03-31 00:00:00,2003,Q1,358449000.0,219280000.0,139169000.0,0.3882532801,20852000,0.0,0.0,92879000.0,6615000.0,120346000.0,339626000.0,0.0,28184000.0,21155000.0,40490000.0,0.1129588868,32145000.0,0.0896780295,-14347000.0,4921000.0,0.0137285918,1599000.0,3322000.0,0.0092677061,0.0264,0.0263,125649000,126375000,,,2.852780364348304,0.0264387301132519,0.1915574338036912,0.1640124473732381,1.03285342501731,10.01646650590136,-1.4079459446553495,10.01646650590136,6.275593120518269,1117019610.0,1747580610.0,84.06228251053582,3.116258128771457,46.40905770908638,54.203203125,0.8875385341489752,0.8875385341489752,4.875395411899601,43.16079550506298,72.60711329926461,84.80107773680125,0.0029739853895671,0.0184490941927152,0.6041337752143523,0.2762119405652707,15.573252654976535,1.479402957483191,1.1405407323304002,7.245334136062612,0.0079076498934517,2.6589403973509933,0.0,0.0581728502520581,0.5214692011650962,0.1437949229299098,0.0096554879494711,0.1636019853462538,0.0,2.4410058847438223,0.0094912879013591,0.002521886206907,-8.41689149933545,300822000.0,-176907000.0,-565860000.0,2034594000.0,288358500.0,139486500.0,205499000.0,68.31181004829139,54.45763407515505,84.36186610726013,1.3174881464329034,1.6526608533120295,1.0668327308641017,0.0026395266332369,0.027544986430453,2003-03-31,,bmo,,2025-04-25,2003-03-31,,8.254098360655737,705503.2786885246
2002-12-31,RVTY,USD,31791,2002-12-31,2002-12-31 00:00:00,2002,Q4,409581000.0,241083000.0,168498000.0,0.4113911534,21536000,0.0,0.0,87051000.0,23110000.0,131697000.0,372780000.0,0.0,73662000.0,24568000.0,61369000.0,0.1498336104,69361000.0,0.1693462343,-70336000.0,-975000.0,-0.0023804815,-1673000.0,698000.0,0.0017041806,0.0056,0.0056,125568595,125568595,,,3.261810805480463,0.0055587147407359,0.3985471048712459,0.1113096789846219,1.0401884324659365,9.973385463140684,-1.4926502920575004,9.973385463140684,7.001798499059419,1035940908.75,1710869908.75,371.0390074319484,2.529269933785991,20.700188005794782,74.11754373256063,0.8272015586372435,0.8272015586372435,4.177122251154229,27.87840617820072,34.18663020781297,122.40608920011448,0.0006737836049376,0.0134920823011662,0.6432290169474202,0.2840183778588476,10.99788166663951,1.420925819222158,0.9416116858081508,-0.3401991774582781,0.0085362011725844,12.669054441260744,0.0,0.0525805640398358,0.507634934855631,0.7207113597762014,0.0880607254731054,1.468088570498209,0.0,1.1168626181194063,-0.0213108019941503,0.0004998335081795,-8.935890777467089,293669000.0,-187430000.0,-592552000.0,2037465000.0,299649000.0,142275000.0,213495500.0,66.94214331231186,54.6123119423601,76.69951842311569,1.3444445538606975,1.647980039647276,1.1734102358180625,0.0005573548481886,0.287237425886624,2002-12-31,,bmo,,2025-04-25,2002-12-31,,6.9840625,943090.625
2002-09-30,RVTY,USD,31791,2002-09-30,2002-09-30 00:00:00,2002,Q3,366011000.0,219256000.0,146755000.0,0.4009578947,20505000,0.0,0.0,109556000.0,0.0,130061000.0,349317000.0,0.0,12066000.0,32269000.0,48963000.0,0.133774668,16694000.0,0.045610651,-4731000.0,11963000.0,0.03268481,2213000.0,9750000.0,0.0266385437,0.0772,0.0769,126240000,126775000,,,2.899326679340938,0.0772338403041825,0.5619613434727503,0.4911359315589353,0.7727265525982256,9.608182826362484,-1.8516476552598229,9.608182826362484,4.785139416983523,688008000.0,1182469000.0,17.64123076923077,1.8797467835666144,9.698175974739929,11.096724246383124,0.5672248434997037,0.5672248434997037,3.230692520170159,24.15025631599371,16.66810915959516,19.071773035918778,0.0141713468448041,0.0901166846897129,0.4880797601194456,0.2277561588341543,10.098666339889304,1.1777212337755951,1.3835571026023537,4.759930220075147,0.0128515947488982,0.9068717948717948,0.0,0.0560229064153809,0.556565479751396,0.1260325336190127,0.024428227566931,0.324678625898758,0.0,4.086163152096971,0.0065421936476303,0.0084589450524281,-7.581374762357415,119576000.0,-233752000.0,-593973000.0,1842539000.0,289641000.0,127974500.0,213948500.0,72.45298638565508,56.75283686649396,90.9358922902908,1.242184822043706,1.5858238102126427,0.9897082189802108,0.008038339996224,0.0708254119138149,2002-09-30,,bmo,,2025-04-25,2002-09-30,,6.75796875,1022575.0
2002-06-30,RVTY,USD,31791,2002-06-30,2002-06-30 00:00:00,2002,Q2,335671000.0,187663000.0,148008000.0,0.4409317457,22016000,0.0,0.0,113795000.0,0.0,135811000.0,323474000.0,0.0,28133000.0,21191000.0,41049000.0,0.1222893845,19858000.0,0.0591591171,-8422000.0,4536000.0,0.0135132317,821000.0,3715000.0,0.0110673844,0.0297,0.0296,124901000,125556000,,,2.687496497225802,0.0297435568970624,0.0929135875613485,0.0271174770418171,1.1476529411293743,9.794901562037133,-1.2323760418251255,9.794901562037133,5.881185899232192,1282733270.0,1845823270.0,86.32121601615074,3.821400329489291,110.53281085738904,378.7225479775613,1.048504666938588,1.048504666938588,5.498905982345809,44.96633949669906,159.05413787160705,544.9729170357248,0.0028961593862767,0.0026404554081613,0.5774375037293822,0.2608152606720109,13.717508343686813,1.437244996439102,0.7058614438559698,1.181410974244121,0.006861130217664,2.3690444145356664,0.0,0.0655880311376317,0.508506189827277,0.7081430417923309,0.024482305590891,0.3878061441177858,0.0,2.5602816774742765,0.0073675705683787,0.0027906333873932,-8.207838608177676,262772000.0,-153925000.0,-621420000.0,1883062000.0,280989500.0,118827500.0,212731500.0,76.31517170086185,56.441653389320216,98.96724447546931,1.1793198913681222,1.5945670368513625,0.9093917939920818,0.0030366366327091,0.0657961105195314,2002-06-30,,bmo,,2025-04-25,2002-06-30,,13.37234375,1138820.328125
2002-03-31,RVTY,USD,31791,2002-03-31,2002-03-31 00:00:00,2002,Q1,305078000.0,197584000.0,107494000.0,0.3523492353,22264000,0.0,0.0,109399000.0,1500000.0,133163000.0,330747000.0,0.0,29438000.0,22814000.0,-2855000.0,-0.0093582625,-10338000.0,-0.0338864159,-8347000.0,-39500000.0,-0.1294750851,-10216000.0,-29284000.0,-0.0959885669,-0.23,-0.23,124864000,124864000,,,2.4432822911327525,-0.234527165556125,-0.2489748846745259,-0.3658380317785751,1.3650131342901075,10.593894156842644,-1.5624839825730394,10.593894156842644,6.834363787801127,2322470400.0,2975957400.0,-19.82712744160634,7.612710192147582,-74.70633041688112,-50.842171628721545,1.7557283209202328,1.7557283209202328,9.754742721533509,-1042.3668651488615,-95.72688497169324,-65.14792907180386,-0.0126089873954905,-0.0196687113859448,0.622868529992531,0.2846633872237159,-228.892119089317,1.412031165319224,-0.3511787485562878,1.0516914749661703,0.0037860547113969,-0.3002663570550471,0.0,0.0729780580703951,0.5244254928665552,-0.4693772516726711,0.0478303909164213,0.6396072587007977,0.0,,-0.0031932923749433,-0.0212742462767889,-8.678201883649411,294983000.0,-195098000.0,-560691000.0,2067406000.0,287355000.0,124459000.0,230786500.0,81.81946911937276,54.64480929629929,99.80150214592274,1.0999826932229546,1.6469999833286098,0.9017900338655056,-0.022137956268389,0.1168631471040492,2002-03-31,,bmo,,2025-04-25,2002-03-31,,25.282,1615245.05
2001-12-31,RVTY,USD,31791,2001-12-31,2001-12-31 00:00:00,2001,Q4,361218000.0,198270000.0,162948000.0,0.4511070877,21852000,0.0,0.0,122350000.0,0.0,144202000.0,342472000.0,0.0,119458000.0,12893000.0,31639000.0,0.0875897657,81272000.0,0.2249943248,-125052000.0,-43780000.0,-0.1212010476,11434000.0,-55214000.0,-0.1528550626,-0.53,-0.51,104560606,107828125,,,3.4546280269263168,-0.5280573832940486,0.5564523985256933,0.417097812153078,1.322199681972004,13.040829162753704,-1.597647588232226,13.040829162753704,8.06540849619789,3661712422.12,4247328422.12,-16.57963751095737,10.13712611807828,62.934403900108286,83.96112129964231,2.685412067203645,2.685412067203645,11.758352081347,134.24344707860553,72.99947445336267,97.3889851903146,-0.0150787373870373,0.0119102744761015,0.5308659630657171,0.2479732824414405,18.50930813236828,1.408394402790133,0.6803395335599123,-1.172571543732366,0.0019438992415136,-0.1289165791284819,0.0,0.0604953241532814,0.524337225247668,0.2504339755598714,0.040338521336146,1.1301481424028543,0.0,,0.0438650750584061,-0.0397646128506518,-10.262612670779662,289229000.0,-167051000.0,-558133000.0,2081369000.0,294524500.0,120382000.0,238072000.0,74.08982941049449,58.53472537448933,110.06400363141172,1.2147416280493135,1.5375488553880514,0.8177060349485094,-0.0404926233373449,0.1393545863726153,2001-12-31,,bmo,,2025-04-25,2001-12-31,,29.45875,805621.875
2001-09-30,RVTY,USD,31791,2001-09-30,2001-09-30 00:00:00,2001,Q3,302131000.0,163112000.0,139019000.0,0.4601282225,18798000,0.0,0.0,89421000.0,0.0,108219000.0,271331000.0,0.0,0.0,17073000.0,73894000.0,0.2445760283,33300000.0,0.1102170913,-4486000.0,28910000.0,0.0956869702,7299000.0,21611000.0,0.0715285754,0.21,0.21,101133000,104341000,,,2.9874620549177817,0.2136889047096397,0.2778024977010471,-0.0280818328339908,1.269605371144928,8.034815539932564,-0.5884132775651865,8.034815539932564,8.083543452681123,2601140760.0,3290254760.0,30.09047198186109,8.60931437025661,92.58376081153229,-915.8946338028168,3.201069131229348,3.201069131229348,10.890159434152736,44.52668362789942,117.1117551165688,-1158.5404084507045,0.0083082777880886,-0.0010918286482889,1.0060645963191543,0.3602886670633084,9.325709800525075,1.6237381788964207,0.0,0.8999039077514414,0.0027276493871865,0.3283050298459118,0.0,0.0622180444906348,0.3843427866287653,1.1010856024203597,0.1023893609063618,1.7494203472261494,0.0,6.215415993811203,0.01334449957499,0.0154700538384502,-9.813456043032442,391251000.0,-59508000.0,-437946000.0,1539013000.0,302456000.0,107215500.0,235146500.0,86.88889918611463,61.69429594389132,128.93330962774044,1.0358055038448748,1.4588058526812864,0.6980352886298374,0.0265953715611289,0.305884330535038,2001-09-30,,bmo,,2025-04-25,2001-09-30,,29.075593220338984,874405.0847457628
2001-06-30,RVTY,USD,31791,2001-06-30,2001-06-30 00:00:00,2001,Q2,390810000.0,215887000.0,174923000.0,0.4475909009,20364000,0.0,0.0,106421000.0,-4461000.0,122324000.0,338211000.0,0.0,10854000.0,27769000.0,81368000.0,0.2082034748,53599000.0,0.1371484865,-7924000.0,45675000.0,0.1168726491,14799000.0,29409000.0,0.0752514009,0.29,0.28,100622000,104097000,,,3.883941881497088,0.2922720677386655,0.2709944147403152,-0.0013118403530043,1.3144739718948142,7.684820417006221,-1.3716483472799188,7.684820417006221,8.244300451193576,2770123660.0,3456562660.0,23.54826464687681,7.088159617205291,101.58880959366292,-20985.7853030303,3.5823869012055427,3.5823869012055427,8.844611601545507,42.48061473798053,126.76260305119554,-26186.08075757576,0.0106164935611574,-4.7651302324893325e-05,1.05876662761134,0.3603352373306714,8.436228001179826,1.411841540118027,4.938179473005343,0.9271991567207316,0.0025507886532401,0.2402665850589955,0.0,0.052107162048054,0.4010806043144949,1.0048408390787738,0.0701107955272383,1.0415874705390404,0.0,7.108889713117741,0.0198953041816285,0.0216118378990903,-10.070424459859671,279988000.0,-138018000.0,-538968000.0,1477420000.0,331346000.0,128976500.0,243268000.0,72.13287786904122,42.78029709987169,98.64327171158986,1.2476973421661746,2.1037722059267776,0.9123784971684558,0.0380323874702235,0.2723062550933195,2001-06-30,,bmo,,2025-04-25,2001-06-30,,31.394126984126984,1171288.888888889
2001-03-31,RVTY,USD,31791,2001-03-31,2001-03-31 00:00:00,2001,Q1,425697000.0,246804000.0,178893000.0,0.4202355196,23856000,0.0,0.0,106737000.0,-3887000.0,126706000.0,373510000.0,0.0,15460000.0,29102000.0,79564000.0,0.186902891,51194000.0,0.1202592454,-13735000.0,37459000.0,0.0879945125,13963000.0,23496000.0,0.0551941874,0.24,0.23,100014000,104100000,,,4.256374107624932,0.2349271102045713,0.0975163477113204,-0.0603915451836742,1.3663887055812187,7.390545323654688,-2.0480032795408643,7.390545323654688,8.293088967544543,2623367220.0,3300674220.0,27.912913049029623,6.162522216506106,268.9805413718856,-434.332321192053,3.5491291713003177,3.5491291713003177,7.753576417029014,41.48451837514454,338.4265579821593,-546.4692417218544,0.0089564281435215,-0.0023023844904183,1.1012056962110943,0.3565130820523422,8.512731888793926,1.3132257895736894,3.3113842173350583,0.4150919305413687,0.0026740442384577,0.2985614572693224,0.0,0.0560398593365703,0.4134621449169735,1.6192966266789706,0.0370991573818936,0.5768710961756218,0.0,6.250231016030315,0.017987927600752,0.0175455758579567,-10.201109344691742,227489000.0,-204829000.0,-590203000.0,1447950000.0,354267500.0,136752000.0,240341000.0,73.8836073545268,56.64438177663247,91.13482763650508,1.218132184154727,1.588860133647495,0.9875478160661982,0.0317875203948276,0.1579078928949947,2001-03-31,,bmo,,2025-04-25,2001-03-31,,39.33016129032258,1350354.838709677
2000-12-31,RVTY,USD,31791,2000-12-31,2000-12-31 00:00:00,2000,Q4,462413000.0,241636000.0,220777000.0,0.477445487,22303000,0.0,0.0,121134000.0,27521000.0,170958000.0,412594000.0,0.0,0.0,21302000.0,71121000.0,0.1538040669,49819000.0,0.107737023,6219000.0,56038000.0,0.1211860393,19414000.0,36624000.0,0.0792019256,0.37,0.36,98391304,101707865,,,4.699734439946035,0.3722280172239611,0.6329522779777367,0.3718722947304367,1.276037565271012,7.402981466736126,-2.266988960731733,7.402981466736126,7.821250138121963,4771978244.0,5415970244.0,32.574119730231544,10.319732023104889,76.62505008269507,130.42111683839406,6.5514144831951056,6.5514144831951056,11.7124091320962,76.15149173942999,86.96581794241855,148.02181650222744,0.0076748044788445,0.0076674699944419,1.056500029517195,0.3404787850873758,9.054878305985572,1.244512603835847,0.0,1.7004423328964613,0.0014541139219829,0.1894659239842726,0.0,0.0482317754907409,0.4209582515367145,0.4124797276683206,0.0555520714166773,0.9333963155408596,0.0,7.874067248915944,0.018867544015342,0.0279842107434795,-10.382574053495622,175462000.0,-223052000.0,-638729000.0,1401663000.0,359158500.0,118209000.0,232177500.0,69.88583798465874,44.01372312072704,85.9513483090268,1.287814564372208,2.044816789371245,1.0471039927892325,0.0502808252183929,0.2610799832473,2000-12-31,,bmo,,2025-04-25,2000-12-31,,52.30904761904762,1273292.0634920634
2000-09-30,RVTY,USD,31791,2000-09-30,2000-09-30 00:00:00,2000,Q3,431863000.0,230487000.0,201376000.0,0.4662960244,21155000,0.0,0.0,105963000.0,22389000.0,149507000.0,379994000.0,0.0,68522000.0,22389000.0,47223000.0,0.1093471772,86130000.0,0.1994382478,-11557000.0,17608000.0,0.0407721893,15528000.0,2080000.0,0.0048163422,0.03,0.02,98500000,102846000,,,4.384395939086295,0.0211167512690355,0.3919796954314721,0.2342842639593908,1.3491065989847717,6.885401015228426,-2.956142131979695,6.885401015228426,9.569908629441624,5140715000.0,5881942000.0,617.8743990384615,11.903578218092312,133.14465164465165,222.7635741214196,7.579805429570694,7.579805429570694,13.61992576349444,124.55672024225484,152.34245014245013,254.88330372232093,0.0004046129769886,0.0044890642644067,1.288850683856965,0.3875573944642385,15.69631323719374,1.1052861135930594,1.2569685648404891,18.5625,0.0013558425238512,3.3509615384615383,0.0,0.0489854421425313,0.429800961584504,0.4023051023051023,0.0359674248546414,0.693778194649158,0.0,1.808712045652438,0.0058213201470448,0.0016173529530687,-10.74227157360406,84488000.0,-291180000.0,-690283000.0,1335478000.0,341903000.0,117215500.0,230751500.0,74.86728430080835,46.17318981113903,91.21126137265875,1.202127215385429,1.949183072863812,0.9867202650809755,0.003066887639853,0.1576954314720812,2000-09-30,,bmo,,2025-04-25,2000-09-30,,39.9984126984127,1146555.5555555555
2000-06-30,RVTY,USD,31791,2000-06-30,2000-06-30 00:00:00,2000,Q2,398705000.0,218545000.0,180160000.0,0.4518629062,21359000,0.0,0.0,96203000.0,18849000.0,136411000.0,354956000.0,0.0,0.0,19068000.0,59568000.0,0.1494036945,43749000.0,0.1097277436,-2375000.0,43530000.0,0.1091784653,12410000.0,31120000.0,0.0780526956,0.37,0.35,98070000,101592000,,,4.06551442846946,0.3173243601509126,0.3432956051799735,0.1940858570408891,1.1142143366982766,6.872448251249108,0.3672682777607831,6.872448251249108,4.591087998368512,3242194200.0,3583171200.0,26.04590456298201,8.13181224213391,96.30184453619272,170.33698644530838,4.810512759261759,4.810512759261759,8.987023488544162,60.15261885576148,106.42977396263404,188.25108752758223,0.0095984379960953,0.0058707155789742,0.6680425709330085,0.2512065219695795,5.724163980660758,1.017725258493353,0.0,0.9464200376690186,0.0021210944119263,0.2209832904884318,0.0,0.0535709359049924,0.355938208221422,0.4346392609974158,0.0367013205252003,0.7763276566396096,0.0,7.004847820613402,0.0236686726663389,0.0269582173618889,-6.645408891608035,14292000.0,36018000.0,-297762000.0,879343000.0,330850500.0,120303000.0,224218000.0,73.26251238384269,47.84584410533299,93.8582900546798,1.2284590996342708,1.88104111617018,0.9588923892345358,0.0461734084491996,0.1492097481390843,2000-06-30,,bmo,,2025-04-25,2000-06-30,,28.48809523809524,711542.8571428572
2000-03-31,RVTY,USD,31791,2000-03-31,2000-03-31 00:00:00,2000,Q1,402286000.0,227759000.0,174527000.0,0.4338381152,21300000,0.0,0.0,95679000.0,18956000.0,135935000.0,363694000.0,0.0,22558000.0,30235000.0,65344000.0,0.1624317028,38592000.0,0.09593175,-11279000.0,27313000.0,0.067894483,11070000.0,16243000.0,0.0403767469,0.17,0.16,96926000,100822000,,,4.150444669129026,0.1675814538926603,0.1134267379237769,-0.0386893093700348,1.155551657965871,6.7202092317850735,0.3711181726265398,6.7202092317850735,4.927408538472649,3222789500.0,3565822500.0,49.602744259065446,8.011189800291335,293.1407585955976,-859.4105333333333,4.947762614701786,4.947762614701786,8.86389906683305,54.57000642752204,324.3425959614335,-950.886,0.005040043726095,-0.0011635882517303,0.6985904940870145,0.2596318654357476,5.249648016650343,1.0413112262010582,1.7107899636492596,0.676845410330604,0.0020935279825132,0.4153789324632149,0.0,0.0529474055771267,0.3511268843217582,1.3410951428051665,0.0366505421516035,0.777801223886896,0.0,5.033796256735266,0.0175371493733095,0.0142829757972895,-6.459928192641809,32393000.0,35971000.0,-284743000.0,873443000.0,341672000.0,138661500.0,211111000.0,75.42633847561189,49.16631175935967,87.14026668539992,1.193217141636808,1.8305216881123263,1.0328175873608982,0.0249369399244353,0.1521160472938117,2000-03-31,,bmo,,2025-04-25,2000-03-31,,29.2231746031746,907473.015873016
1999-12-31,RVTY,USD,31791,1999-12-31,1999-12-31 00:00:00,1999,Q4,427200000.0,227800000.0,199400000.0,0.4667602996,21200000,0.0,0.0,108200000.0,13900000.0,143300000.0,371100000.0,0.0,16800000.0,24200000.0,80300000.0,0.1879681648,56100000.0,0.1313202247,-10400000.0,45700000.0,0.1069756554,16800000.0,32800000.0,0.0767790262,0.36,0.36,91301775,91301775,,,4.678988990082614,0.3592482183396763,0.6834478300120671,0.440298121257774,1.387705770232835,6.032741422606516,-0.4556318866747114,6.032741422606516,5.62858717697438,1902728991.0,2273128991.0,14.50250755335366,4.453953630617978,30.492451778846156,47.33156694029851,3.4544825544662308,3.4544825544662308,5.32099482911985,28.307957546699875,36.42834921474359,56.545497288557215,0.0172383981928827,0.0211275490046916,0.9025054466230936,0.2899218476612621,4.612702366127024,0.9561290322580646,3.3392857142857144,1.902439024390244,0.0034161459833456,0.198170731707317,0.0,0.049625468164794,0.3455033243905284,0.3557692307692308,0.0519662921348314,1.5971223021582734,0.0,6.983062449595127,0.0285114564426915,0.0292283015505257,-7.410589772214177,-37400000.0,-41600000.0,-348700000.0,783000000.0,334100000.0,143050000.0,194800000.0,72.93539325842696,60.40825285338016,79.6883230904302,1.2339688041594454,1.4898626553302812,1.129400099157164,0.0595497458242556,0.2431497087542931,1999-12-31,,bmo,,2025-04-25,1999-12-31,,20.2446875,331921.875
1999-09-30,RVTY,USD,31791,1999-09-30,1999-09-30 00:00:00,1999,Q3,388400000.0,228100000.0,160300000.0,0.4127188465,20300000,0.0,0.0,95700000.0,22500000.0,138500000.0,366600000.0,0.0,0.0,22500000.0,75100000.0,0.1933573635,52600000.0,0.1354273944,-30700000.0,-8900000.0,-0.0229145211,-3100000.0,-5800000.0,-0.0149330587,-0.0634,-0.0634,91453744,91453744,,,4.246955706919993,-0.0634200388777959,0.1618304440329966,0.0502986515237692,0.966608868413304,5.652037602747024,-1.144841046638834,5.652037602747024,4.753222568996192,1818100430.72,2164400430.72,-78.36639787586206,4.681000079093717,122.84462369729728,395.2392240695652,3.517315594350938,3.517315594350938,5.572606670236869,28.82024541571238,146.24327234594594,470.52183276521737,-0.0031901428006939,0.0025301132557227,0.840975043528729,0.2610810810810811,4.611185086551265,0.8625486266650949,0.0,0.1425818882466281,0.0035201575731795,-1.103448275862069,0.0,0.0522657054582904,0.3733333333333333,0.6891891891891891,0.0262615859938208,0.4533333333333333,0.0,,0.0301642482272027,-0.0055587502396013,-7.91930399262823,-116600000.0,-104700000.0,-416400000.0,734900000.0,313300000.0,134150000.0,193300000.0,74.61380020597322,52.55589653660675,74.138535729943,1.2062111801242237,1.7124624624624625,1.213943587014369,-0.0112207390210872,0.1115317925092274,1999-09-30,,bmo,,2025-04-25,1999-09-30,,17.31984375,300009.375
1999-06-30,RVTY,USD,31791,1999-06-30,1999-06-30 00:00:00,1999,Q2,304300000.0,182500000.0,121800000.0,0.4002628985,16300000,0.0,0.0,71200000.0,17900000.0,105400000.0,287900000.0,0.0,35000000.0,17900000.0,55000000.0,0.1807426881,37100000.0,0.1219191587,-20558000.0,-4200000.0,-0.0138021689,-1500000.0,-2700000.0,-0.0088728229,-0.03,-0.03,90000000,90000000,,,3.381111111111111,-0.03,0.3155555555555555,-3.0033333333333334,0.65,4.471111111111111,-2.364444444444445,4.471111111111111,7.565555555555555,1602900000.0,2190300000.0,-148.41666666666666,5.267499178442327,56.44014084507042,-5.93007769145394,3.9833499005964215,3.9833499005964215,7.19783108774236,39.82363636363636,77.12323943661971,-8.103218645948946,-0.0016844469399213,-0.1686318547632416,1.6051192842942346,0.3908623298033283,10.68,0.7439883913764511,1.06,7.888888888888889,0.0039303761931499,-2.333333333333333,0.0,0.0535655603023332,0.3722844175491679,10.517605633802816,0.98159710811699,16.687150837988828,0.0,,0.0195716395864106,-0.0026029114046081,-9.597777777777775,-247000000.0,-212800000.0,-532300000.0,601700000.0,265200000.0,106550000.0,161550000.0,90.08872822872166,66.62465753424658,97.9890410958904,0.9990151017728168,1.3508512213175423,0.9184700553598388,-0.0067097415506958,3.318888888888889,1999-06-30,,bmo,,2025-04-25,1999-06-30,,15.23904761904762,251546.03174603172
1999-03-31,RVTY,USD,31791,1999-03-31,1999-03-31 00:00:00,1999,Q1,357500000.0,249400000.0,108100000.0,0.3023776224,13500000,0.0,0.0,57000000.0,11800000.0,82300000.0,331700000.0,0.0,7900000.0,15800000.0,41600000.0,0.1163636364,25800000.0,0.0721678322,-4632000.0,21900000.0,0.0612587413,7800000.0,14087000.0,0.0394041958,0.16,0.16,90883871,90883871,,,3.9335912529518025,0.1549999999449847,0.1122311350492542,-0.0231064101571994,1.169624476052522,4.4034215928148575,1.025484488881421,4.4034215928148575,3.4032441245817973,1198758258.49,1393858258.49,21.274193555938098,3.353169953818182,117.52531945980392,-570.837265947619,2.995397947251374,2.995397947251374,3.898904219552448,33.506208136778845,136.6527704401961,-663.7420278523809,0.011751326758528,-0.0017518127488399,0.7531234382808596,0.2582469368520264,4.689903846153846,1.0758988015978694,3.2658227848101267,0.723404255319149,0.0052554382465199,0.4472208419109817,0.0,0.0377622377622377,0.2630451546568417,1.2058823529411764,0.0344055944055944,1.0423728813559323,0.0,3.918792262865061,0.020122300307825,0.0163783281013835,-4.720859656164953,39900000.0,93200000.0,-201300000.0,558300000.0,198000000.0,75700000.0,126350000.0,56.84475524475525,28.14755412991179,44.89174017642342,1.58325952170062,3.1974358974358976,2.004823151125402,0.035199900049975,0.1353375452064536,1999-03-31,,bmo,,2025-04-25,1999-03-31,,13.74672131147541,272173.7704918033
1998-12-31,RVTY,USD,31791,1998-12-31,1998-12-31 00:00:00,1998,Q4,352200000.0,232700000.0,119500000.0,0.3392958546,13600000,0.0,0.0,53800000.0,15200000.0,82600000.0,315300000.0,0.0,7100000.0,18700000.0,55600000.0,0.1578648495,36900000.0,0.104770017,-3600000.0,33300000.0,0.094548552,12800000.0,20500000.0,0.058205565,0.23,0.22,90265487,91891892,,,3.9018235175532814,0.2271078424470251,0.21381372484037,-2.349735286976294,1.059098035996859,4.428049006150047,0.9084313697881008,4.428049006150047,3.265921558701611,1255592924.17,1447692924.17,15.312108831341463,3.5649997846961954,65.05662819533678,-5.919815766949553,3.1413383141606204,3.1413383141606204,4.110428518370244,26.037642521043168,75.00999607098446,-6.825520623149458,0.0163269476956883,-0.1689241759149025,0.7197898423817863,0.2428053000253185,3.4550359712230216,1.0788017553901927,5.197183098591549,0.9414634146341464,0.0049379061323545,0.3024390243902439,0.0,0.0386144236229415,0.2681238923115874,11.989637305699482,0.6570130607609312,15.223684210526317,0.0,4.7567851287208365,0.0277466913597364,0.0236392988929889,-5.514843120494104,41300000.0,82000000.0,-219800000.0,580800000.0,190300000.0,73300000.0,117850000.0,43.4923339011925,28.38848302535453,49.6218306832832,2.0693301997649822,3.170299727520436,1.813717848791894,0.0512884663497623,2.5635490118166646,1998-12-31,,bmo,,2025-04-25,1998-12-31,,12.92609375,197303.125
1998-09-30,RVTY,USD,31791,1998-09-30,1998-09-30 00:00:00,1998,Q3,343500000.0,248600000.0,94900000.0,0.2762736536,10400000,0.0,0.0,52400000.0,11900000.0,74700000.0,323300000.0,0.0,0.0,8000000.0,22000000.0,0.0640465793,20200000.0,0.0588064047,14000000.0,24100000.0,0.0701601164,8700000.0,15400000.0,0.0448326055,0.17,0.17,90588235,93333333,,,3.7918831291944257,0.170000000551948,0.1556493511547056,-0.0055194805374009,1.971558447959605,4.166103909630207,2.896623386027998,4.166103909630207,1.5222727322151712,1024552937.85,983852937.85,16.632352887175326,2.98268686419214,72.66332892553191,-2049.1058757,2.7147666609697936,2.7147666609697936,2.8642006924308587,44.72058808409091,69.77680410283688,-1967.7058757,0.0150309461142305,-0.0004880177309815,0.3653948065712771,0.1491778450887061,-1.85,1.707715582450832,0.0,0.9155844155844156,0.0063442305027596,0.422077922077922,0.0,0.0302765647743813,0.12440501947209,1.0354609929078014,0.0425036390101892,1.226890756302521,0.0,3.991910257768038,0.0209237863793603,0.019026439337781,-1.7320129926364058,233900000.0,262400000.0,17400000.0,514700000.0,211750000.0,72650000.0,106150000.0,55.12663755458515,26.500402252614645,38.88173773129525,1.6326045627376429,3.3961748633879782,2.3147113594040967,0.0408055113937466,0.1611688316921066,1998-09-30,,bmo,,2025-04-25,1998-09-30,,13.11328125,382996.875
1998-06-30,RVTY,USD,31791,1998-06-30,1998-06-30 00:00:00,1998,Q2,356300000.0,257400000.0,98900000.0,0.2775750772,10900000,0.0,0.0,58800000.0,11100000.0,80800000.0,338200000.0,0.0,0.0,11100000.0,2300000.0,0.0064552344,-8800000.0,-0.024698288,53700000.0,44900000.0,0.1260174011,13300000.0,31700000.0,0.0889699691,0.35,0.34,91884058,93235294,,,3.87771293253069,0.3449999998911672,0.285141955746012,0.2873186118967449,1.932870661850829,4.248832806230652,3.005962144162157,4.248832806230652,1.2504889585960604,1378260870.0,1315560870.0,10.869565220820189,3.8682595284872296,52.605376717557256,52.20685113636364,3.530381326844262,3.530381326844262,3.6922842267751896,571.9829869565217,50.21224694656488,49.83185113636364,0.0229999999927444,0.0191545741264496,0.2943135245901639,0.1241088788075178,-27.26086956521739,1.7749296655204752,0.0,0.8291139240506329,0.0045709779165391,0.1987381703470031,0.0,0.0305921975863036,0.1233527759775329,0.0076335877862595,0.0005613247263541,0.018018018018018,0.0,5.74295783094053,-0.0102216842474391,0.0390586495810744,-1.583789431677038,247900000.0,276200000.0,32400000.0,521100000.0,224400000.0,75300000.0,110800000.0,53.82823463373561,25.20979020979021,36.67832167832168,1.671984983575786,3.5700416088765605,2.453765490943756,0.0811987704918032,0.0021766561507329,1998-06-30,,bmo,,2025-04-25,1998-06-30,,15.080158730158727,366593.6507936508
1998-03-31,RVTY,USD,31791,1998-03-31,1998-03-31 00:00:00,1998,Q1,355900000.0,252600000.0,103300000.0,0.2902500702,11000000,0.0,0.0,61300000.0,12200000.0,84500000.0,337100000.0,0.0,0.0,-22700000.0,-3900000.0,-0.0109581343,18800000.0,0.0528238269,34900000.0,53700000.0,0.1508850801,19200000.0,34500000.0,0.0969373419,0.38,0.38,90789474,92000000,,,3.920057957379509,0.3799999986782609,0.110144927153119,-0.0958260866232136,1.1333913004055955,3.850666653273043,2.962898540418903,3.850666653273043,1.2655652129893384,1319171057.22,1331171057.22,9.559210559565216,3.70657785113796,131.917105722,-151.62885715172413,3.7733725893020593,3.7733725893020593,3.7402951874683903,-341.3259121076923,133.117105722,-153.00816749655172,0.0261527872455788,-0.0065950506967111,0.3286613272311213,0.1332946635730858,-3.076923076923077,1.7858108108108108,0.0,0.2898550724637681,0.0048515315470059,0.1855072463768116,0.0,0.030907558302894,0.0935034802784222,1.87,0.0525428491149199,1.5327868852459017,0.0,5.737874150847947,0.0213358281054633,0.0441515229076017,-1.9206521672325143,232600000.0,269000000.0,16200000.0,482800000.0,239850000.0,75950000.0,114800000.0,59.603821298117445,27.96912114014252,41.57957244655582,1.5099703012303776,3.2178343949044588,2.16452442159383,0.0986842105263157,0.2059710137763327,1998-03-31,,bmo,,2025-04-25,1998-03-31,,12.64327868852459,423914.7540983607
1997-12-31,RVTY,USD,31791,1997-12-31,1997-12-31 00:00:00,1997,Q4,386800000.0,267600000.0,119200000.0,0.3081695967,11100000,0.0,0.0,63400000.0,11700000.0,86200000.0,353800000.0,0.0,3000000.0,13300000.0,46300000.0,0.1197001034,33000000.0,0.0853154085,-1700000.0,31300000.0,0.0809203723,10800000.0,20800000.0,0.0537745605,0.23,0.23,91081081,91081081,,,4.246765582415518,0.2283679527255501,-0.0120771513460627,-0.1372403562052584,0.6356973299427573,3.6044807153749088,2.7338278956087487,3.6044807153749088,1.8016913962626333,948154053.21,1051354053.21,11.3960823703125,2.451277283376422,-861.9582301909091,-75.8523242568,2.888072047547974,2.888072047547974,2.718081833531541,22.70743095485961,-955.7764120090908,-84.1083242568,0.0219373633742123,-0.0131835116431564,0.4907097167225099,0.1936065376757601,2.2289416846652266,1.7093837535014005,11.0,-0.0528846153846153,0.006749957961296,0.3076923076923077,0.0,0.0286970010341261,0.0953010455474101,-10.363636363636363,0.0294725956566701,0.9743589743589745,0.0,4.303583081131364,0.0364660343012509,0.0276301806588735,-2.266661723086049,202600000.0,249000000.0,-15600000.0,463000000.0,233300000.0,73350000.0,116600000.0,56.77352637021716,24.68609865470852,37.97085201793722,1.5852459016393443,3.645776566757493,2.3702391496899917,0.0633566859579652,0.1251632048591957,1997-12-31,,bmo,,2025-04-25,1997-12-31,,10.136875,245165.625
1997-09-30,RVTY,USD,31791,1997-09-30,1997-09-30 00:00:00,1997,Q3,358400000.0,255100000.0,103300000.0,0.2882254464,10700000,0.0,0.0,60600000.0,11600000.0,82900000.0,338000000.0,0.0,0.0,10900000.0,31300000.0,0.0873325893,20400000.0,0.0569196429,700000.0,21100000.0,0.0588727679,7200000.0,14600000.0,0.0407366071,0.16,0.16,91250000,91250000,,,3.927671232876712,0.16,0.1852054794520548,0.0657534246575342,0.6268493150684932,3.4717808219178083,2.5556164383561644,3.4717808219178083,1.681095890410959,943525000.0,1039725000.0,16.15625,2.632603236607143,55.82988165680474,157.25416666666666,2.978298611111111,2.978298611111111,2.901018415178572,33.218051118210866,61.52218934911242,173.2875,0.0154738878143133,0.0063591319784849,0.4842171717171717,0.1895465216854071,3.073482428115016,1.697221219776254,0.0,1.1575342465753424,0.0067830741103839,0.4383561643835616,0.0,0.0298549107142857,0.1032991474113431,0.6449704142011834,0.0304129464285714,0.9396551724137931,0.0,3.5353091744434617,0.0235521601108336,0.0201185062698084,-2.2816438356164386,193200000.0,233200000.0,-22200000.0,458700000.0,222900000.0,73550000.0,122400000.0,55.8984375,25.86044688357507,42.442179537436296,1.610062893081761,3.480218281036835,2.120532003325021,0.0460858585858585,0.1194520547945205,1997-09-30,,bmo,,2025-04-25,1997-09-30,,10.46390625,296900.0
1997-06-30,RVTY,USD,31791,1997-06-30,1997-06-30 00:00:00,1997,Q2,368700000.0,268500000.0,100200000.0,0.2717656631,11900000,0.0,0.0,59800000.0,10500000.0,82200000.0,350700000.0,0.0,60200000.0,10500000.0,59300000.0,0.1608353675,48800000.0,0.1323569298,-30900000.0,-12900000.0,-0.034987795,500000.0,-13400000.0,-0.036343911,-0.15,-0.15,91538462,91538462,,,4.027815105742109,-0.1463865538837652,0.2228571417334934,0.0884873945118282,0.6936974754939623,3.540588217442412,2.5803361214436835,3.540588217442412,2.677563011709766,1029807697.5,1151207697.5,-19.212830177238803,2.793077563059398,50.48076948529412,127.13675277777776,3.1774381286639928,3.1774381286639928,3.1223425481421208,19.41328326306914,56.43174987745098,142.12440709876543,-0.0130121381230013,0.0078655461788291,0.5705029311940759,0.2263989224929594,2.0472175379426645,1.5742020401447845,0.8106312292358804,-1.7142857142857142,0.0062147525363588,-0.4776119402985074,0.0,0.0322755627881746,0.1076282600710175,0.6029411764705882,0.033360455655004,1.1714285714285717,0.0,,0.0869941185313489,-0.0183863885839736,-2.1788655352326107,174500000.0,236200000.0,-14200000.0,444500000.0,217700000.0,71050000.0,123000000.0,54.4833197721725,24.737430167597765,41.73184357541899,1.6518817204301075,3.638211382113821,2.156626506024097,-0.0413452638074668,0.1343697472216651,1997-06-30,,bmo,,2025-04-25,1997-06-30,,9.78421875,251856.25
1997-03-31,RVTY,USD,31791,1997-03-31,1997-03-31 00:00:00,1997,Q1,347000000.0,248900000.0,98100000.0,0.2827089337,11200000,0.0,0.0,59700000.0,10800000.0,81700000.0,330600000.0,0.0,3500000.0,12900000.0,29300000.0,0.0844380403,16400000.0,0.0472622478,-1900000.0,14500000.0,0.0417867435,4900000.0,10100000.0,0.0291066282,0.11,0.11,91818182,91818182,,,3.779207913308499,0.1099999997821782,-0.0152475247222821,-0.1688118808538378,0.4617821773034016,3.818415834022939,2.683564351121655,3.818415834022939,1.743663362883835,958581820.08,1072781820.08,23.727272774257425,2.7624836313544665,-684.7013000571428,-61.84398839225806,2.7341181405590413,2.7341181405590413,3.0915902595965417,36.61371399590443,-766.2727286285714,-69.21173032774193,0.0105363984465687,-0.0161697203882986,0.4466628636622932,0.1941001487357461,3.8976109215017054,1.6977896341463414,4.685714285714286,-0.1386138613861386,0.0067808504854155,0.6435643564356436,0.0,0.0322766570605187,0.1291522062469013,-10.071428571428571,0.0406340057636887,1.3055555555555556,0.0,3.0741794304322503,0.0185352185634734,0.0143751779106177,-2.1117821740360747,183100000.0,246400000.0,-10700000.0,478400000.0,217550000.0,72000000.0,120550000.0,55.03746397694525,24.69666532744074,43.933306548814784,1.6352497643732329,3.644216691068814,2.048559670781893,0.0288077581289218,0.1535643561315557,1997-03-31,,bmo,,2025-04-25,1997-03-31,,10.73327868852459,258059.0163934426
1996-12-31,RVTY,USD,31791,1996-12-31,1996-12-31 00:00:00,1996,Q4,369900000.0,258300000.0,111600000.0,0.301703163,0,0.0,0.0,77300000.0,11100000.0,88400000.0,346700000.0,0.0,2300000.0,13200000.0,36400000.0,0.0984049743,23200000.0,0.062719654,-2100000.0,21100000.0,0.0570424439,6800000.0,16200000.0,0.0437956204,0.17,0.17,94803150,94803150,,,3.9017690867866737,0.1708803979614601,0.3037873741537069,0.1170847171217412,0.5042026557134441,3.851137857761055,2.686619590171845,3.851137857761055,1.4651411899288156,953719689.0,1042519689.0,14.717896435185184,2.5783176236820764,33.11526697916667,85.92069270270271,2.6122149794576828,2.6122149794576828,2.818382506082725,28.64065079670329,36.1986003125,93.92069270270272,0.0169861230577992,0.0116386398729365,0.3741440701177759,0.1659982986997205,2.43956043956044,1.750192455735181,10.08695652173913,1.7777777777777777,0.0069202723568811,0.4074074074074074,0.0,0.0,0.1341596791833758,0.6145833333333334,0.0478507704785077,1.5945945945945943,0.0,3.8479721047741138,0.0268956940622907,0.0227368421052631,-1.930579310919521,194900000.0,254700000.0,-3100000.0,497400000.0,220650000.0,74650000.0,121400000.0,54.23357664233577,26.37630662020906,41.67247386759582,1.6594885598923284,3.4121532364597096,2.1596989966555182,0.0443714050944946,0.1867026570319657,1996-12-31,,bmo,,2025-04-25,1996-12-31,,9.2153125,302340.625
1996-09-30,RVTY,USD,31791,1996-09-30,1996-09-30 00:00:00,1996,Q3,354700000.0,251300000.0,103400000.0,0.2915139555,0,0.0,0.0,68700000.0,11500000.0,80200000.0,331500000.0,0.0,3200000.0,13800000.0,37000000.0,0.1043135044,23200000.0,0.0654073865,-2300000.0,20900000.0,0.0589230335,6700000.0,15600000.0,0.0439808289,0.17,0.17,94545455,94545455,,,3.7516345973479104,0.1649999992067307,0.4188461518324704,0.2400961526918454,0.7224038426807508,3.995961519250185,2.7891346019753143,3.995961519250185,1.5347115310831176,845236367.6999999,918836367.7,13.545454610576922,2.3829612847476738,21.344352719696968,37.23508227753304,2.237258781630492,2.237258781630492,2.5904605799266984,24.83341534324324,23.202938578282826,40.477373026431714,0.0184563757501936,0.0268563929185509,0.3755955532027528,0.1695340501792114,1.9891891891891893,1.7435991221653255,7.25,2.5384615384615383,0.0079267767645062,0.4294871794871794,0.0,0.0,0.1363201911589008,0.4267676767676767,0.0476458979419227,1.4695652173913043,0.0,3.851623952165393,0.0266892641819121,0.0215797482362705,-1.7504807608149964,203300000.0,263700000.0,17500000.0,499100000.0,218750000.0,75950000.0,124550000.0,55.41584437552861,26.358933545563072,44.12256267409471,1.624084249084249,3.4144021739130435,2.039772727272727,0.0412916887241926,0.178749999140625,1996-09-30,,bmo,,2025-04-25,1996-09-30,,9.7075,240143.75
1996-06-30,RVTY,USD,31791,1996-06-30,1996-06-30 00:00:00,1996,Q2,355900000.0,250900000.0,105000000.0,0.2950266929,0,0.0,0.0,74400000.0,9200000.0,83600000.0,334500000.0,0.0,700000.0,10300000.0,31700000.0,0.0890699635,21400000.0,0.0601292498,-1100000.0,20300000.0,0.057038494,6200000.0,15600000.0,0.0438325372,0.17,0.17,94545455,94545455,,,3.764326904979197,0.1649999992067307,0.136442307036335,-0.0634615381564349,0.7382692272198594,3.874326904450351,2.6537499872415866,3.874326904450351,1.7134615302237426,963418186.45,1054918186.45,15.439394013621794,2.706991251615622,74.68358034496124,-160.56969774166666,2.630134279142779,2.630134279142779,2.96408594113515,33.27817622870662,81.77660360077519,-175.81969774166666,0.0161923453588548,-0.006227825138021,0.4403494403494403,0.1926200143300692,2.886435331230284,1.690459610027855,30.571428571428573,0.8269230769230769,0.0068506076518232,0.4230769230769231,0.0,0.0,0.1378074994029137,1.4651162790697674,0.053104804720427,2.0543478260869565,0.0,3.7925504035702393,0.0249229366345858,0.0216066481994459,-1.840649029612264,198300000.0,250900000.0,14400000.0,486400000.0,219150000.0,79000000.0,123300000.0,55.40601292497893,28.08688720605819,45.16141889198884,1.624372432679142,3.20434227330779,1.9928514694201749,0.0425880425880425,0.1999038451927699,1996-06-30,,bmo,,2025-04-25,1996-06-30,,10.75047619047619,309022.22222222225
1996-03-31,RVTY,USD,31791,1996-03-31,1996-03-31 00:00:00,1996,Q1,346800000.0,247300000.0,99500000.0,0.2869088812,0,0.0,0.0,70500000.0,9100000.0,79600000.0,326900000.0,0.0,2900000.0,11000000.0,30900000.0,0.089100346,19900000.0,0.0573817762,-1900000.0,18000000.0,0.0519031142,6100000.0,12800000.0,0.0369088812,0.14,0.14,94814815,94814815,,,3.65765624285614,0.1349999997363281,-0.0116015624773406,-0.2963671869211578,0.7340624985662841,3.8327343675141914,2.576601557467575,3.8327343675141914,1.595742184383316,1078992594.7,1157792594.7,21.07407411523437,3.111281991637832,-980.902358818182,-38.39831297864769,2.969159589157953,2.969159589157953,3.338502291522492,37.46901600970874,-1052.5387224545457,-41.20258344128114,0.0118629173757757,-0.0260428108015077,0.4083654375343973,0.1797045289416323,2.5501618122977345,1.7363112391930835,6.862068965517241,-0.0859375,0.0062094958138826,0.5234375,0.0,0.0,0.1442237829983046,-24.545454545454547,0.0778546712802768,2.967032967032967,0.0,3.412027347279943,0.0226244387121429,0.0181123531908872,-1.7724023402882767,204400000.0,244300000.0,19600000.0,485600000.0,215550000.0,76250000.0,117450000.0,56.88581314878893,29.00525677315002,43.92640517589972,1.582116788321168,3.1028858218318693,2.048881524440762,0.035222894881673,0.2847656244438171,1996-03-31,,bmo,,2025-04-25,1996-03-31,,11.486984126984128,282698.4126984127
1995-12-31,RVTY,USD,31791,1995-12-31,1995-12-31 00:00:00,1995,Q4,377500000.0,262100000.0,115400000.0,0.3056953642,0,0.0,0.0,76600000.0,11300000.0,87900000.0,350000000.0,0.0,0.0,8800000.0,36300000.0,0.0961589404,27500000.0,0.0728476821,2500000.0,30000000.0,0.0794701987,11100000.0,21900000.0,0.058013245,0.21,0.21,103030303,105977011,,,3.6639705893129326,0.212558823591929,0.2911764706738754,0.1019117647358564,0.7395882355116435,3.5610882363414964,2.363382353636289,3.5610882363414964,1.1695588238733996,1230181817.82,1274481817.82,14.04317143630137,3.258759782304636,41.006060594,117.16017312571428,3.352907652820932,3.352907652820932,3.376110775682119,35.109691950964184,42.48272726066666,121.3792207447619,0.0178022465319873,0.0085353236797199,0.3284273644044699,0.1498942654559024,1.2203856749311297,1.8710578842315368,0.0,1.36986301369863,0.0054463493956308,0.3059360730593607,0.0,0.0,0.1535016793133474,0.65,0.0516556291390728,1.7256637168141593,0.0,4.126883368843325,0.0310094863074995,0.0321822189566495,-1.4051691180603438,218200000.0,243500000.0,31700000.0,489100000.0,210650000.0,74650000.0,112750000.0,50.51920529801325,24.99809233117131,39.21404044257917,1.781500707881076,3.600274725274726,2.295096322241682,0.0596892886345053,0.189264705938019,1995-12-31,,bmo,,2025-04-25,1995-12-31,,9.754285714285714,160098.4126984127
1995-09-30,RVTY,USD,31791,1995-09-30,1995-09-30 00:00:00,1995,Q3,361600000.0,264400000.0,97200000.0,0.2688053097,0,0.0,0.0,68500000.0,9500000.0,78000000.0,342400000.0,0.0,0.0,8300000.0,27500000.0,0.076050885,19200000.0,0.0530973451,1100000.0,20300000.0,0.0561393805,6600000.0,16000000.0,0.0442477876,0.16,0.16,100000000,100000000,,,3.616,0.16,0.429,0.275,0.643,3.6,2.317,3.6,1.885,975000000.0,1099200000.0,15.234375,2.696349557522124,22.727272727272727,35.45454545454545,2.708333333333333,2.708333333333333,3.0398230088495577,39.97090909090909,25.622377622377623,39.97090909090909,0.0164102564102564,0.0282051282051282,0.5236111111111111,0.2398218829516539,4.516363636363637,1.246830092983939,0.0,2.68125,0.0075897435897435,0.4625,0.0,0.0,0.1632315521628498,0.358974358974359,0.0425884955752212,1.6210526315789473,0.0,3.6,0.0236237656663268,0.024327200851452,-1.49,87600000.0,231700000.0,16500000.0,362200000.0,208450000.0,73550000.0,116400000.0,52.118362831858406,26.040090771558244,37.8857791225416,1.7268385864374405,3.456209150326797,2.3755615453728662,0.0444444444444444,0.154,1995-09-30,,bmo,,2025-04-25,1995-09-30,,9.326031746031743,286584.126984127
1995-06-30,RVTY,USD,31791,1995-06-30,1995-06-30 00:00:00,1995,Q2,342300000.0,241600000.0,100700000.0,0.2941863862,0,0.0,0.0,70300000.0,9900000.0,80200000.0,321800000.0,0.0,0.0,10100000.0,30600000.0,0.0893952673,20500000.0,0.0598889863,-300000.0,20200000.0,0.0590125621,7900000.0,12300000.0,0.0359333918,0.12,0.12,105380000,105380000,,,3.248244448661985,0.1167204403112545,0.4573922945530461,0.2894287341051433,0.5769595748718922,4.1943442778515845,2.9407857278420955,4.1943442778515845,1.1662554564433478,883084400.0000001,945184400.0,17.948869918699188,2.579855097867368,18.3212531120332,28.953586885245905,1.9979285067873307,1.9979285067873307,2.7612749050540466,30.888379084967323,19.609634854771787,30.9896524590164,0.013928453497763,0.0345380350960791,0.2780542986425339,0.1555499303885584,2.0294117647058822,1.621524015890213,0.0,2.9390243902439024,0.0084929594498555,0.6097560975609756,0.0,0.0,0.167194026072649,0.3672199170124481,0.0517090271691498,1.7878787878787878,0.0,3.318919778463488,0.0220971380196968,0.018693009118541,-0.6730404251281078,172100000.0,309900000.0,100900000.0,444400000.0,212150000.0,67950000.0,122650000.0,54.55740578439965,26.299668874172184,45.26076158940397,1.6496385542168674,3.4220963172804533,1.988477366255144,0.0278280542986425,0.1679635604479028,1995-06-30,,bmo,,2025-04-25,1995-06-30,,8.496984126984128,194720.6349206349
1995-03-31,RVTY,USD,31791,1995-03-31,1995-03-31 00:00:00,1995,Q1,338200000.0,244400000.0,93800000.0,0.2773506801,0,0.0,0.0,69400000.0,8700000.0,78100000.0,322500000.0,0.0,0.0,7300000.0,23000000.0,0.0680070964,15700000.0,0.0464222354,-200000.0,15500000.0,0.0458308693,6100000.0,9400000.0,0.0277942046,0.0884,0.0884,106282000,106282000,,,3.1821004497469,0.0884439509982875,0.2737998908564009,0.1872377260495662,0.7207241113264711,4.110761935228919,2.862196797199902,4.110761935228919,1.445211795035848,797115000.0,874115000.0,21.1998670212766,2.3569337670017743,27.392268041237116,40.05603015075377,1.8244792858777752,1.8244792858777752,2.584609698403312,38.005,30.03831615120275,43.92537688442211,0.0117925267997716,0.0249650301399421,0.3515678644998856,0.1896764633242776,3.347826086956522,1.586570111915734,0.0,2.124087591240876,0.0096598357827916,0.8191489361702128,0.0,0.0,0.1638676216349716,0.3161512027491409,0.0272028385570668,1.057471264367816,0.0,2.8601347190670543,0.0161241157029308,0.0138827351942106,-0.6755612427316008,178200000.0,304200000.0,109100000.0,439700000.0,221550000.0,65700000.0,123550000.0,57.6936723832052,24.046644844517186,45.58919803600655,1.5599630996309963,3.7427258805513017,1.9741518578352184,0.0215152208743419,0.0865621648068346,1995-03-31,,bmo,,2025-04-25,1995-03-31,,7.091904761904762,260431.74603174604
1994-12-31,RVTY,USD,31791,1994-12-31,1994-12-31 00:00:00,1994,Q4,340100000.0,210500000.0,129600000.0,0.3810643928,0,0.0,0.0,29500000.0,10200000.0,39700000.0,250200000.0,0.0,140200000.0,10200000.0,171100000.0,0.5030873273,160900000.0,0.4730961482,-73100000.0,16800000.0,0.0493972361,8700000.0,8100000.0,0.0238165246,0.0723,0.0723,112000000,112000000,,,3.036607142857143,0.0723214285714285,0.2625,0.1830357142857142,0.5928571428571429,3.976785714285714,2.840178571428571,3.976785714285714,2.375892857142857,790720000.0,850220000.0,24.404938271604937,2.3249632461040872,26.89523809523809,38.57170731707317,1.775303098338572,1.775303098338572,2.4999117906498087,4.969140853302163,28.919047619047618,41.47414634146342,0.0102438284095507,0.0259257385673816,0.2826672653794342,0.1587441684529063,0.347749853886616,1.7086586231369765,1.1476462196861623,2.45,0.0097379603399433,0.9506172839506172,0.0,0.0,0.1605093935191022,0.3027210884353741,0.0261687738900323,0.8725490196078431,0.0,2.543846209883926,0.13578992773374,0.0121658155602282,-0.4457589285714285,199700000.0,318100000.0,133800000.0,448700000.0,225150000.0,66050000.0,126850000.0,59.88532784475154,28.26128266033254,52.71733966745843,1.5028722934158196,3.184568835098336,1.7072181670721818,0.0181859003143242,0.0794642857142857,1994-12-31,,bmo,,2025-04-25,1994-12-31,,7.669841269841269,209546.03174603172
1994-09-30,RVTY,USD,31791,1994-09-30,1994-09-30 00:00:00,1994,Q3,336900000.0,254900000.0,82000000.0,0.2433956664,0,0.0,0.0,129000000.0,8900000.0,137900000.0,392800000.0,0.0,0.0,11000000.0,-44900000.0,-0.1332739685,-55900000.0,-0.1659246067,-3400000.0,-59300000.0,-0.1760166221,-2400000.0,-56900000.0,-0.1688928465,-0.52,-0.52,110000000,110000000,,,3.0627272727272725,-0.5172727272727272,0.3981818181818182,0.3336363636363636,0.51,4.040909090909091,2.47,4.040909090909091,1.13,839300000.0,907500000.0,-3.687609841827769,2.4912436924903534,19.162100456621005,22.869209809264305,1.888188976377953,1.888188976377953,2.6936776491540515,-20.211581291759465,20.71917808219178,24.727520435967303,-0.0677945907303705,0.0437269152865483,0.2796400449943757,0.1582633053221288,-1.5189309576837418,1.6836624775583482,0.0,-0.9049586776859504,0.0091743119266055,-0.1353251318101933,0.0,0.0,0.2200152788388082,0.1621004566210045,0.0210745028198278,0.797752808988764,0.0,,-0.0942830117705924,-0.0928827946457721,-0.4690909090909091,190400000.0,271700000.0,128000000.0,485100000.0,230100000.0,63100000.0,129850000.0,59.839715048975954,23.303256178893687,46.04158493526874,1.504017857142857,3.862121212121212,1.9547546012269936,-0.1280089988751406,0.0645454545454545,1994-09-30,,bmo,,2025-04-25,1994-09-30,,7.60125,173575.0
1994-06-30,RVTY,USD,31791,1994-06-30,1994-06-30 00:00:00,1994,Q2,646000000.0,548700000.0,97300000.0,0.150619195,0,0.0,0.0,62900000.0,8900000.0,71800000.0,620500000.0,0.0,0.0,8200000.0,33700000.0,0.0521671827,25500000.0,0.0394736842,-400000.0,25100000.0,0.0388544892,8700000.0,16400000.0,0.0253869969,0.15,0.15,109333333,109333333,,,5.908536603379685,0.150000000457317,0.2396341470720553,0.1088414637464678,0.5076219527671401,4.491768306377343,2.788719520697315,4.491768306377343,1.03262195436775,819999997.5,877399997.5,12.499999961890245,1.2693498413312694,31.29770982824428,68.90756281512606,1.6697210293219302,1.6697210293219302,1.358204330495356,26.035608234421364,33.48854952290076,73.73109222689075,0.0200000000609756,0.0145121951661957,0.2298920790063123,0.1420840674553234,1.7032640949554896,1.8856328856328857,0.0,1.5975609756097562,0.0093902439310678,0.4695121951219512,0.0,0.0,0.2343317392398691,0.5458015267175572,0.0221362229102167,1.6067415730337078,0.0,3.893548263504921,0.0275850241418432,0.0269559500328731,-0.0567073172460588,217600000.0,304900000.0,159800000.0,519400000.0,236150000.0,59800000.0,129800000.0,32.907120743034056,9.874248223072716,21.208310552214325,2.734970364098222,9.114617940199336,4.243619489559165,0.0333944206882508,0.1307926833255874,1994-06-30,,bmo,,2025-04-25,1994-06-30,,7.659354838709677,311609.67741935485
1994-03-31,RVTY,USD,31791,1994-03-31,1994-03-31 00:00:00,1994,Q1,676500000.0,586900000.0,89600000.0,0.1324464154,0,0.0,0.0,58900000.0,8800000.0,67700000.0,654600000.0,0.0,0.0,7900000.0,29800000.0,0.0440502587,21900000.0,0.0323725055,100000.0,22000000.0,0.0325203252,7600000.0,14400000.0,0.021286031,0.13,0.13,110769231,110769231,,,6.107291653943142,0.1299999997291666,-0.0315972221563946,-0.094791666469184,0.4270138879992766,4.261111102233796,2.628888883412037,4.261111102233796,0.9867361090554108,907200001.89,969200001.89,15.750000032812498,1.3410199584478937,-259.20000054,-86.40000017999999,1.922033902309322,1.922033902309322,1.4326681476570584,32.523489996308726,-276.9142862542857,-92.3047620847619,0.015873015839947,-0.0115740740499614,0.2315677966101695,0.1415253139971513,2.0805369127516777,1.8613496932515337,0.0,-0.2430555555555555,0.0087081128566376,0.5486111111111112,0.0,0.0,0.2341059173896154,-2.0,0.0103473762010347,0.7954545454545454,0.0,3.5304036522850626,0.0246594623336409,0.0243448858833474,-0.0972743053529007,210600000.0,291200000.0,154800000.0,497700000.0,236850000.0,60100000.0,125950000.0,31.41019955654102,9.108877151133072,19.98125745442153,2.8653113087674718,9.88047138047138,4.504221028396009,0.0305084745762711,0.0631944443127893,1994-03-31,,bmo,,2025-04-25,1994-03-31,,9.103174603174605,225968.253968254
1993-12-31,RVTY,USD,31791,1993-12-31,1993-12-31 00:00:00,1993,Q4,640700000.0,536200000.0,104500000.0,0.1631028563,0,0.0,0.0,60700000.0,8900000.0,69600000.0,605800000.0,0.0,0.0,4800000.0,39700000.0,0.0619634774,34900000.0,0.0544716716,2600000.0,37500000.0,0.0585297331,13300000.0,24200000.0,0.0377711878,0.21,0.21,112571429,112571429,,,5.691497440260797,0.2149746184709088,0.0337563450491509,-0.0399746191371524,0.6413705559338685,4.241751252886734,2.7164974515869384,4.241751252886734,0.8687817225807802,1034531432.51,1060131432.51,10.687308187086776,1.614689296878414,272.24511381842103,-229.8958738911111,2.166557973842932,2.166557973842932,1.6546455946776963,26.70356253173804,278.9819559236842,-235.58476278,0.0233922326954198,-0.0043497953359251,0.2048167539267015,0.1272112382934443,0.6448362720403022,1.96119780683256,0.0,0.1570247933884297,0.0070563346560564,0.3016528925619834,0.0,0.0,0.2233350676378772,2.1842105263157894,0.0129545809271109,0.9325842696629212,0.0,4.529574956643401,0.0391485022307202,0.0405292245854965,0.1767766490731853,227900000.0,305800000.0,173700000.0,505700000.0,239400000.0,72350000.0,122750000.0,33.37599500546278,10.20514733308467,20.41029466616934,2.696548821548822,8.819078947368421,4.409539473684211,0.0506806282722513,0.0737309641863034,1993-12-31,,bmo,,2025-04-25,1993-12-31,,8.87359375,268590.625
1993-09-30,RVTY,USD,31791,1993-09-30,1993-09-30 00:00:00,1993,Q3,746200000.0,652800000.0,93400000.0,0.1251675154,0,0.0,0.0,58200000.0,10100000.0,68300000.0,721100000.0,0.0,800000.0,9600000.0,34700000.0,0.0465022782,25100000.0,0.0336370946,-1100000.0,24000000.0,0.032162959,8800000.0,15200000.0,0.020369874,0.14,0.14,112592593,112592593,,,6.627434186545468,0.1349999995115131,0.5781907873815465,0.5133552613003592,0.6430263134627338,4.123717090341813,2.585427622223781,4.123717090341813,0.8917105230892054,922133336.67,949333336.67,15.166666721546052,1.235772362195122,14.164874603225805,15.953863956228371,1.986072230605212,1.986072230605212,1.272223715719646,27.358309414121035,14.582693343625191,16.42445219152249,0.0164835164238721,0.0626807400855139,0.2145164764161102,0.1271381159050293,0.7838616714697406,1.883260783537792,31.375,4.282894736842105,0.0080248698379377,0.4868421052631579,0.0,0.0,0.2210875670155731,0.1121351766513056,0.0097829000268024,0.7373737373737373,0.0,3.539179370502387,0.028190577525566,0.0249098656178302,-0.0341940788236398,223200000.0,291100000.0,156800000.0,504600000.0,251750000.0,81200000.0,124650000.0,29.09139640846958,11.567095588235295,17.081801470588236,3.093698175787728,7.780691299165674,5.268765133171913,0.0327374542321774,0.0648355260811872,1993-09-30,,bmo,,2025-04-25,1993-09-30,,9.54703125,279793.75
1993-06-30,RVTY,USD,31791,1993-06-30,1993-06-30 00:00:00,1993,Q2,662100000.0,562600000.0,99500000.0,0.150279414,0,0.0,0.0,58600000.0,9500000.0,68100000.0,630700000.0,0.0,0.0,7800000.0,39200000.0,0.0592055581,31400000.0,0.0474248603,300000.0,31700000.0,0.0478779641,10600000.0,21100000.0,0.0318682978,0.19,0.19,114054054,114054054,,,5.805142182846039,0.1850000000876777,0.1674644550556703,0.1122274882048471,0.5777962088046428,4.0428199071292985,2.5145971575898565,4.0428199071292985,1.2178436024729116,1098340540.02,1171340540.02,13.013513507345971,1.65887409759855,57.50474031518325,85.8078546890625,2.3820007374105403,2.3820007374105403,1.7691293460504456,29.881136225,61.32672984397906,91.5109796890625,0.019210799593736,0.0116539447772426,0.3012361743656473,0.172460888999255,1.862244897959184,1.7622277757943592,0.0,0.90521327014218,0.0066463903807712,0.3459715639810427,0.0,0.0,0.2164142041221753,0.3298429319371728,0.0095151789759855,0.6494845360824743,0.0,4.102223527722638,0.0348396657066398,0.033433687212803,-0.1663684834911699,213500000.0,286800000.0,149300000.0,496100000.0,255050000.0,57300000.0,121350000.0,35.65473493429995,12.557767507998578,20.06043370067544,2.52420892108273,7.16687898089172,4.486443381180223,0.0457601387985252,0.0552369668508232,1993-06-30,,bmo,,2025-04-25,1993-06-30,,11.37111111111111,160330.15873015873
1993-03-31,RVTY,USD,31791,1993-03-31,1993-03-31 00:00:00,1993,Q1,648900000.0,553100000.0,95800000.0,0.1476344583,0,0.0,0.0,57100000.0,9300000.0,66400000.0,619500000.0,0.0,20300000.0,8400000.0,37800000.0,0.0582524272,29400000.0,0.0453074434,-700000.0,28700000.0,0.0442286947,9600000.0,19100000.0,0.0294344275,0.14,0.14,140000000,140000000,,,4.635,0.1364285714285714,0.1721428571428571,0.1292857142857142,0.4978571428571428,3.277857142857143,2.1414285714285715,3.277857142857143,1.0964285714285715,1593200000.0,1656700000.0,20.85340314136126,2.4552319309600863,66.10788381742739,88.02209944751381,3.4717803443015907,3.4717803443015907,2.5530898443519803,43.82804232804233,68.74273858921161,91.5303867403315,0.0119884509163946,0.0113607833291488,0.2902593157550664,0.1765875646294577,1.67989417989418,2.017895185342991,1.4482758620689655,1.2617801047120418,0.0046447401456188,0.387434554973822,0.0,0.0,0.2109240355296301,0.2489626556016597,0.0092464170134073,0.6451612903225806,0.0,3.172042049738011,0.033044846577498,0.0320900537634408,0.1342857142857142,238900000.0,299800000.0,178200000.0,492000000.0,254850000.0,52900000.0,115750000.0,34.36893203883495,5.87416380401374,19.08696438257096,2.6186440677966103,15.321329639889196,4.715260017050299,0.0416212682501634,0.0428571428571428,1993-03-31,,bmo,,2025-04-25,1993-03-31,,11.26483870967742,237225.8064516129
1992-12-31,RVTY,USD,31791,1992-12-31,1992-12-31 00:00:00,1992,Q4,689200000.0,580400000.0,108800000.0,0.1578641904,0,0.0,0.0,69300000.0,9200000.0,78500000.0,658900000.0,0.0,0.0,6300000.0,36600000.0,0.0531050493,30300000.0,0.0439640163,1100000.0,31400000.0,0.0455600696,5500000.0,25900000.0,0.0375798027,0.23,0.23,112564103,112564103,,,6.12273346148372,0.2300911152821073,0.2212072884372383,0.1590205005231552,0.6200911137718568,4.207380393729962,2.927220945384338,4.207380393729962,0.7204783571188765,1104253850.43,1115553850.43,10.658820950096526,1.602225551987812,44.34754419397591,61.69015924189944,2.331617082833615,2.331617082833615,1.6186213732298318,30.479613399726777,44.80135945502008,62.32144415810056,0.0234547518126511,0.0162100408280484,0.171241554054054,0.1081766039749233,0.3087431693989071,2.051848703782406,0.0,0.9613899613899614,0.0063391221115273,0.2702702702702703,0.0,0.0,0.1922102174203014,0.2811244979919678,0.01015670342426,0.7608695652173914,0.0,4.667099641341662,0.0450562018374538,0.0427675033025099,0.4195387227489389,247500000.0,329500000.0,206700000.0,487800000.0,264600000.0,78700000.0,120900000.0,34.20052234474753,10.808063404548587,17.708476912474154,2.6315387552500957,8.327116212338593,5.08231173380035,0.0546875,0.062186787914083,1992-12-31,,bmo,,2025-04-25,1992-12-31,,9.9540625,342937.5
1992-09-30,RVTY,USD,31791,1992-09-30,1992-09-30 00:00:00,1992,Q3,749000000.0,649700000.0,99300000.0,0.132576769,0,0.0,0.0,58600000.0,8500000.0,67100000.0,716800000.0,0.0,1200000.0,8200000.0,40400000.0,0.0539385848,32200000.0,0.0429906542,-1500000.0,30700000.0,0.040987984,8600000.0,22100000.0,0.029506008,0.2,0.2,113333333,113333333,,,6.608823548849481,0.1950000005735294,0.2876470596695502,0.2435294124809688,0.3405882362958478,3.988235305847751,2.627647066551903,3.988235305847751,0.7394117668806228,1233066663.0400002,1277066663.0400002,13.948717907692307,1.64628392929239,37.824130768098165,44.6763283710145,2.72802359079646,2.72802359079646,1.7050289226168227,31.61056096633664,39.17382401963191,46.270531269565225,0.0179227941703611,0.0223832180589125,0.1827433628318584,0.1106200616043926,1.0891089108910892,1.8733922829581997,26.83333333333333,1.4751131221719458,0.0056769031308836,0.3167420814479638,0.0,0.0,0.2065086380072318,0.1533742331288343,0.0066755674232309,0.5882352941176471,0.0,4.1831067947009,0.043359155556043,0.0372995780590717,0.0721323531533304,217300000.0,297800000.0,171400000.0,470900000.0,261700000.0,86350000.0,128450000.0,32.11882510013351,12.148684008003691,17.67585039248884,2.8020950243172464,7.408209806157355,5.091692789968652,0.0488938053097345,0.0441176471885813,1992-09-30,,bmo,,2025-04-25,1992-09-30,,11.18484375,170731.25
1992-06-30,RVTY,USD,31791,1992-06-30,1992-06-30 00:00:00,1992,Q2,695800000.0,593200000.0,102600000.0,0.1474561656,0,0.0,0.0,59200000.0,9900000.0,69100000.0,662300000.0,0.0,400000.0,9200000.0,42700000.0,0.0613682093,33500000.0,0.048146019,-1200000.0,32300000.0,0.0464213855,10500000.0,21800000.0,0.0313308422,0.2,0.2,111794872,111794872,,,6.223899071148809,0.1949999996422018,0.3899999992844036,0.3381192654346435,0.4812385312270852,3.934885313880944,2.5484174265166653,3.934885313880944,0.9624770624541704,1285641028.0,1339041028.0,14.743589770642204,1.847716338028169,29.487179541284405,34.01166740740741,2.9225756490111388,2.9225756490111388,1.9244625294624893,31.359274660421544,30.71195018348624,35.42436582010582,0.0169565217080175,0.0294016752551863,0.2436917481245737,0.1422505307855626,1.2505854800936769,1.7296105804555475,83.75,2.009216589861752,0.0055225368865561,0.3256880733944954,0.0,0.0,0.2056794055201698,0.1330275229357798,0.0083357286576602,0.58,0.0,4.155034209603455,0.0413268271261982,0.0364183093885733,-0.0284002293056876,198600000.0,284900000.0,157100000.0,453400000.0,250550000.0,75350000.0,124300000.0,33.12589824662259,12.89615643964936,19.61732973701956,2.716907458024209,6.978823529411764,4.587780355761795,0.0495567174357808,0.0518807338497601,1992-06-30,,bmo,,2025-04-25,1992-06-30,,11.932698412698413,171726.9841269841
1992-03-31,RVTY,USD,31791,1992-03-31,1992-03-31 00:00:00,1992,Q1,654800000.0,564000000.0,90800000.0,0.1386682957,0,0.0,0.0,55000000.0,8600000.0,63600000.0,627600000.0,0.0,0.0,7400000.0,34600000.0,0.052840562,27200000.0,0.0415394013,-400000.0,26800000.0,0.0409285278,8700000.0,18100000.0,0.0276420281,0.16,0.16,113125000,113125000,,,5.78828729281768,0.16,0.2360220994475138,0.1953591160220994,0.8220994475138121,3.779889502762431,2.6864088397790056,3.779889502762431,0.9387845303867404,1467231250.0,1480431250.0,20.265625,2.2407319028711057,54.95248127340824,66.39055429864253,3.431317235734331,3.431317235734331,2.2608907299938914,42.787030346820806,55.44686329588015,66.98783936651584,0.0123361603700848,0.0150623836562913,0.2483629560336763,0.1470710427918571,0.3815028901734104,1.862715105162524,0.0,1.4751381215469612,0.0044301128400857,0.3591160220994475,0.0,0.0,0.171305913308406,0.1722846441947565,0.0070250458155161,0.5348837209302325,0.0,3.68884835822032,0.0344139176727825,0.0302473262032085,0.3703867403314917,225600000.0,303900000.0,192600000.0,431000000.0,247350000.0,64450000.0,117500000.0,33.67440439828955,10.48404255319149,19.03723404255319,2.67265306122449,8.584474885844749,4.7275775356244765,0.0423292797006548,0.0406629834254143,1992-03-31,,bmo,,2025-04-25,1992-03-31,,12.69,208819.04761904763
1991-12-31,RVTY,USD,31791,1991-12-31,1991-12-31 00:00:00,1991,Q4,640100000.0,536500000.0,103600000.0,0.161849711,0,0.0,0.0,58900000.0,8300000.0,67200000.0,603700000.0,0.0,300000.0,7300000.0,43700000.0,0.0682705827,36400000.0,0.0568661147,-1300000.0,35100000.0,0.054835182,11400000.0,23700000.0,0.0370254648,0.21,0.21,111232877,111232877,,,5.754593581176544,0.2130665019120201,0.2517241372800238,0.1959852211680185,0.5663793088800535,3.7821551626323577,2.711428564416256,3.7821551626323577,0.5385098508240509,1383736989.88,1380336989.88,14.59638174978903,2.161751273051085,49.41917821,63.47417384770642,3.28912999733777,3.28912999733777,2.156439602999531,31.586658807322653,49.29774963857143,63.31821054495412,0.0171275323080402,0.0157544390006445,0.1416686474922747,0.0853990543057744,-0.0778032036613272,1.8885666942833472,121.33333333333331,1.181434599156118,0.0042638160598074,0.2489451476793249,0.0,0.0,0.1706548216076802,0.2214285714285714,0.0096859865645992,0.7469879518072289,0.0,4.25812609363411,0.0478353012412957,0.0409467864547339,0.2780203194780262,214500000.0,301600000.0,178700000.0,419400000.0,251550000.0,70200000.0,115800000.0,35.108576784877364,10.602050326188255,19.40913327120224,2.5634761714056866,8.488924050632912,4.636992221261885,0.0563346802947468,0.0557389161120052,1991-12-31,,bmo,,2025-04-25,1991-12-31,,10.75421875,255931.25
1991-09-30,RVTY,USD,31791,1991-09-30,1991-09-30 00:00:00,1991,Q3,745900000.0,652000000.0,93900000.0,0.1258881888,0,0.0,0.0,52300000.0,8300000.0,60600000.0,712600000.0,0.0,700000.0,7700000.0,41000000.0,0.0549671538,33300000.0,0.0446440542,-1300000.0,32000000.0,0.0429011932,10400000.0,21600000.0,0.0289583054,0.2,0.2,110769231,110769231,,,6.733819430415654,0.19499999959375,0.3286111104265046,0.2527777772511574,0.3096527771326678,3.512708326015191,2.474513883733652,3.512708326015191,0.5380555544346065,1135384617.75,1159984617.75,13.141025668402778,1.5221673384501944,31.191885103021978,40.54945063392857,2.917976401310717,2.917976401310717,1.555147630714573,28.29230775,31.867709278846156,41.4280220625,0.0190243902042682,0.0246612465610885,0.1513749678745823,0.0875836431226765,0.6,1.725716560509554,47.57142857142857,1.6851851851851851,0.0051084010733683,0.2685185185185185,0.0,0.0,0.1710037174721189,0.2307692307692307,0.0112615632122268,1.0120481927710845,0.0,3.92581300475243,0.0469945640811206,0.038744394618834,-0.0099305555348668,182300000.0,274100000.0,150100000.0,383100000.0,246500000.0,72450000.0,114050000.0,30.57514412119587,10.656441717791411,15.998466257668712,2.943567482241515,8.44559585492228,5.625539257981018,0.0555127216653816,0.0758333331753472,1991-09-30,,bmo,,2025-04-25,1991-09-30,,10.4228125,158062.5
1991-06-30,RVTY,USD,31791,1991-06-30,1991-06-30 00:00:00,1991,Q2,665700000.0,571600000.0,94100000.0,0.1413549647,0,0.0,0.0,55300000.0,8400000.0,63700000.0,635300000.0,0.0,600000.0,7500000.0,37900000.0,0.0569325522,30400000.0,0.045666216,-1500000.0,28900000.0,0.0434129488,9400000.0,19500000.0,0.0292924741,0.18,0.18,111428571,111428571,,,5.97423079220858,0.1750000006730769,0.2862820523831361,0.2270512829245562,0.3562820526523668,3.3420512949053256,2.347692316721893,3.3420512949053256,0.7897435927810651,1135457138.49,1183157138.49,14.557142801153846,1.7056589131590807,35.59426766426332,44.87972879407115,3.049025613560687,3.049025613560687,1.7773128113114016,31.217866450923484,37.08956546990595,46.76510428814229,0.0171736997716464,0.0222817745755207,0.2346938775510204,0.1336391437308868,1.2585751978891822,1.6440345368916798,50.66666666666666,1.635897435897436,0.0051961450591135,0.3025641025641025,0.0,0.0,0.1694189602446483,0.2068965517241379,0.0099143758449752,0.7857142857142857,0.0,3.627578672379486,0.042327921433437,0.0358983799705449,-0.054743589954142,164100000.0,261600000.0,137300000.0,359100000.0,247550000.0,70000000.0,113850000.0,32.392969806219014,10.659552134359693,17.66620013995801,2.778380634390651,8.443131462333826,5.094474153297683,0.0523630504833512,0.0592307694585798,1991-06-30,,bmo,,2025-04-25,1991-06-30,,10.30578125,160206.25
1991-03-31,RVTY,USD,31791,1991-03-31,1991-03-31 00:00:00,1991,Q1,636800000.0,546400000.0,90400000.0,0.141959799,0,0.0,0.0,56600000.0,8700000.0,65300000.0,611700000.0,0.0,0.0,7100000.0,32200000.0,0.0505653266,25100000.0,0.0394158291,-800000.0,24300000.0,0.0381595477,7900000.0,16400000.0,0.0257537688,0.14,0.14,113103448,113103448,,,5.630243916171327,0.1450000003536585,0.0716158538332094,0.0238719512777364,0.2846951226455979,3.2571951298955977,2.2006402492698545,3.2571951298955977,0.8620426850293724,1141213790.32,1206513790.32,17.396551681707315,1.7921070827889447,140.89059139753087,422.6717741925926,3.097757302714441,3.097757302714441,1.8946510526381908,37.469372370186335,148.9523197925926,446.85695937777774,0.0143706640588363,0.0023659020096864,0.264657980456026,0.1439326837909654,2.027950310559006,1.5888230940044412,0.0,0.4939024390243902,0.0051699340211667,0.3597560975609756,0.0,0.0,0.1764098021848243,0.6666666666666666,0.0084798994974874,0.6206896551724138,0.0,3.259846489821709,0.0340227308605608,0.0293959490948198,-0.2424771347377491,159100000.0,248900000.0,120300000.0,363600000.0,245350000.0,67100000.0,114700000.0,36.11023869346734,11.908857979502196,19.024524158125917,2.492367906066536,7.557399723374827,4.730735930735931,0.0445168295331161,0.0477439025554729,1991-03-31,,bmo,,2025-04-25,1991-03-31,,9.15639344262295,268498.3606557377
1990-12-31,RVTY,USD,31791,1990-12-31,1990-12-31 00:00:00,1990,Q4,614100000.0,523600000.0,90500000.0,0.1473701352,0,0.0,0.0,50900000.0,7700000.0,58600000.0,582200000.0,0.0,0.0,6300000.0,38200000.0,0.0622048526,31900000.0,0.0519459371,-1400000.0,30500000.0,0.0496661781,9400000.0,21100000.0,0.0343592249,0.19,0.19,113846154,113846154,,,5.394121614332268,0.1853378375873813,0.2863513509643901,0.23540540508729,0.3004054049994522,3.2464864820993427,2.1107432403908875,3.2464864820993427,0.8397297285949599,882307693.5,943707693.5,10.453882624407584,1.436749215925745,27.064653174846622,32.9219288619403,2.387196140422078,2.387196140422078,1.53673293193291,24.704389882198956,28.94808875766871,35.2129736380597,0.0239145596886943,0.0303748909790051,0.2586580086580086,0.1415876777251185,1.6073298429319371,1.5804575416828228,0.0,1.5450236966824644,0.0060069747085346,0.2511848341232227,0.0,0.0,0.1914988151658767,0.1779141104294478,0.009444715844325,0.7532467532467533,0.0,3.679426266125131,0.0436223059698832,0.0386517677230262,-0.3342229725213203,149700000.0,240300000.0,102000000.0,349500000.0,236100000.0,66600000.0,115450000.0,34.46995603321935,10.639801375095493,19.57792207792208,2.610969387755102,8.45880452342488,4.597014925373134,0.0570887445887445,0.0509459458771,1990-12-31,,bmo,,2025-04-25,1990-12-31,,8.31796875,172000.0
1990-09-30,RVTY,USD,31791,1990-09-30,1990-09-30 00:00:00,1990,Q3,687000000.0,605600000.0,81400000.0,0.1184861718,0,0.0,0.0,47400000.0,7500000.0,54900000.0,660500000.0,0.0,0.0,5300000.0,31800000.0,0.0462882096,26500000.0,0.038573508,-200000.0,26300000.0,0.0382823872,7900000.0,18400000.0,0.026783115,0.17,0.17,111515152,111515152,,,6.1605977993017484,0.1649999992826087,0.1739673905479678,0.1273369559681001,0.3757336940185491,3.103614116940808,1.993451078289343,3.103614116940808,0.971168474038398,979103034.56,1045503034.56,13.303030360869563,1.4251863676273653,50.46922858556701,68.95091792676055,2.828959938052586,2.828959938052586,1.521838478253275,32.87745391698113,53.89190899793814,73.62697426478873,0.0187927106244429,0.01450307015582,0.3129153423865934,0.1644147563382419,2.088050314465409,1.5602094240837696,0.0,1.0543478260869563,0.0055152520310865,0.2934782608695652,0.0,0.0,0.1879459541521178,0.268041237113402,0.0075691411935953,0.6933333333333334,0.0,3.394431816820949,0.037682772264985,0.0343989530753411,-0.3089266290916233,149800000.0,222300000.0,104600000.0,343700000.0,227350000.0,67250000.0,115250000.0,31.048034934497817,10.596103038309115,17.38771466314399,2.8987341772151898,8.493688639551193,5.176068376068376,0.0531638254839641,0.0466304345798676,1990-09-30,,bmo,,2025-04-25,1990-09-30,,9.337619047619048,227612.6984126984
1990-06-30,RVTY,USD,31791,1990-06-30,1990-06-30 00:00:00,1990,Q2,612200000.0,529800000.0,82400000.0,0.1345965371,0,0.0,0.0,48500000.0,7500000.0,56000000.0,585800000.0,0.0,0.0,2300000.0,28700000.0,0.0468801045,26400000.0,0.0431231624,2600000.0,29000000.0,0.0473701405,9100000.0,19900000.0,0.0325057171,0.18,0.18,113714286,113714286,,,5.383668328181738,0.1749999995603015,0.3121859288638544,0.2664572857626701,0.4555276370464129,3.1236180826039748,2.0824120550693164,3.1236180826039748,0.8556532641817757,1076874288.42,1122374288.42,13.528571462562814,1.7590236661548515,30.33448699774648,35.54040555841584,3.0317406768581083,3.0317406768581083,1.8333457831100948,39.10711806341464,31.616177138591556,37.04205572343235,0.0184794086124922,0.0281369889928901,0.2739301801801801,0.1512983983828331,1.5853658536585369,1.6437802907915993,0.0,1.792929292929293,0.0051073742396335,0.2763819095477386,0.0,0.0,0.1841082257813714,0.1464788732394366,0.0084939562234563,0.6933333333333334,0.0,3.507028110715756,0.037352292925702,0.0379264341528492,-0.1413630649714496,159400000.0,236800000.0,119100000.0,347700000.0,222850000.0,59000000.0,113600000.0,32.00424697811173,10.7361268403171,19.28086070215176,2.812126779972439,8.382911392405063,4.66784140969163,0.0560247747747747,0.0457286431011843,1990-06-30,,bmo,,2025-04-25,1990-06-30,,9.545873015873015,270050.79365079367
1990-03-31,RVTY,USD,31791,1990-03-31,1990-03-31 00:00:00,1990,Q1,561000000.0,481800000.0,79200000.0,0.1411764706,0,0.0,0.0,49200000.0,7200000.0,56400000.0,538200000.0,0.0,200000.0,6000000.0,28800000.0,0.0513368984,22800000.0,0.0406417112,-1400000.0,21400000.0,0.0381461676,6700000.0,14700000.0,0.0262032086,0.13,0.13,113076923,113076923,,,4.961224493170901,0.1300000000884353,0.3687755104549493,0.3369387757394141,0.3289795920605303,3.1359183694802164,2.094149661288537,3.1359183694802164,0.823333333893424,1056138460.82,1111838460.82,17.96153844931973,1.8825997519073083,25.32706141055156,27.72016957532808,2.9783938545403275,2.9783938545403275,1.9818867394295896,38.60550211180555,26.66279282541966,29.18211183254593,0.0139186295597896,0.0360748153896589,0.2619853355893965,0.145908591173237,1.9340277777777777,1.6545081967213116,114.0,2.836734693877551,0.0052076505155675,0.3741496598639456,0.0,0.0,0.1850164912831789,0.0863309352517985,0.0064171122994652,0.5,0.0,3.0286236539011364,0.0328199544069376,0.0283291578338793,-0.150782313027743,159700000.0,236800000.0,121600000.0,347800000.0,232750000.0,53400000.0,115350000.0,36.57754010695187,10.236612702366129,21.239103362391035,2.460526315789474,8.791970802919709,4.237467018469657,0.0414551607445008,0.0318367347155351,1990-03-31,,bmo,,2025-04-25,1990-03-31,,9.075079365079365,273784.126984127
1989-12-31,RVTY,USD,31791,1989-12-31,1989-12-31 00:00:00,1989,Q4,422500000.0,338500000.0,84000000.0,0.198816568,0,0.0,0.0,47800000.0,6300000.0,54100000.0,392600000.0,0.0,0.0,6300000.0,36200000.0,0.0856804734,34000000.0,0.0804733728,-2500000.0,27400000.0,0.064852071,8200000.0,19200000.0,0.045443787,0.16,0.16,116500000,116500000,,,3.6266094420600856,0.1648068669527897,0.1047210300429184,0.0515021459227467,0.2454935622317596,2.995708154506438,1.931330472103004,2.995708154506438,0.973390557939914,1005395000.0,1090195000.0,13.091080729166668,2.3796331360946748,82.4094262295082,167.56583333333336,2.880787965616046,2.880787965616046,2.580343195266272,30.115883977900552,89.36024590163935,181.69916666666663,0.0190969718369397,0.0059678036990436,0.3249283667621776,0.1762511656823127,2.342541436464088,1.5897736143637784,0.0,0.6354166666666666,0.0048737063542189,0.2552083333333333,0.0,0.0,0.1927261423686664,0.5081967213114754,0.0146745562130177,0.984126984126984,0.0,3.332948948469721,0.0484539709543383,0.0369657296881016,-0.2504291845493562,151100000.0,225000000.0,112900000.0,348200000.0,224650000.0,53400000.0,113350000.0,50.591715976331365,13.825701624815364,31.107828655834567,1.7789473684210526,6.509615384615385,2.893162393162393,0.0550143266475644,0.0532188841201716,1989-12-31,,bmo,,2025-04-25,1989-12-31,,,
1989-09-30,RVTY,USD,31791,1989-09-30,1989-09-30 00:00:00,1989,Q3,426100000.0,355000000.0,71100000.0,0.1668622389,0,0.0,0.0,43700000.0,6400000.0,50100000.0,405100000.0,0.0,0.0,4700000.0,25700000.0,0.0603144802,21000000.0,0.0492842056,1900000.0,22900000.0,0.0537432528,6400000.0,16500000.0,0.0387233044,0.14,0.14,113793103,113793103,,,3.744515166266272,0.1450000005712121,0.2390303039719375,0.1906969704482002,0.3585454559579063,2.790151526143021,2.385030312425877,2.790151526143021,0.6362424267488338,928551720.48,960151720.48,14.068965461818182,2.17918732804506,34.1379309,42.79040186543779,2.924572347968504,2.924572347968504,2.253348323116639,37.35998912373541,35.29969560588236,44.24662306359447,0.0177696079131387,0.0233697267706127,0.2280314960629921,0.1318281136198106,1.2295719844357975,1.86605415860735,0.0,1.6484848484848484,0.0052770350772351,0.296969696969697,0.0,0.0,0.0839402767662053,0.2022058823529411,0.012907768129547,0.8333333333333334,0.0,3.0170961850596334,0.0371769149061725,0.0327966607036374,0.2003636371529476,179100000.0,271400000.0,154200000.0,292000000.0,210450000.0,53450000.0,109450000.0,44.73597747007745,13.892957746478872,27.8112676056338,2.0118035882908405,6.478102189781022,3.236098450319052,0.0519685039370078,0.0483333335237373,1989-09-30,,bmo,,2025-04-25,1989-09-30,,,
1989-06-30,RVTY,USD,31791,1989-06-30,1989-06-30 00:00:00,1989,Q2,410700000.0,335200000.0,75500000.0,0.1838324811,0,0.0,0.0,43400000.0,6300000.0,49700000.0,384900000.0,0.0,1100000.0,6900000.0,32700000.0,0.0796201607,25800000.0,0.0628195763,-500000.0,25300000.0,0.0616021427,7800000.0,17500000.0,0.0426101777,0.15,0.15,116666667,116666667,,,3.520285704227755,0.1499999995714285,,,0.2905714277412245,2.6854285637559183,2.289428564887347,2.6854285637559183,0.636857141037551,955500002.73,994800002.73,13.650000039,2.326515711541271,0.0,0.0,3.0497925398340247,3.0497925398340247,2.422205996420745,30.42201843211009,0.0,0.0,0.0183150182626896,,0.2336418767954037,0.1367968603999252,1.201834862385321,1.917948717948718,23.454545454545453,0.0,0.0051892551892551,0.2833333341428571,0.0,0.0,0.0863390020556905,0.0,,0.0,,3.010535064864885,0.044042077498449,0.0357946410308856,0.2016428565667347,179000000.0,267100000.0,152200000.0,291800000.0,,,,45.82176771365961,13.988663484486873,29.31980906921241,1.964131994261119,6.433781190019194,3.06959706959707,0.0558570060644749,,1989-06-30,,bmo,,2025-04-25,1989-06-30,,,
1989-03-31,RVTY,USD,31791,1989-03-31,1989-03-31 00:00:00,1989,Q1,390900000.0,0.0,390900000.0,1.0,0,0.0,0.0,0.0,0.0,0.0,0.0,0.0,0.0,0.0,390900000.0,1.0,390900000.0,1.0,-390900000.0,0.0,0.0,0.0,0.0,0.0,0.14,0.14,119284000,119284000,,,3.2770530833976057,0.0,,,,,,,,917293960.0,,0.0,2.346620516756204,0.0,0.0,0.0,0.0,,,0.0,0.0,0.0,,0.0,0.0,,0.0,0.0,0.0,0.0055266579973992,0.0,0.0,0.0,0.0,0.0,,0.0,,,0.0,0.0,,,,,,,,,,0.0,0.0,0.0,0.0,0.0,0.0,,1989-03-31,,bmo,,2025-04-25,1989-03-31,,,
1988-12-31,RVTY,USD,31791,1988-12-31,1988-12-31 00:00:00,1988,Q4,386200000.0,0.0,386200000.0,1.0,0,0.0,0.0,0.0,-1308200000.0,-1308200000.0,-1308200000.0,0.0,0.0,0.0,-922000000.0,-2.3873640601,-922000000.0,-2.3873640601,922000000.0,0.0,0.0,0.0,0.0,0.0,0.0,0.0,119478261,119478261,,,3.232387187155327,0.0,,,0.3506914115531025,2.781259094489164,2.4556768532143267,2.781259094489164,0.4101164478783299,859048696.59,866148696.59,0.0,2.224362238710513,0.0,0.0,2.585160086036714,2.585160086036714,2.2427464955722423,-0.9394237490130152,0.0,0.0,0.0,,0.1474571170628949,0.0908585203040979,-0.007700650759219,2.1039260969976907,0.0,0.0,0.0052155771905424,0.0,0.0,0.0,0.0721305395883552,0.0,,0.0,,0.0,,0.0,0.307168849737443,191200000.0,293400000.0,157400000.0,298500000.0,,,,47.02744691869498,0.0,0.0,1.9137760158572843,0.0,0.0,0.0,,1988-12-31,,bmo,,2025-04-25,1988-12-31,,,
1988-09-30,RVTY,USD,31791,1988-09-30,1988-09-30 00:00:00,1988,Q3,348500000.0,0.0,348500000.0,1.0,0,0.0,0.0,0.0,0.0,0.0,0.0,0.0,0.0,0.0,348500000.0,1.0,348500000.0,1.0,-348500000.0,0.0,0.0,0.0,0.0,0.0,0.13,0.13,111076000,111076000,,,3.137491447297346,0.0,,,,,,,,903047880.0,,0.0,2.59124212338594,0.0,0.0,0.0,0.0,,,0.0,0.0,0.0,,0.0,0.0,,0.0,0.0,0.0,0.0046125461254612,0.0,0.0,0.0,0.0,0.0,,0.0,,,0.0,0.0,,,,,,,,,,0.0,0.0,0.0,0.0,0.0,0.0,,1988-09-30,,bmo,,2025-04-25,1988-09-30,,,
1988-06-30,RVTY,USD,31791,1988-06-30,1988-06-30 00:00:00,1988,Q2,339100000.0,0.0,339100000.0,1.0,0,0.0,0.0,0.0,0.0,0.0,0.0,0.0,0.0,0.0,339100000.0,1.0,339100000.0,1.0,-339100000.0,0.0,0.0,0.0,0.0,0.0,0.16,0.16,111080000,111080000,,,3.052754771335974,0.0,,,,,,,,926407200.0,,0.0,2.731958714243586,0.0,0.0,0.0,0.0,,,0.0,0.0,0.0,,0.0,0.0,,0.0,0.0,0.0,0.0044964028776978,0.0,0.0,0.0,0.0,0.0,,0.0,,,0.0,0.0,,,,,,,,,,0.0,0.0,0.0,0.0,0.0,0.0,,1988-06-30,,bmo,,2025-04-25,1988-06-30,,,
1988-03-31,RVTY,USD,31791,1988-03-31,1988-03-31 00:00:00,1988,Q1,332600000.0,0.0,332600000.0,1.0,0,0.0,0.0,0.0,0.0,0.0,0.0,0.0,0.0,0.0,332600000.0,1.0,332600000.0,1.0,-332600000.0,0.0,0.0,0.0,0.0,0.0,0.14,0.14,111152000,111152000,,,2.9922988340290773,0.0,,,,,,,,1024821440.0,,0.0,3.0812430547203853,0.0,0.0,0.0,0.0,,,0.0,0.0,0.0,,0.0,0.0,,0.0,0.0,0.0,0.0040672451193058,0.0,0.0,0.0,0.0,0.0,,0.0,,,0.0,0.0,,,,,,,,,,0.0,0.0,0.0,0.0,0.0,0.0,,1988-03-31,,bmo,,2025-04-25,1988-03-31,,,
1987-12-31,RVTY,USD,31791,1987-12-31,1987-12-31 00:00:00,1987,Q4,316200000.0,0.0,316200000.0,1.0,0,0.0,0.0,0.0,-1156600000.0,-1156600000.0,-1156600000.0,0.0,0.0,0.0,-840400000.0,-2.6578115117,-840400000.0,-2.6578115117,840400000.0,0.0,0.0,0.0,0.0,0.0,0.0,0.0,111000000,111000000,,,2.848648648648649,0.0,,,0.2891891891891892,2.445045045045045,2.1009009009009008,2.445045045045045,0.7261261261261261,922410000.0,970910000.0,0.0,2.917172675521821,0.0,0.0,3.3987103905674285,3.3987103905674285,3.0705566097406702,-1.1552950975725844,0.0,0.0,0.0,,0.2969786293294031,0.1563530552861299,-0.0577106139933365,1.5545454545454545,0.0,0.0,0.0042117930204572,0.0,0.0,0.0,0.0741028128031037,0.0,,0.0,,0.0,,0.0,-0.3851351351351351,109800000.0,233200000.0,63700000.0,200400000.0,,,,48.27324478178368,0.0,0.0,1.86438679245283,0.0,0.0,0.0,,1987-12-31,,bmo,,2025-04-25,1987-12-31,,,
1987-09-30,RVTY,USD,31791,1987-09-30,1987-09-30 00:00:00,1987,Q3,319200000.0,0.0,319200000.0,1.0,0,0.0,0.0,0.0,0.0,0.0,0.0,0.0,0.0,0.0,319200000.0,1.0,319200000.0,1.0,-319200000.0,0.0,0.0,0.0,0.0,0.0,0.13,0.13,111080000,111080000,,,2.873604609290602,0.0,,,,,,,,1159675200.0,,0.0,3.633067669172932,0.0,0.0,0.0,0.0,,,0.0,0.0,0.0,,0.0,0.0,,0.0,0.0,0.0,0.0033524904214559,0.0,0.0,0.0,0.0,0.0,,0.0,,,0.0,0.0,,,,,,,,,,0.0,0.0,0.0,0.0,0.0,0.0,,1987-09-30,,bmo,,2025-04-25,1987-09-30,,,
1987-06-30,RVTY,USD,31791,1987-06-30,1987-06-30 00:00:00,1987,Q2,303800000.0,0.0,303800000.0,1.0,0,0.0,0.0,0.0,0.0,0.0,0.0,0.0,0.0,0.0,303800000.0,1.0,303800000.0,1.0,-303800000.0,0.0,0.0,0.0,0.0,0.0,0.14,0.14,109724000,109724000,,,2.768765265575444,0.0,,,,,,,,946918120.0,,0.0,3.116912837393022,0.0,0.0,0.0,0.0,,,0.0,0.0,0.0,,0.0,0.0,,0.0,0.0,0.0,0.004055619930475,0.0,0.0,0.0,0.0,0.0,,0.0,,,0.0,0.0,,,,,,,,,,0.0,0.0,0.0,0.0,0.0,0.0,,1987-06-30,,bmo,,2025-04-25,1987-06-30,,,
1987-03-31,RVTY,USD,31791,1987-03-31,1987-03-31 00:00:00,1987,Q1,296600000.0,0.0,296600000.0,1.0,0,0.0,0.0,0.0,0.0,0.0,0.0,0.0,0.0,0.0,296600000.0,1.0,296600000.0,1.0,-296600000.0,0.0,0.0,0.0,0.0,0.0,0.12,0.12,109724000,109724000,,,2.7031460756078887,0.0,,,,,,,,911806440.0,,0.0,3.074195684423466,0.0,0.0,0.0,0.0,,,0.0,0.0,0.0,,0.0,0.0,,0.0,0.0,0.0,0.0042117930204572,0.0,0.0,0.0,0.0,0.0,,0.0,,,0.0,0.0,,,,,,,,,,0.0,0.0,0.0,0.0,0.0,0.0,,1987-03-31,,bmo,,2025-04-25,1987-03-31,,,
1986-12-31,RVTY,USD,31791,1986-12-31,1986-12-31 00:00:00,1986,Q4,283200000.0,0.0,283200000.0,1.0,0,0.0,0.0,0.0,-1084900000.0,-1084900000.0,-1084900000.0,0.0,0.0,0.0,-801700000.0,-2.8308615819,-801700000.0,-2.8308615819,801700000.0,0.0,0.0,0.0,0.0,0.0,0.0,0.0,108192771,108192771,,,2.617550113398982,0.0,,,0.2051893097367845,2.184064589675774,1.9086302910200903,2.184064589675774,0.553641425821324,763840963.26,801540963.26,0.0,2.6971785425847457,0.0,0.0,3.2325051344054168,3.2325051344054168,2.8303000115112997,-0.9998016256205564,0.0,0.0,0.0,,0.2534913245873889,0.1345462713387241,-0.0470250717225895,1.6308641975308642,0.0,0.0,0.0046033994334277,0.0,0.0,0.0,0.0669362084456424,0.0,,0.0,,0.0,,0.0,-0.2844459913130425,102200000.0,206500000.0,55300000.0,178100000.0,,,,50.8792372881356,0.0,0.0,1.768894440974391,0.0,0.0,0.0,,1986-12-31,,bmo,,2025-04-25,1986-12-31,,,
1986-09-30,RVTY,USD,31791,1986-09-30,1986-09-30 00:00:00,1986,Q3,288000000.0,0.0,288000000.0,1.0,0,0.0,0.0,0.0,0.0,0.0,0.0,0.0,0.0,0.0,288000000.0,1.0,288000000.0,1.0,-288000000.0,0.0,0.0,0.0,0.0,0.0,0.085,0.085,109248000,109248000,,,2.636203866432337,0.0,,,,,,,,822637440.0,,0.0,2.85638,0.0,0.0,0.0,0.0,,,0.0,0.0,0.0,,0.0,0.0,,0.0,0.0,0.0,0.0043160690571049,0.0,0.0,0.0,0.0,0.0,,0.0,,,0.0,0.0,,,,,,,,,,0.0,0.0,0.0,0.0,0.0,0.0,,1986-09-30,,bmo,,2025-04-25,1986-09-30,,,
1986-06-30,RVTY,USD,31791,1986-06-30,1986-06-30 00:00:00,1986,Q2,286500000.0,0.0,286500000.0,1.0,0,0.0,0.0,0.0,0.0,0.0,0.0,0.0,0.0,0.0,286500000.0,1.0,286500000.0,1.0,-286500000.0,0.0,0.0,0.0,0.0,0.0,0.11,0.11,108876000,108876000,,,2.631433924831919,0.0,,,,,,,,922179720.0,,0.0,3.218777382198953,0.0,0.0,0.0,0.0,,,0.0,0.0,0.0,,0.0,0.0,,0.0,0.0,0.0,0.0038370720188902,0.0,0.0,0.0,0.0,0.0,,0.0,,,0.0,0.0,,,,,,,,,,0.0,0.0,0.0,0.0,0.0,0.0,,1986-06-30,,bmo,,2025-04-25,1986-06-30,,,
1986-03-31,RVTY,USD,31791,1986-03-31,1986-03-31 00:00:00,1986,Q1,287300000.0,0.0,287300000.0,1.0,0,0.0,0.0,0.0,0.0,0.0,0.0,0.0,0.0,0.0,287300000.0,1.0,287300000.0,1.0,-287300000.0,0.0,0.0,0.0,0.0,0.0,0.12,0.12,108876000,108876000,,,2.638781733348029,0.0,,,,,,,,1115979000.0,,0.0,3.884368256178211,0.0,0.0,0.0,0.0,,,0.0,0.0,0.0,,0.0,0.0,,0.0,0.0,0.0,0.003170731707317,0.0,0.0,0.0,0.0,0.0,,0.0,,,0.0,0.0,,,,,,,,,,0.0,0.0,0.0,0.0,0.0,0.0,,1986-03-31,,bmo,,2025-04-25,1986-03-31,,,
1985-12-31,RVTY,USD,31791,1985-12-31,1985-12-31 00:00:00,1985,Q4,307700000.0,0.0,307700000.0,1.0,0,0.0,0.0,0.0,-1073100000.0,-1073100000.0,-1073100000.0,0.0,0.0,0.0,-765400000.0,-2.4874878128,-765400000.0,-2.4874878128,765400000.0,0.0,0.0,0.0,0.0,0.0,0.0,0.0,107115385,107115385,,,2.872603221283292,0.0,,,0.162441651122292,1.8988868872571387,1.6505565470357035,1.8988868872571387,0.7291202846351157,1027236542.15,1087936542.15,0.0,3.338435301104972,0.0,0.0,5.050327149213373,5.050327149213373,3.5357053693532663,-1.4213960571596551,0.0,0.0,0.0,,0.3839724680432645,0.1817124243834341,-0.0793049385941991,1.456321215409658,0.0,0.0,0.0031282586027111,0.0,0.0,0.0,0.0618892508143322,0.0,,0.0,,0.0,,0.0,-0.4644524220306915,84100000.0,176800000.0,42000000.0,150800000.0,,,,47.32531686707832,0.0,0.0,1.901730531520396,0.0,0.0,0.0,,1985-12-31,,bmo,,2025-04-25,1985-12-31,,,
1985-09-30,RVTY,USD,31791,1985-09-30,1985-09-30 00:00:00,1985,Q3,290400000.0,0.0,290400000.0,1.0,0,0.0,0.0,0.0,0.0,0.0,0.0,0.0,0.0,0.0,290400000.0,1.0,290400000.0,1.0,-290400000.0,0.0,0.0,0.0,0.0,0.0,0.13,0.13,107800000,107800000,,,2.693877551020408,0.0,,,,,,,,926002000.0,,0.0,3.188712121212121,0.0,0.0,0.0,0.0,,,0.0,0.0,0.0,,0.0,0.0,,0.0,0.0,0.0,0.0034924330616996,0.0,0.0,0.0,0.0,0.0,,0.0,,,0.0,0.0,,,,,,,,,,0.0,0.0,0.0,0.0,0.0,0.0,,1985-09-30,,bmo,,2025-04-25,1985-09-30,,,
