date,symbol,reportedCurrency,cik,fillingDate,acceptedDate,calendarYear,period,revenue,costOfRevenue,grossProfit,grossProfitRatio,researchAndDevelopmentExpenses,generalAndAdministrativeExpenses,sellingAndMarketingExpenses,sellingGeneralAndAdministrativeExpenses,otherExpenses,operatingExpenses,costAndExpenses,interestIncome,interestExpense,depreciationAndAmortization,ebitda,ebitdaratio,operatingIncome,operatingIncomeRatio,totalOtherIncomeExpensesNet,incomeBeforeTax,incomeBeforeTaxRatio,incomeTaxExpense,netIncome,netIncomeRatio,eps,epsdiluted,weightedAverageShsOut,weightedAverageShsOutDil,link,finalLink,revenuePerShare,netIncomePerShare,operatingCashFlowPerShare,freeCashFlowPerShare,cashPerShare,bookValuePerShare,tangibleBookValuePerShare,shareholdersEquityPerShare,interestDebtPerShare,marketCap,enterpriseValue,peRatio,priceToSalesRatio,pocfratio,pfcfRatio,pbRatio,ptbRatio,evToSales,enterpriseValueOverEBITDA,evToOperatingCashFlow,evToFreeCashFlow,earningsYield,freeCashFlowYield,debtToEquity,debtToAssets,netDebtToEBITDA,currentRatio,interestCoverage,incomeQuality,dividendYield,payoutRatio,salesGeneralAndAdministrativeToRevenue,researchAndDdevelopementToRevenue,intangiblesToTotalAssets,capexToOperatingCashFlow,capexToRevenue,capexToDepreciation,stockBasedCompensationToRevenue,grahamNumber,roic,returnOnTangibleAssets,grahamNetNet,workingCapital,tangibleAssetValue,netCurrentAssetValue,investedCapital,averageReceivables,averagePayables,averageInventory,daysSalesOutstanding,daysPayablesOutstanding,daysOfInventoryOnHand,receivablesTurnover,payablesTurnover,inventoryTurnover,roe,capexPerShare,report_date,epsEstimated,time,revenueEstimated,updatedFromDate,fiscalDateEnding,surprise(%),QuarterAvgPrice,QuarterAvgVolume
2025-03-31,SBAC,USD,1034054,2025-05-01,2025-05-01 17:02:22,2025,Q1,664248000.0,153666000.0,510582000.0,0.7686617047,0,0.0,0.0,66219000.0,0.0,175672000.0,329338000.0,10780000.0,117930000.0,102074000.0,437469000.0,0.658592875,334910000.0,0.5041942166,-103933000.0,230977000.0,0.3477270538,42019000.0,191784000.0,0.2887234888,1.78,1.77,107744000,108140000,https://www.sec.gov/Archives/edgar/data/1034054/000103405425000004/0001034054-25-000004-index.htm,https://www.sec.gov/Archives/edgar/data/1034054/000103405425000004/sbac-20250331x10q.htm,6.165057915057915,1.77999702999703,2.795283264033264,2.366739679239679,6.517086798336798,-45.5533393970894,-67.85663238788239,-46.13438335313335,136.98268117018117,23704757440.0,37709442440.0,30.900332457347847,35.68660717081572,78.70758675188843,92.9591040070274,-4.768894347539976,-4.768894347539976,56.77012567595236,86.19911911472585,125.20774446750228,147.8790065960267,0.0080905278396301,0.0107574186593322,-2.945485175839313,1.4020155479546568,32.01297691950744,0.694940343227482,2.839905028406682,1.382132662707773,0.0051582472551973,0.6375662203312059,0.0,0.0,0.2301125250732147,0.1533095376442267,0.0695116884055352,0.70982966424794,0.0236553215064253,,0.0270220914588954,0.0238541140772034,-135.05581517300269,-409700000.0,-7311145000.0,-14417700000.0,8481560000.0,137771000.0,62296000.0,0.0,17.593173031759225,38.09476396860724,0.0,5.115620692045253,2.362529403625294,0.0,-0.038582872483027,0.4285435847935848,2025-04-28,3.12,amc,662324030.0,2025-05-11,2025-03-31,-0.4326923076923077,209.349,830855.3666666667
2024-12-31,SBAC,USD,1034054,2025-02-26,2025-02-26 16:04:56,2024,Q4,693700000.0,152129000.0,541571000.0,0.7806991495,0,0.0,0.0,67595000.0,91637000.0,159232000.0,311361000.0,20603000.0,115092000.0,54400000.0,336039000.0,0.4844154534,382339000.0,0.5511590025,-226465000.0,155874000.0,0.2246994378,-22917000.0,173629000.0,0.2502940752,1.61,1.61,107529000,108105000,https://www.sec.gov/Archives/edgar/data/1034054/000103405425000002/0001034054-25-000002-index.htm,https://www.sec.gov/Archives/edgar/data/1034054/000103405425000002/sbac-20241231x10k.htm,6.451282909726678,1.6147178900575658,2.884514875056962,2.3684308419124145,4.132606087660073,-47.018069544029984,-69.23260701764175,-47.52148722670164,32.24675203898483,21914410200.0,25076938200.0,31.55349941542024,31.590615828167795,70.65312845577733,86.04853322862472,-4.288586319442623,-4.288586319442623,36.14954331843737,74.62508280288895,80.8492731381924,98.4664305487386,0.0079230514723138,0.01162134858642,-0.6560488600840166,0.2936209462522606,9.411193343629757,1.100550853867991,3.322029333055295,1.768231363874763,0.0048088449124676,0.606943540537583,0.0,0.0,0.2092175442677696,0.1790926881796698,0.0800764019028398,0.8536412951608194,0.0258541156119359,,0.0396221897988096,0.019230937498927,-148.04839392163976,180784000.0,-7444513000.0,-14494422000.0,8962303000.0,128356500.0,56993500.0,15869000.0,18.90233530344529,35.229377699189506,0.0,4.761316448745667,2.5546860568607364,0.0,-0.0339786901524049,0.5165955230681956,2025-02-24,2.08,amc,682311130.0,2025-05-11,2024-12-31,-0.2259615384615384,225.20390625,907845.859375
2024-09-30,SBAC,USD,1034054,2024-11-01,2024-11-01 14:06:29,2024,Q3,667595000.0,150339000.0,517256000.0,0.7748050839,0,0.0,0.0,60087000.0,81573000.0,141660000.0,276993000.0,6999000.0,102903000.0,63515000.0,457169000.0,0.6847999161,375596000.0,0.5626105648,-77389000.0,298207000.0,0.4466884863,42316000.0,258534000.0,0.387261738,2.41,2.4,107486000,107922000,https://www.sec.gov/Archives/edgar/data/1034054/000103405424000012/0001034054-24-000012-index.htm,https://www.sec.gov/Archives/edgar/data/1034054/000103405424000012/sbac-20240930x10q.htm,6.210994920268687,2.4052806877174704,2.83433191299332,2.231872057756359,1.8847477811063769,-47.68769886310776,-70.87546285097594,-48.14442811156802,136.057226057347,25871880200.0,40206885200.0,25.01787018341881,38.75385555613808,84.92301092069285,107.84668375747722,-4.999540122113637,-4.999540122113637,60.22646245103693,87.94753187552087,131.97686927008283,167.6020142145522,0.009992857032478,0.0092724223421535,-2.8061370644030013,1.423429101706261,31.356030264519248,0.674210854946447,3.6500004858944832,1.1905452300189143,0.004071756640246,0.4074667161765957,0.0,0.0,0.244309187629507,0.2125579761760178,0.0969989289913795,1.0195386916476423,0.0245238505381256,,0.0327947549055745,0.0335353273830332,-139.7922194518356,-217576000.0,-7618120000.0,-14877156000.0,8760876000.0,99834000.0,52588000.0,15869000.5,14.96658902478299,32.589148524335,18.99986031568655,6.013394224360014,2.761655461258679,4.736876929863255,-0.0499596896684195,0.6024598552369611,2024-10-28,2.27,amc,684746890.0,2025-04-25,2024-09-30,0.0572687224669603,221.6571875,852407.15625
2024-06-30,SBAC,USD,1034054,2024-08-02,2024-08-02 14:02:09,2024,Q2,660477000.0,211126000.0,449351000.0,0.6803431459,0,0.0,0.0,62376000.0,-104859000.0,126555000.0,273502000.0,7046000.0,104610000.0,69858000.0,444580000.0,0.6731195787,386975000.0,0.58590231,-207355000.0,147115000.0,0.2227405345,-12337000.0,162830000.0,0.2465339444,1.52,1.51,107462000,107679000,https://www.sec.gov/Archives/edgar/data/1034054/000103405424000009/0001034054-24-000009-index.htm,https://www.sec.gov/Archives/edgar/data/1034054/000103405424000009/sbac-20240630x10q.htm,6.146144683702146,1.515233291768253,3.960404608140552,3.10810332954905,2.8789897824347213,-49.09571755597327,-70.63112542107908,-49.475544843758726,115.24681282685972,20394138360.0,32395199360.0,31.312010010440336,30.877893340721933,47.919346323835214,61.059746050185176,-3.83583446325484,-3.83583446325484,49.04818693156613,72.86697413288947,76.11779178698897,96.990743675955,0.007984156875162,0.0163774018840186,-2.309693663844073,1.2548354423964083,26.994154033019928,0.1870273808579972,3.6992161361246536,2.613725971872505,0.0051646702665598,0.6468648283485844,0.0,0.0,0.2364802683948728,0.2152056072350814,0.1386725048714792,1.3110882075066563,0.0281584370084045,,0.044640276370721,0.0217921985454915,-136.6644255597327,-1999559000.0,-7590162000.0,-14602096000.0,2443923000.0,107587500.0,48249500.0,0.5,12.079905886200429,21.62888512073359,4.262857251120184e-07,7.450389170896785,4.161102132523946,211126000.0,-0.0306259041017796,0.8523012785915021,2024-07-29,2.07,amc,670380000.0,2025-04-25,2024-06-30,-0.2705314009661835,197.80714285714285,891078.3015873015
2024-03-31,SBAC,USD,1034054,2024-05-06,2024-05-06 15:33:14,2024,Q1,657862000.0,219735000.0,438127000.0,0.6659861795,0,0.0,0.0,68698000.0,-68698000.0,68698000.0,288433000.0,7314000.0,104833000.0,81744000.0,438762000.0,0.6669514275,369429000.0,0.5615600232,-151888000.0,171470000.0,0.2606473698,16927000.0,154543000.0,0.2349170495,1.43,1.42,108102000,108616000,https://www.sec.gov/Archives/edgar/data/1034054/000103405424000005/0001034054-24-000005-index.htm,https://www.sec.gov/Archives/edgar/data/1034054/000103405424000005/sbac-20240331x10q.htm,6.085567334554402,1.429603522599027,2.7238441471943164,2.0090007585428578,2.4216573236387857,-47.97545836339753,-70.21231799596677,-48.31381473053227,115.26873693363676,23125179840.0,35220926840.0,37.40897329545822,35.152022521440664,78.53606463510305,106.48079603272906,-4.427719094282399,-4.427719094282399,53.53847287121007,80.27342121696957,119.61476649923758,162.1761366995584,0.0066828885686192,0.0093913648024628,-2.3657617915225875,1.236180007615605,27.567900137204223,0.1854713629407833,3.523976228859233,1.9053143785224824,0.00467607174293,0.6997081718356704,0.0,0.0,0.2404987521092485,0.262439166861944,0.1174653650765662,0.94534155412018,0.0326345038929137,,0.034476162105367,0.02035759595343,-137.13741882666372,-1965693000.0,-7590092000.0,-14733913000.0,2624007000.0,154635500.0,43981500.0,0.5,17.30948131979047,18.74298586934262,0.0,5.199462556806955,4.801796289416752,0.0,-0.0295899533202369,0.7148433886514588,2024-04-29,1.21,amc,669970000.0,2025-04-25,2024-03-31,0.1735537190082644,222.4313114754098,1026552.049180328
2023-12-31,SBAC,USD,1034054,2024-02-28,2024-02-28 17:26:56,2023,Q4,675024000.0,540204000.0,134820000.0,0.199726232,0,0.0,0.0,67524000.0,-67524000.0,67524000.0,607728000.0,5541000.0,103315000.0,395906000.0,463202000.0,0.6862007869,67296000.0,0.0996942331,-71263000.0,138424000.0,0.2050653014,28896000.0,109528000.0,0.1622579345,1.01,1.01,107953000,108581000,https://www.sec.gov/Archives/edgar/data/1034054/000103405424000002/0001034054-24-000002-index.htm,https://www.sec.gov/Archives/edgar/data/1034054/000103405424000002/sbac-20231231x10k.htm,6.252943410558299,1.0145896825470344,4.007401369114337,3.0826285513139977,2.2947208507406,-47.574731596157584,-70.32163997295119,-47.89938213852325,134.93631487777088,27386596570.0,41603385570.0,62.510491769227954,40.57129312439261,63.30536340962203,82.29664903734911,-5.296310488230055,-5.296310488230055,61.63245391274977,89.81693854948813,96.16811770851874,125.01806174668474,0.0039993286394695,0.0121511630388032,-2.797098251323469,1.4209902086183923,30.692417131186826,0.3552274366059567,0.6513671780477182,3.949775399897743,0.0033505076019747,0.8377675115039077,0.0,0.0,0.2412547265342501,0.2307662079789926,0.1478940008058972,0.2521608664683031,0.0327232809500106,,0.0053219997752765,0.0141823400809339,-138.2962446573972,-878992000.0,-7591432000.0,-14830009000.0,3817386000.0,184706500.0,44407500.0,18610500.5,24.365267012728435,7.031010507141746,1.666037274807295e-07,3.6937826272531273,12.80043599829392,540204000.0,-0.0211816862191015,0.924772817800339,2024-02-26,1.37,amc,682170000.0,2025-04-25,2023-12-31,-0.2627737226277373,224.52444444444447,838652.4920634921
2023-09-30,SBAC,USD,1034054,2023-11-07,2023-11-07 14:48:11,2023,Q3,682544000.0,149770000.0,532774000.0,0.7805709229,0,0.0,0.0,64821000.0,-48330000.0,245495000.0,395265000.0,5266000.0,107220000.0,184448000.0,458567000.0,0.6718497269,248604000.0,0.3642314635,-155381000.0,93223000.0,0.1365816709,7861000.0,87419000.0,0.1280781898,0.81,0.8,108373000,108891000,https://www.sec.gov/Archives/edgar/data/1034054/000103405423000008/0001034054-23-000008-index.htm,https://www.sec.gov/Archives/edgar/data/1034054/000103405423000008/sbac-20230930x10q.htm,6.2981000802782985,0.8066492576564274,2.89445710647486,2.3279599162152933,1.768761591909424,-47.34979192234229,-70.63621935352901,-47.6731842802174,137.2473494320541,21693023410.0,36269165410.0,62.037495881902096,31.78260069680489,69.1563193499128,85.98515747875445,-4.198796514691029,-4.198796514691029,53.13820854040179,79.09240178643469,115.624361724172,143.76096132198123,0.0040298209404827,0.0116299141540455,-2.8581683953077586,1.428917008517656,31.78628640961953,0.6936355082123448,2.318634583100168,3.6747147442655983,0.0042470336319062,1.0539013257987393,0.0,0.0,0.2442012579419694,0.1957179427507563,0.0899473147518694,0.3397998605222666,0.031315197262008,,0.0228383523581867,0.0111924098665896,-139.4749914646637,-203165000.0,-7655059000.0,-15005637000.0,8825802000.0,194562000.0,46820000.0,54649000.0,24.613841745001057,28.010749816385125,22.36689590705749,3.6564791848585982,3.213052152832901,4.023803766690847,-0.0169203981197278,0.5664971902595665,2023-11-02,1.19,amc,679710000.0,2025-04-25,2023-09-30,-0.3277310924369747,222.5168253968254,898196.0793650794
2023-06-30,SBAC,USD,1034054,2023-08-03,2023-08-03 15:03:43,2023,Q2,678500000.0,154250000.0,524250000.0,0.77266028,0,0.0,0.0,63383000.0,40732000.0,245203000.0,399453000.0,4683000.0,108806000.0,189475000.0,448259000.0,0.6606617539,241227000.0,0.3555298452,-68435000.0,172792000.0,0.2546676492,-29178000.0,203648000.0,0.3001444363,1.88,1.87,108355000,108884000,https://www.sec.gov/Archives/edgar/data/1034054/000103405423000006/0001034054-23-000006-index.htm,https://www.sec.gov/Archives/edgar/data/1034054/000103405423000006/sbac-20230630x10q.htm,6.26182455816529,1.8794518019473028,4.49386738037008,3.908310645563195,1.8600710627105348,-46.64996539153708,-70.9042868349407,-46.99672373217664,138.41197914263302,25112354800.0,39822009800.0,30.828138258170963,37.01157671333824,51.57250545762969,59.29927813263752,-4.93140758748942,-4.93140758748942,58.69124509948416,88.83705580925313,81.78129188204538,94.03405032055444,0.0081094744647363,0.016863611691246,-2.9237743822572377,1.4040139676947552,32.81508012109071,0.702362846683794,2.217037663364153,2.410917462989553,0.0036689908506708,0.45243262884978,0.0,0.0,0.2478272841547008,0.1303012940178628,0.0935121591746499,0.348960510394896,0.02689756816507,,0.027738671334792,0.0255313397923096,-140.92379447187486,-219772000.0,-7682834000.0,-15140610000.0,9010830000.0,222203000.0,50290000.0,36038500.0,26.855018422991893,27.43876823338736,42.05465153970826,3.351328924166613,3.280030620707253,2.1400724225481085,-0.0399911239059526,0.5855567348068847,2023-07-31,1.22,amc,677260000.0,2025-04-25,2023-06-30,0.5327868852459018,239.19451612903225,768529.8064516129
2023-03-31,SBAC,USD,1034054,2023-05-09,2023-05-08 18:07:35,2023,Q1,675516000.0,164304000.0,511212000.0,0.7567726005,0,0.0,0.0,72209000.0,214862000.0,287071000.0,451375000.0,-2172000.0,115465000.0,182415000.0,441942000.0,0.6542287673,224141000.0,0.3318070927,-80079000.0,144062000.0,0.2132621581,43508000.0,101217000.0,0.1498365694,0.94,0.93,108132000,109271000,https://www.sec.gov/Archives/edgar/data/1034054/000103405423000004/0001034054-23-000004-index.htm,https://www.sec.gov/Archives/edgar/data/1034054/000103405423000004/sbac-20230331x10q.htm,6.247142381533681,0.9360503828653868,2.8776680353641844,2.423269707394666,1.4300669552029002,-48.37578145229904,-73.28869344874782,-48.728905411903966,140.9459549439574,28230021240.0,43202552240.0,69.72648181629567,41.79030732062601,90.72276468017276,107.7346030461812,-5.35760033584139,-5.35760033584139,63.95489113507304,97.75615859094631,138.8399586075689,164.8744709254178,0.0035854383225394,0.0092820688221345,-2.8705372816964543,1.434830089638799,33.87895017898276,0.7382006095966862,1.9412029619365176,3.0742661805823133,0.0033274151372902,0.9280358042621298,0.0,0.0,0.2555495507340538,0.1579050545043192,0.072736989205289,0.2693583312775813,0.0387940478093783,,0.0153425129176004,0.0128977530332025,-142.75516267154958,-167233000.0,-7924853000.0,-15300949000.0,9131691000.0,252933000.0,52490000.0,20979500.0,32.23522462828416,29.334465381244524,0.0,2.791976821561569,3.068063413814352,0.0,-0.0192093455609762,0.4543983279695187,2023-05-01,1.21,amc,675150000.0,2025-04-25,2023-03-31,-0.2314049586776859,275.1875806451613,831926.1129032258
2022-12-31,SBAC,USD,1034054,2023-03-01,2023-02-28 17:37:46,2022,Q4,686094000.0,172154000.0,513940000.0,0.7490810297,0,0.0,0.0,70613000.0,183036000.0,253649000.0,425803000.0,3255000.0,111784000.0,183027000.0,443327000.0,0.6461607302,234664000.0,0.3420289348,-105837000.0,128828000.0,0.1877701889,26248000.0,103279000.0,0.1505318513,0.96,0.95,107978000,109298000,https://www.sec.gov/Archives/edgar/data/1034054/000103405423000002/0001034054-23-000002-index.htm,https://www.sec.gov/Archives/edgar/data/1034054/000103405423000002/sbac-20221231x10k.htm,6.354016558928671,0.956481875937691,2.673081553649818,2.060966122728704,1.3432273240845358,-48.57081998184815,-74.2841319528052,-48.86472244346071,141.53752616273687,30267313180.0,45294760180.0,73.26589427666806,44.11540281652368,104.8639910059106,136.00902843995885,-5.736449241563477,-5.736449241563477,66.0183009616758,102.17009155769894,156.9280132624708,203.5362798430837,0.0034122288749516,0.0073524530795501,-2.875331552418686,1.4332636973253103,33.89698123507028,0.6928213857202725,2.0992628640950404,2.8137453694677323,0.0025328974377103,0.7422999835397321,0.0,0.0,0.2623014875426557,0.2289924263946728,0.0963351960518529,0.3611038265696366,0.0375589933740857,,0.0179028809866932,0.0132263670846732,-143.22977597288337,-214031000.0,-8021052000.0,-15346888000.0,9165904000.0,231274000.0,51370500.0,74917000.0,34.61993546073862,26.88540492814573,21.935650638381915,2.5996582258816217,3.347541174869232,4.102909983555375,-0.0195740777417572,0.6121154309211135,2023-02-21,1.09,amc,679796273.0,2025-04-25,2022-12-31,-0.1376146788990827,278.3153968253968,757213.8253968254
2022-09-30,SBAC,USD,1034054,2022-11-03,2022-11-03 15:43:02,2022,Q3,675584000.0,177553000.0,498031000.0,0.7371859014,0,0.0,0.0,65843000.0,173825000.0,239668000.0,417221000.0,2858000.0,98489000.0,174130000.0,425039000.0,0.6291430821,242987000.0,0.35966956,-140342000.0,102645000.0,0.1519352146,2883000.0,100009000.0,0.1480334052,0.93,0.91,107916000,109358000,https://www.sec.gov/Archives/edgar/data/1034054/000103405422000008/0001034054-22-000008-index.htm,https://www.sec.gov/Archives/edgar/data/1034054/000103405422000008/sbac-20220930x10q.htm,6.260276511360688,0.9267300492976018,3.080812854442344,2.549130805441269,2.060398828718633,-49.33665999481078,-74.37408725304867,-49.71301753215464,136.5053096853108,30718289400.0,45149696400.0,76.78881250687438,45.4692375781546,92.3944470010738,111.66551335553196,-5.7258644542324735,-5.7258644542324735,66.8306182502842,106.2248320742332,135.80122176804454,164.12580663923342,0.00325568259019,0.0089553163725321,-2.7275082341844943,1.4717419772730471,33.95313606516108,0.3978336693586234,2.4671486155814355,3.332621639502015,0.0024957118868734,0.7665710086092252,0.0,0.0,0.2717597798515043,0.1725784960402323,0.0849294832322849,0.3300848554580756,0.0377332796513831,,0.0247824187430693,0.0138125564451115,-137.52672680603433,-801932000.0,-8026154000.0,-14736782000.0,7873067000.0,184274500.0,46384500.0,112205500.0,26.461239460970063,26.01059965193492,54.68085585712436,3.401201222367103,3.4601278403554585,1.6459142526071842,-0.0186415972174327,0.531682049001075,2022-10-31,0.94,amc,650201681.0,2025-04-25,2022-09-30,-0.0319148936170211,324.520625,515287.78125
2022-06-30,SBAC,USD,1034054,2022-08-04,2022-08-04 13:41:56,2022,Q2,652006000.0,166012000.0,485994000.0,0.7453827112,0,0.0,0.0,63274000.0,176392000.0,239666000.0,405678000.0,1517000.0,95844000.0,176296000.0,422720000.0,0.648337592,176782000.0,0.2711355417,-165390000.0,65588000.0,0.1005941663,-3563000.0,69516000.0,0.1066186507,0.64,0.64,107850000,109347000,https://www.sec.gov/Archives/edgar/data/1034054/000103405422000006/0001034054-22-000006-index.htm,https://www.sec.gov/Archives/edgar/data/1034054/000103405422000006/sbac-20220630x10q.htm,6.045489105238757,0.6445618915159944,3.450301344459898,2.959221140472879,2.075707000463607,-50.05776541492814,-76.02496059341678,-50.42754751970329,137.9696337505795,34517392500.0,49118506500.0,124.13470460037978,52.94029886228041,92.76001370544051,108.15345822680102,-6.346729431466969,-6.346729431466969,75.33443940699932,116.19631552800908,131.9981900756487,153.9031762295082,0.0020139412326698,0.0092461213575156,-2.71837441582051,1.476655416429408,34.54086392884179,0.3754354422697618,1.8444764408831016,5.381194776648204,0.0022181571218046,1.101401116289775,0.0,0.0,0.2797222954958666,0.1423296561546833,0.0812308475688874,0.3002573812871332,0.0366561043916773,,0.0193888418101416,0.0096397705014647,-139.0922160407974,-823301000.0,-8199292000.0,-14915768000.0,8013910000.0,169764500.0,41019000.0,99963500.0,23.4547228092993,22.47397778473845,63.17760161916007,3.837180286961946,4.004631528163069,1.424555502162422,-0.0127819400946307,0.491080203987019,2022-08-01,0.9,amc,626209586.0,2025-04-25,2022-06-30,-0.2888888888888889,337.0033870967742,716622.4193548387
2022-03-31,SBAC,USD,1034054,2022-04-29,2022-04-29 15:20:03,2022,Q1,619770000.0,152928000.0,466842000.0,0.7532503993,0,0.0,0.0,62124000.0,174323000.0,236447000.0,389375000.0,2502000.0,93778000.0,174455000.0,399482000.0,0.6445649192,336177000.0,0.5424221889,12004000.0,228783000.0,0.3691417784,40477000.0,188623000.0,0.3043435468,1.75,1.72,108086000,109544000,https://www.sec.gov/Archives/edgar/data/1034054/000103405422000004/0001034054-22-000004-index.htm,https://www.sec.gov/Archives/edgar/data/1034054/000103405422000004/sbac-20220331x10q.htm,5.73404511222545,1.745119626963714,3.0020724238106693,2.6504265122217494,2.4385119256888035,-49.85946376033899,-76.7805173658013,-50.19287419277242,139.0591565975242,37192392600.0,51865393600.0,49.29461491970757,60.00999177114091,114.62081902848232,129.8281610198482,-6.855554808007968,-6.855554808007968,83.68490504542008,129.83161594264573,159.84058776758033,181.0474723709656,0.0050715478842304,0.0077024891375232,-2.753210189511916,1.4727295136115794,36.73006793797968,0.842468010538991,3.584817334556079,1.7231633617622382,0.0020669011759141,0.4075483901751112,0.0,0.0,0.2869020222636337,0.117134386499097,0.0613259757652032,0.218032043964365,0.0399293286219081,,0.0265584209456603,0.0260805985804537,-139.69188655330015,-100866000.0,-8298899000.0,-14991787000.0,8863397000.0,160202500.0,37324500.0,81689500.0,24.63008858124788,23.8835922787194,49.07662429378531,3.654067247996887,3.76827735751423,1.8338669640608696,-0.034768274481779,0.3516459115889199,2022-04-25,1.0,amc,603502309.0,2025-04-25,2022-03-31,0.72,324.4095161290322,760129.6451612903
2021-12-31,SBAC,USD,1034054,2022-03-01,2022-03-01 15:58:55,2021,Q4,595262000.0,139929000.0,455333000.0,0.7649287205,0,0.0,0.0,63483000.0,-24892000.0,233378000.0,373307000.0,1324000.0,94732000.0,170626000.0,381026000.0,0.6400979737,197376000.0,0.3315783638,-149030000.0,48348000.0,0.0812213781,-554000.0,48902000.0,0.0821520608,0.45,0.44,108855000,110727000,https://www.sec.gov/Archives/edgar/data/1034054/000103405422000002/0001034054-22-000002-index.htm,https://www.sec.gov/Archives/edgar/data/1034054/000103405422000002/sbac-20211231x10k.htm,5.468393734784805,0.4492398144320426,2.7427862753203804,2.34512884111892,3.381360525469661,-48.37769509898489,-74.12981489136925,-48.536162785356666,134.28208166827432,42346772100.0,56502038100.0,216.48793556500755,71.13972015683851,141.83387291252183,165.88427602740532,-8.015054707154706,-8.015054707154706,94.9196120363806,148.28919312592842,189.2447167460461,221.3344540679022,0.0011547987620997,0.0060282989078168,-2.748709733346153,1.4816353777033962,37.1503939363718,0.9969415784700104,2.0835198243465776,6.105394462394176,0.001490644903251,1.2908265510613064,0.0,0.0,0.285996029871964,0.1449830188300074,0.0727192395953378,0.2547867800700432,0.0423796580329334,,0.0206101786233089,0.00698754524572,-133.63359974277708,-1885000.0,-8069401000.0,-14453407000.0,8609724000.0,133865000.0,34428000.0,79216000.0,22.799137186650587,21.910683275089507,51.44694809510537,3.947517805748239,4.107585275641402,1.7493749062359354,-0.0092557752539839,0.3976574342014606,2022-02-28,0.69,amc,591239724.0,2025-04-25,2021-12-31,-0.3623188405797101,351.165,522142.203125
2021-09-30,SBAC,USD,1034054,2021-11-05,2021-11-05 11:35:34,2021,Q3,589305000.0,140023000.0,449282000.0,0.7623929884,0,0.0,0.0,51000000.0,-69804000.0,221916000.0,361939000.0,945000.0,101019000.0,171323000.0,392145000.0,0.6654364039,211776000.0,0.3593656935,-174812000.0,36964000.0,0.0627247351,-10834000.0,47798000.0,0.0811091031,0.44,0.43,109577000,111565000,https://www.sec.gov/Archives/edgar/data/1034054/000103405421000011/0001034054-21-000011-index.htm,https://www.sec.gov/Archives/edgar/data/1034054/000103405421000011/sbac-20210930x10q.htm,5.377999032643712,0.436204677988994,2.3088056800240926,1.9896146089051536,1.713918066747584,-45.11099957107787,-71.63896620641194,-45.249504914352464,129.58337972384714,36222868890.0,50133401890.0,189.45807821456964,61.46709919311731,143.17792218726285,166.14775470607665,-7.305494294925382,-7.305494294925382,85.0720796361816,127.84404210177358,198.1620046878953,229.9528561665199,0.0013195531294097,0.0060187391744718,-2.843378735273445,1.458235356299212,35.47293220619924,0.6820466737834953,2.096397707361981,5.292941127243818,0.0017547754208266,1.3298255157119545,0.0,0.0,0.3006651164108869,0.1382494308120415,0.0593512697160214,0.2046385358889747,0.0290358982190885,,0.0293236551838431,0.0070694268954436,-130.46971535997517,-188236000.0,-7849983000.0,-14207422000.0,8562033000.0,118074500.0,34696000.0,77443000.0,17.85873189604704,22.36132635352764,50.42000242817251,5.039551549565575,4.02480597872952,1.785005864055887,-0.0096399878587541,0.3191910711189392,2021-11-01,0.83,amc,576930000.0,2025-04-25,2021-09-30,-0.4819277108433735,345.9528125,499598.171875
2021-06-30,SBAC,USD,1034054,2021-08-05,2021-08-05 15:49:31,2021,Q2,575528000.0,135759000.0,439769000.0,0.7641139962,0,0.0,0.0,53945000.0,108849000.0,229414000.0,365173000.0,547000.0,102356000.0,175791000.0,378708000.0,0.6580183762,199764000.0,0.3470969266,155000.0,199919000.0,0.3473662446,47250000.0,152669000.0,0.2652677194,1.4,1.37,109412000,111301000,https://www.sec.gov/Archives/edgar/data/1034054/000103405421000007/0001034054-21-000007-index.htm,https://www.sec.gov/Archives/edgar/data/1034054/000103405421000007/sbac-20210630x10q.htm,5.260190838299272,1.395358827185318,3.224362958359229,2.942501736555405,2.502495155924396,-44.09539173034037,-71.9864457280737,-44.23410594815925,131.0838847658392,34869604400.0,48835595400.0,57.10000786014187,60.58715544682448,98.84122976098688,108.30919691251611,-7.204847779075826,-7.204847779075826,84.85355256390653,128.95316549954055,138.42916742255883,151.68924940595443,0.0043782831100888,0.0092328262835124,-2.9422630379883885,1.429653264912458,36.87799307117885,0.7703216902074421,1.9516589159404432,2.310776909523217,0.0018205253857138,0.4158080553353988,0.0,0.0,0.3063775204654713,0.0874160959680711,0.0535838395351746,0.1757518422057457,0.0376054683699142,,0.0158893288196858,0.022098088829196,-131.46130451869996,-143780000.0,-7876181000.0,-14302652000.0,8842309000.0,121976000.0,34106000.0,75352000.0,18.642307585382465,22.93903166640886,50.67641924292312,4.827728519540655,3.9234437315762096,1.775973941027184,-0.0315448633418888,0.281861221803824,2021-08-02,0.68,amc,523207272.0,2025-04-25,2021-06-30,1.0147058823529411,299.82492063492066,636808.1587301587
2021-03-31,SBAC,USD,1034054,2021-05-06,2021-05-06 15:47:26,2021,Q1,548739000.0,129774000.0,418965000.0,0.7635050543,0,0.0,0.0,51601000.0,-88436000.0,235482000.0,365256000.0,632000.0,101899000.0,184301000.0,357460000.0,0.651420803,173579000.0,0.3163234252,-206246000.0,-32667000.0,-0.0595310339,-20922000.0,-11745000.0,-0.0214036181,-0.11,-0.11,106772727,109469000,https://www.sec.gov/Archives/edgar/data/1034054/000103405421000005/0001034054-21-000005-index.htm,https://www.sec.gov/Archives/edgar/data/1034054/000103405421000005/sbac-20210331x10q.htm,5.139318020790085,-0.1100000002809706,2.674063012364571,2.4442665026247763,1.6541864665496462,-47.123456910489885,-75.07158639865028,-47.25155141911848,134.9874579863451,29634770378.85,43769228378.850006,-630.7954529342273,54.00521992942,103.79336564495284,113.55144772550491,-5.8738812094897765,-5.8738812094897765,79.7632907062374,122.44510820469424,153.2981516997237,167.71040182561185,-0.0003963249875012,0.0088065808057098,-2.8365863080720457,1.4657795494629977,39.5413696637386,0.6953495588161865,1.7034416431957131,-24.30966368667518,0.0021397837469075,-5.399063431247339,0.0,0.0,0.3056393942311434,0.0859353383511314,0.0447134247793577,0.1334341231557365,0.0372162357696464,,0.0065979935546613,-0.0017324639103207,-135.6868289970715,-170837000.0,-8015598000.0,-14405033000.0,8681802000.0,116811500.0,71789500.0,59309500.0,20.45874268094668,23.30898330944565,51.501687549123865,4.399097315194125,3.861172270157691,1.7475155530419326,0.0023279658969348,0.2297965097397952,2021-04-26,2.45,amc,539430000.0,2025-04-25,2021-03-31,-1.0448979591836731,264.9226229508197,808120.344262295
2020-12-31,SBAC,USD,1034054,2021-02-25,2021-02-25 16:36:03,2020,Q4,535905000.0,127992000.0,407913000.0,0.7611666247,0,47411000.0,1000.0,47412000.0,77986000.0,227795000.0,355787000.0,641000.0,98348000.0,180383000.0,356303000.0,0.6648622424,165100000.0,0.3080769913,-24570000.0,140532000.0,0.262233045,34347000.0,105781000.0,0.1973875967,0.96,0.94,110707000,112538000,https://www.sec.gov/Archives/edgar/data/1034054/000103405421000003/0001034054-21-000003-index.htm,https://www.sec.gov/Archives/edgar/data/1034054/000103405421000003/sbac-20201231x10k.htm,4.840750810698511,0.9555041686614216,2.1961122602906773,1.896266722068162,2.787176962613024,-43.44068577416062,-71.94972314307135,-43.57793093480991,122.16521087194126,31233765910.0,44351401910.0,73.81705105359185,58.28228120655713,128.46793176349613,148.78181255656648,-6.47414858732165,-6.47414858732165,82.75982106903275,124.47664462550132,182.4222186529563,211.2675744772067,0.003386751386458,0.0067212516289234,-2.782987748482604,1.466059140744209,36.81595720496319,0.7693383712778606,1.678732663602717,2.289636012619485,0.0016485363996249,0.4867603822992787,0.0884690383556787,0.0,0.3446324302922313,0.1365347043701799,0.0619419486662748,0.1840251021437718,0.0316753902277455,,0.0141707156938663,0.0176246795164438,-122.43854950454804,-141811000.0,-7965338000.0,-13494216000.0,8065225000.0,102017500.0,69599500.0,58936500.0,18.286002183222777,77.32678604912807,31.19046502906432,4.921797509275927,1.1638916421900718,2.8854972157720318,-0.0219263317042473,0.2998455382225153,2021-02-22,0.52,amc,382606679.0,2025-04-25,2020-12-31,0.8076923076923075,293.54921875,595386.875
2020-09-30,SBAC,USD,1034054,2020-11-05,2020-11-05 14:54:19,2020,Q3,522940000.0,121519000.0,401421000.0,0.7676234367,0,0.0,0.0,48152000.0,-42262000.0,228454000.0,349973000.0,756000.0,98114000.0,180302000.0,348958000.0,0.6673002639,160337000.0,0.3066068765,-147102000.0,13235000.0,0.0253088308,-9441000.0,22568000.0,0.0431560026,0.2,0.2,111783000,113703000,https://www.sec.gov/Archives/edgar/data/1034054/000103405420000010/0001034054-20-000010-index.htm,https://www.sec.gov/Archives/edgar/data/1034054/000103405420000010/c054-20200930x10q.htm,4.6781710993621575,0.2018911641305028,2.598695687179625,2.344703577467057,2.432158736122666,-39.99896227512234,-67.40472164819337,-40.13488634228818,117.41424903607884,35600649840.0,48355578840.0,394.3708995037221,68.07788625846177,122.55378787565836,135.8295364329373,-7.935241108791508,-7.935241108791508,92.46869399931158,138.57134337083545,166.46211174222864,184.49426870865096,0.0006339210127182,0.0073621689822502,-2.9036217919141367,1.4418662438810796,36.55147324319832,0.8319141293936667,1.634190839227837,12.810460398659377,0.0014614339972396,2.3053881602268698,0.0,0.0,0.3390819953596596,0.0977383042445523,0.0542930355298887,0.1574691351177468,0.0326175087008069,,0.0314436719784529,0.0037794849396702,-117.42296011021354,-92657000.0,-7534702000.0,-13047295000.0,7978880000.0,102661500.0,27791500.0,63114500.0,16.375855738708076,21.648466494951407,54.447781828356064,5.495895996889155,4.157338351009237,1.652959899885739,-0.0050303160798484,0.2539921097125681,2020-11-02,0.46,amc,1202762000.0,2025-04-25,2020-09-30,-0.5652173913043478,305.62578125,528034.859375
2020-06-30,SBAC,USD,1034054,2020-08-06,2020-08-06 12:53:26,2020,Q2,507226000.0,111502000.0,395724000.0,0.7801729407,0,49088000.0,0.0,49088000.0,-31588000.0,227794000.0,339296000.0,699000.0,98024000.0,178706000.0,341923000.0,0.6741038511,157054000.0,0.3096331813,-134101000.0,22953000.0,0.0452520178,-165000.0,22813000.0,0.0449760068,0.2,0.2,111738000,113634000,https://www.sec.gov/Archives/edgar/data/1034054/000103405420000008/0001034054-20-000008-index.htm,https://www.sec.gov/Archives/edgar/data/1034054/000103405420000008/sbac-20200630x10q.htm,4.539422577815962,0.2041651005029623,2.8161950276539764,2.5684010811004314,3.878179312319891,-38.399139057437935,-66.80994827185022,-38.52755553169021,116.53192289104872,33288984960.0,46004517960.0,364.8027984044185,65.62949249446991,105.78812797925484,115.99434457189848,-7.732647345221547,-7.732647345221547,90.69826460000078,134.54642700257077,146.19646226594975,160.30119015429216,0.0006853017605496,0.0086211099660997,-3.0018685284432585,1.3761744666626696,37.18829385563416,1.1292424442558613,1.6021994613564026,13.611731118608876,0.001561177069906,2.278087055626178,0.0967773733996285,0.0,0.338060147559155,0.0879889155830123,0.0545871071277891,0.1549360402001052,0.0366286428534814,,0.0173985587807472,0.0036700615768539,-117.58628667060444,71427000.0,-7465210000.0,-13057096000.0,8280130000.0,118097500.0,26646000.0,53821000.0,19.548445860425137,21.271098276264105,42.54784667539596,4.603946556293796,4.231093234166888,2.1152656839868724,-0.0052991968393901,0.2477939465535449,2020-08-03,0.3,amc,760839000.0,2025-04-25,2020-06-30,-0.3333333333333332,295.17380952380955,863916.7142857143
2020-03-31,SBAC,USD,1034054,2020-05-06,2020-05-06 16:58:57,2020,Q1,517067000.0,115514000.0,401553000.0,0.7765976169,0,49617000.0,0.0,49617000.0,-226299000.0,232196000.0,347710000.0,885000.0,98257000.0,182579000.0,-107743000.0,-0.2083733829,151203000.0,0.292424386,-345674000.0,-194471000.0,-0.3761040639,-66538000.0,-127058000.0,-0.2457283099,-1.14,-1.14,111454385,111908000,https://www.sec.gov/Archives/edgar/data/1034054/000103405420000006/0001034054-20-000006-index.htm,https://www.sec.gov/Archives/edgar/data/1034054/000103405420000006/sbac-20200331x10q.htm,4.639270137285312,-1.1400000098695084,2.491979117735027,2.139449246433866,1.6521288058787458,-38.60549766615283,-68.1635002516949,-38.735398342559606,117.15094924259822,30089340318.450005,42863933318.450005,-59.20394685586505,58.19234319430558,108.33557876896543,126.18668119844332,-6.969594003203444,-6.969594003203444,82.89821883517997,-397.8349713526634,154.33003765527002,179.75992266104987,-0.0042226914467144,0.0079247666275284,-3.001630675224624,1.384553366194056,-118.56541028187446,0.3874819528577257,1.538852193736833,-2.170995755590817,0.001734866881345,-0.4108438665806167,0.0959585508261018,0.0,0.3519812272063193,0.1414658207977187,0.0759882181612827,0.215199995618335,0.031481413433849,,0.0109378497474837,-0.0209489223072272,-119.83499123879244,-624494000.0,-7597121000.0,-13267196000.0,7788016000.0,142230500.0,29392500.0,44903500.0,21.93539715356037,20.988884464220785,42.79663071142891,4.102957396665688,4.287983963769999,2.1029692876258443,0.0294304449843997,0.3525298713011605,2020-05-05,2.26,amc,181427017.0,2025-04-25,2020-03-31,-1.5044247787610618,263.83854838709675,909595.5
2019-12-31,SBAC,USD,1034054,2020-02-24,2020-02-24 15:56:25,2019,Q4,513659000.0,121259000.0,392400000.0,0.7639309347,0,43962000.0,0.0,43962000.0,35349000.0,223449000.0,344708000.0,808000.0,98594000.0,179487000.0,340625000.0,0.6631344919,153920000.0,0.2996540506,-69570000.0,84350000.0,0.1642140019,16794000.0,67350000.0,0.1311181153,0.6,0.59,112288000,114306000,https://www.sec.gov/Archives/edgar/data/1034054/000103405420000003/0001034054-20-000003-index.htm,https://www.sec.gov/Archives/edgar/data/1034054/000103405420000003/sbac-20191231x10k.htm,4.574478127671702,0.5997969506982046,2.360546095753776,1.978893559418638,0.9645643345682532,-32.51420454545455,-64.81305215161015,-32.6571583784554,115.41245725277857,27060285120.0,39812816120.0,100.44649265033408,52.68141922948882,102.09078332912048,121.78017299262848,-7.379392818175695,-7.379392818175695,77.50826155095112,116.88166200366972,150.20246705475344,179.17075200489637,0.0024888873011253,0.0082115173219579,-3.507176288455408,1.317716982100609,37.438623119266055,0.3188717276562945,1.561149765705824,3.923574515957132,0.0015341301769698,0.616391982182628,0.0855859626717335,0.0,0.3715978406017003,0.161679764280675,0.0834308364109263,0.2387638101923816,0.0244929028791474,,0.012672453034047,0.0109812742778283,-117.25491147762897,-714022000.0,-7277728000.0,-13076625000.0,8279570000.0,154733000.0,33488000.0,34363000.0,27.760479228437543,23.636513578373563,25.88690324017186,3.242018960097956,3.8076681529862464,3.476661505820288,-0.0183664770751732,0.3816525363351382,2020-02-20,0.39,amc,339536644.0,2025-04-25,2019-12-31,0.5128205128205127,237.12109375,618992.390625
2019-09-30,SBAC,USD,1034054,2019-11-07,2019-11-07 16:05:37,2019,Q3,507547000.0,123509000.0,384038000.0,0.7566550487,0,42272000.0,0.0,42272000.0,-33551000.0,217259000.0,340768000.0,1311000.0,97229000.0,174987000.0,336818000.0,0.6636193298,153847000.0,0.303118726,-135083000.0,18764000.0,0.0369699752,-3002000.0,21679000.0,0.0427132857,0.19,0.19,113037000,115184000,https://www.sec.gov/Archives/edgar/data/1034054/000103405419000011/0001034054-19-000011-index.htm,https://www.sec.gov/Archives/edgar/data/1034054/000103405419000011/sbac-20190930x10q.htm,4.490096163203199,0.191786760087405,2.112060652706636,1.7706149313941453,1.145058697594593,-31.372886753894743,-60.22967700841318,-31.49742119836868,109.23361377248158,27258872550.0,39380305550.0,314.3465167904424,53.707090279323886,114.17759224431497,136.1956209248295,-7.656182342079792,-7.656182342079792,77.58947555595836,116.91864909238818,164.9499061744736,196.75887756376628,0.0007953006845838,0.0073423799767536,-3.4407090378707403,1.3313799879971369,35.9880796156975,0.6454037228120246,1.5823159756862664,10.968528898281724,0.0015361236941547,1.9315005304672723,0.0832868680141937,0.0,0.3545088661859,0.1616647329113977,0.0760441890110669,0.2205649562538931,0.0250853615527231,,0.0194499358312865,0.0036501223301987,-110.47538416624646,-180898000.0,-6808182000.0,-12418181000.0,8293975000.0,147039500.0,38200000.0,41692000.0,26.780810447111303,25.598944206495077,24.66476127245788,3.3606152501522897,3.51576999715343,3.6489305128811154,-0.0060889670579551,0.3414457213124906,2019-10-28,0.34,amc,908242000.0,2025-04-25,2019-09-30,-0.4411764705882353,247.4009375,628759.734375
2019-06-30,SBAC,USD,1034054,2019-08-06,2019-08-06 15:03:11,2019,Q2,500147000.0,124448000.0,375699000.0,0.7511771539,0,55524000.0,0.0,55524000.0,12762000.0,227088000.0,351536000.0,1581000.0,98098000.0,171564000.0,317305000.0,0.6344234795,136452000.0,0.2728237898,-88871000.0,47581000.0,0.0951340306,15608000.0,31973000.0,0.0639272054,0.28,0.28,113205000,114940000,https://www.sec.gov/Archives/edgar/data/1034054/000103405419000008/0001034054-19-000008-index.htm,https://www.sec.gov/Archives/edgar/data/1034054/000103405419000008/sbac-20190630x10q.htm,4.418064573119562,0.2824345214433991,2.285702928315887,1.964065191466808,1.1251534826200256,-29.498220043284302,-58.10147078309262,-29.498220043284302,108.28067664855791,25469992950.0,37527972950.0,199.152354721171,50.92501394589991,98.43361410302492,114.553224087217,-7.627239869722994,-7.627239869722994,75.03388593753436,118.2709788689116,145.03396269801704,168.78490321216864,0.0012553203317631,0.0087295666094795,-3.641376485096184,1.3118212961659392,38.00122910133783,0.2210773748755372,1.3909763705682072,8.092859600287742,0.0,0.0,0.1110153614837237,0.0,0.3493242022285117,0.1407172090758368,0.0728005966245923,0.2122298384276421,0.0489596058758724,,0.0099149675959936,0.0053011050200086,-109.08821827657788,-1112409000.0,-6577377000.0,-12293032000.0,7389803000.0,139775000.0,37907500.0,37534000.0,25.74161196608197,29.846200822833637,35.82411931087683,3.496284541876673,3.01545917131088,2.5122739018087854,-0.009574629283698,0.3216377368490791,2019-07-29,0.22,amc,392972642.0,2025-04-25,2019-06-30,0.2727272727272728,211.0373015873016,638388.6349206349
2019-03-31,SBAC,USD,1034054,2019-05-09,2019-05-08 18:27:20,2019,Q1,493293000.0,123815000.0,369478000.0,0.749003128,0,50959000.0,0.0,50959000.0,-508000.0,221997000.0,345812000.0,1800000.0,99308000.0,171038000.0,315771000.0,0.6401286862,139273000.0,0.2823332178,-103077000.0,36196000.0,0.0733762693,10207000.0,25989000.0,0.0526847127,0.23,0.23,112708000,114344000,https://www.sec.gov/Archives/edgar/data/1034054/000103405419000004/0001034054-19-000004-index.htm,https://www.sec.gov/Archives/edgar/data/1034054/000103405419000004/sbac-20190331x10q.htm,4.376734570749193,0.2305870035844838,1.972681619760798,1.649953863079817,1.0435195372112007,-29.303873726798457,-58.21887532384569,-29.303873726798457,109.43264896901728,22306040280.0,34423054280.0,214.57193697333489,45.21864344314636,100.32536320990208,119.9488085264273,-6.753714605963883,-6.753714605963883,69.78216654199431,109.01271579720748,154.82377777877727,185.10700666261567,0.0011651104218305,0.0083368898139549,-3.704340978102999,1.3137489115738956,38.37278914149811,0.2139808095089609,1.402434849156161,8.55504251798838,0.0,0.0,0.1033037160470552,0.0,0.3499448444870097,0.1635985013740403,0.0737371095880136,0.2126661911388112,0.0474646913700376,,0.010743231307145,0.0042930010817986,-109.8660853710473,-1104085000.0,-6561733000.0,-12314971000.0,7468496000.0,123767000.0,34426500.0,51725000.0,24.903880655107617,25.11044703791947,18.558979122077293,3.613894607286501,3.5841655811260678,4.849404668651104,-0.0078688232734777,0.3227277566809809,2019-04-29,0.22,amc,471845478.0,2025-04-25,2019-03-31,0.0454545454545455,181.2895081967213,702000.9344262296
2018-12-31,SBAC,USD,1034054,2019-02-28,2019-02-28 16:54:16,2018,Q4,483849000.0,122303000.0,361546000.0,0.7472289909,0,35625000.0,1000.0,35626000.0,24550000.0,205080000.0,327383000.0,1760000.0,98577000.0,169454000.0,323698000.0,0.6690062395,150321000.0,0.3106775048,-77291000.0,73030000.0,0.1509355191,15878000.0,57152000.0,0.118119496,0.5,0.5,113517000,115010000,https://www.sec.gov/Archives/edgar/data/1034054/000103405419000002/0001034054-19-000002-index.htm,https://www.sec.gov/Archives/edgar/data/1034054/000103405419000002/sbac-20181231x10k.htm,4.262348370728613,0.5034664411497838,1.995075627439062,1.6000158566558311,1.2636345217015954,-29.74728895231551,-59.09500779618912,-29.74728895231551,88.41961996881524,18377267130.0,28172376130.0,80.38768166468364,37.98140975800301,81.14479359752731,101.1802472622764,-5.442176605051553,-5.442176605051553,58.22555410882321,87.03290143899561,124.39508170879787,155.10946010824262,0.003109929218295,0.0098833520084985,-2.943166698402611,1.3777317265588969,30.260023231530624,0.3099233261956811,1.5249094616391248,3.962678471444569,0.0,0.0,0.0736283427267597,0.0,0.4618242742600995,0.1980174412186775,0.0926859412750672,0.2646499935085628,0.0210540891889825,,0.0169284707429159,0.0147213903718521,-90.95422491785372,-832425000.0,-6708288000.0,-10216676000.0,5285395000.0,100168500.0,33197500.0,72409000.0,20.65344766652406,25.2464780095337,57.33808655552194,4.357625973792048,3.5648536784423457,1.5696373110192767,-0.0169247840351715,0.3950597707832307,2019-02-21,0.44,amc,425787120.0,2025-04-25,2018-12-31,0.1363636363636363,162.77047619047622,878318.5396825396
2018-09-30,SBAC,USD,1034054,2018-11-08,2018-11-08 14:35:44,2018,Q3,467221000.0,116741000.0,350480000.0,0.7501375152,0,34908000.0,0.0,34908000.0,-24518000.0,202611000.0,319352000.0,2006000.0,96349000.0,167703000.0,312179000.0,0.6681613198,138006000.0,0.295376278,-123841000.0,14165000.0,0.0303175585,-1979000.0,16144000.0,0.0345532414,0.14,0.14,114597000,116114000,https://www.sec.gov/Archives/edgar/data/1034054/000103405418000018/0001034054-18-000018-index.htm,https://www.sec.gov/Archives/edgar/data/1034054/000103405418000018/sbac-20180930x10q.htm,4.077078806600522,0.140876288209988,1.7372793354101763,1.4200633524437811,1.1886960391633288,-27.44472368386607,-57.00880476801312,-27.44472368386607,85.78317058910791,18036421830.0,27634345830.0,279.3053430066898,38.60361976452257,90.5956784219964,110.83308341782651,-5.734799949635669,-5.734799949635669,59.14619811609495,88.520835257977,138.80537569002496,169.81193861185363,0.0008950777572271,0.0090225767357759,-3.0950359656644992,1.349373972718765,30.744938000313923,1.2340798156015549,1.4323552916999658,12.331949950445988,0.0,0.0,0.0747141074566425,0.0,0.4696476473015764,0.1825935395078533,0.0778047219624118,0.2167641604503199,0.022329903835658,,0.0225587892939023,0.0042196960271499,-88.32917528382069,62151000.0,-6533038000.0,-10031243000.0,6237820000.0,95229000.0,32234500.0,61684000.0,17.20209494008189,24.737067525548007,51.5757103331306,5.231920897628273,3.6382647177984855,1.7450074738415546,-0.0051330918770665,0.3172159829663953,2018-11-05,0.25,amc,834323214.0,2025-04-25,2018-09-30,-0.4399999999999999,159.4061904761905,827875.4444444445
2018-06-30,SBAC,USD,1034054,2018-08-06,2018-08-06 16:00:05,2018,Q2,456322000.0,114414000.0,341908000.0,0.7492691564,0,35943000.0,0.0,35943000.0,-90210000.0,205501000.0,319915000.0,1671000.0,94277000.0,169558000.0,302325000.0,0.662525585,125870000.0,0.2758359229,-201511000.0,-75641000.0,-0.1657623345,-18249000.0,-57392000.0,-0.1257708373,-0.5,-0.5,114782000,115064000,https://www.sec.gov/Archives/edgar/data/1034054/000103405418000016/0001034054-18-000016-index.htm,https://www.sec.gov/Archives/edgar/data/1034054/000103405418000016/sbac-20180630x10q.htm,3.9755536582390967,-0.500008712167413,2.160669791430712,1.83380669442944,1.173102054329076,-26.50358941297416,-56.64652123155199,-26.50358941297416,85.32709832552142,18952803840.0,28517890840.0,-82.55856147198216,41.53383759713535,76.42074723998614,90.0422059214777,-6.230099532072048,-6.230099532072048,62.49510398359053,94.3285895642107,114.98871333758056,135.48463969442437,-0.0030281535378355,0.0111059029459147,-3.188464022799777,1.330667445151013,31.63842553543372,1.1766171124149598,1.3351082448529334,-4.321264287705604,0.0,0.0,0.0787667480419528,0.0,0.4746448873964281,0.1512785980984331,0.0822182581598082,0.2212694181342077,0.0247566411437537,,0.0135742913028244,-0.0149867659378009,-87.92982349148821,49066000.0,-6502001000.0,-10004637000.0,6287304000.0,107649000.0,30968000.0,58048500.0,19.95091185610161,25.47223241910955,44.41869002045204,4.511072007592234,3.5332592180841207,2.026174116313664,0.0188656979391118,0.326863097001272,2018-07-30,1.82,amc,164267999.0,2025-04-25,2018-06-30,-1.2747252747252749,161.3575,952116.015625
2018-03-31,SBAC,USD,1034054,2018-05-07,2018-05-07 17:24:39,2018,Q1,458302000.0,115337000.0,342965000.0,0.7483384319,0,36049000.0,0.0,36049000.0,4553000.0,201447000.0,316784000.0,1295000.0,89656000.0,165398000.0,303222000.0,0.6616205035,129968000.0,0.2835859324,-89841000.0,40127000.0,0.0875558038,8582000.0,31545000.0,0.06883016,0.27,0.27,116494000,118293000,https://www.sec.gov/Archives/edgar/data/1034054/000103405418000007/0001034054-18-000007-index.htm,https://www.sec.gov/Archives/edgar/data/1034054/000103405418000007/sbac-20180331x10q.htm,3.934125362679623,0.2707864782735592,1.5329287345271,1.2659965320102322,0.9386749532164748,-22.21780520885196,-53.12617817226639,-22.21780520885196,81.32042851992377,19911154480.0,29185490480.0,157.79960754477727,43.44548895706325,111.49898631962682,135.00826872614098,-7.692929089679052,-7.692929089679052,63.68178729309495,96.25123005586666,163.43364755819618,197.89322339826825,0.0015842878438658,0.0074069537328003,-3.625507052859452,1.2671954206584073,30.58596012162706,1.2066409487980616,1.4496296957258856,5.661023934062451,0.0,0.0,0.0786577409655641,0.0,0.4862390450234042,0.1741321670763872,0.0678504566857661,0.1880071101222505,0.0227142801035125,,0.0142416261358939,0.0082916233182159,-83.85455044895016,51852000.0,-6188881000.0,-9690543000.0,6455970000.0,102407500.0,31444000.0,62529000.0,22.414870543877186,23.061636768773248,46.52982130625905,4.015191603441328,3.902585098463829,1.934243405054588,-0.0121878140405008,0.2669322025168678,2018-04-30,0.2,amc,339481481.0,2025-04-25,2018-03-31,0.35,165.74147540983606,1166569.8524590165
2017-12-31,SBAC,USD,1034054,2018-03-01,2018-03-01 12:56:25,2017,Q4,443073000.0,114530000.0,328543000.0,0.7415098641,0,30520000.0,0.0,30520000.0,-18636000.0,193163000.0,307693000.0,2689000.0,87067000.0,162643000.0,291669000.0,0.6582865577,119081000.0,0.268761581,-108351000.0,10731000.0,0.0242194853,3071000.0,7660000.0,0.0172883475,0.07,0.06,117231000,118931000,https://www.sec.gov/Archives/edgar/data/1034054/000103405418000003/0001034054-18-000003-index.htm,https://www.sec.gov/Archives/edgar/data/1034054/000103405418000003/sbac-20171231x10k.htm,3.7794866545538297,0.0653410787249106,1.9460211036329984,1.5888630140491848,0.5867304723153433,-22.17087630404927,-52.863534389368,-22.17087630404927,80.16440190734532,19150856160.0,28392759160.0,625.0279425587469,43.22280111855157,83.94564668133641,102.81566035304728,-7.368224771979991,-7.368224771979991,64.08144743642696,97.34582406769316,124.45649995178272,152.43288644075076,0.0003999821175618,0.0097261447970689,-3.5822537987945124,1.2719160187453766,31.68627108125992,0.930542657894265,1.3676938449699656,29.782506527415144,0.0,0.0,0.068882554342061,0.0,0.491534185176508,0.1835324852937308,0.0944991005996754,0.2574349956653529,0.021113902223787,,0.0120377795257905,0.0020579923988614,-83.16756446673661,-19372000.0,-6197245000.0,-9659786000.0,6391105000.0,95299000.0,32881500.0,63264500.0,18.41811620207054,26.19453418318345,51.41543700340522,4.886493222899871,3.4358312833743323,1.750447049473475,-0.0029471581469685,0.3571580895838132,2018-02-26,0.18,amc,1329300000.0,2025-04-25,2017-12-31,0.2777777777777779,158.85936507936506,1075612.174603175
2017-09-30,SBAC,USD,1034054,2017-11-07,2017-11-07 13:11:44,2017,Q3,433945000.0,111468000.0,322477000.0,0.7431287375,0,32559000.0,0.0,32559000.0,20062000.0,194466000.0,305934000.0,2505000.0,82082000.0,161907000.0,280501000.0,0.6463975849,117011000.0,0.2696447707,-64472000.0,52539000.0,0.121072947,3378000.0,49161000.0,0.1132885504,0.41,0.41,119746000,121026000,https://www.sec.gov/Archives/edgar/data/1034054/000103405417000010/0001034054-17-000010-index.htm,https://www.sec.gov/Archives/edgar/data/1034054/000103405417000010/sbac-20170930x10q.htm,3.623878876956224,0.4105439847677584,1.5639186277620964,1.25597514739532,1.1667279074040051,-18.85489285654636,-48.50690628496985,-18.85489285654636,75.50050106057823,17249411300.0,26068501300.0,87.71898100120013,39.75022479807349,92.1083728033406,114.69175986382798,-7.639926733923939,-7.639926733923939,60.07328417195728,92.93550219072304,139.20053237786547,173.33010611843244,0.0028500103073082,0.008719022196427,-3.967937344261976,1.227154005153093,31.44049397328352,0.3168683357533624,1.425537876757389,3.809381420231485,0.0,0.0,0.0750302457684729,0.0,0.4863673160769101,0.1969050530508936,0.0849762066621346,0.2277542045742308,0.0217147334339605,,0.0155278802161074,0.0131104390681003,-77.77348095134701,-698649000.0,-5808508000.0,-9234202000.0,5629400000.0,93984000.0,30792000.0,30550000.0,20.72440055767436,26.18338895467758,49.33254386909248,4.342707030272704,3.4372937802584107,1.824353518821604,-0.0217738699387633,0.3079434803667763,2017-10-30,0.25,amc,386644995.0,2025-04-25,2017-09-30,0.04,142.37174603174603,1486886.174603175
2017-06-30,SBAC,USD,1034054,2017-08-04,2017-08-04 12:02:53,2017,Q2,427294000.0,109344000.0,317950000.0,0.7441012511,0,33394000.0,0.0,33394000.0,-18793000.0,192914000.0,302258000.0,2909000.0,79173000.0,159520000.0,280805000.0,0.6571704728,114590000.0,0.26817601,-101967000.0,12623000.0,0.0295417207,3390000.0,9233000.0,0.0216080731,0.08,0.08,121455000,122437000,https://www.sec.gov/Archives/edgar/data/1034054/000103405417000008/0001034054-17-000008-index.htm,https://www.sec.gov/Archives/edgar/data/1034054/000103405417000008/sbac-20170630x10q.htm,3.518126054917459,0.0760199250751307,1.9092915071425631,1.6319212877197316,1.3545840023053806,-16.349108723395496,-45.73484829772344,-16.349108723395496,72.10800708081182,16384279500.0,24898463500.0,443.633691649518,38.34427700833618,70.65448073033684,82.66330062309225,-8.251214318916281,-8.251214318916281,58.27009857381569,88.66816296006125,107.37048336948506,125.61975479932391,0.0005635279842485,0.0120972667733115,-4.370644126624569,1.1874236627826555,30.32062819394241,0.3215385041747139,1.4473368446313768,25.115672045922235,0.0,0.0,0.0781522792269491,0.0,0.4883180712486624,0.1452738978753132,0.0788403300771833,0.2111835506519558,0.0238571100928166,,0.0119142277011578,0.0024688433202987,-74.62830472191347,-709955000.0,-5554726000.0,-8958070000.0,5633488000.0,87682500.0,29391500.0,0.5,18.544304389951648,23.99720149253731,0.0,4.853242165759913,3.750437317784257,0.0,-0.0046497901727417,0.2773702194228315,2017-07-31,0.2,amc,1068250000.0,2025-04-25,2017-06-30,-0.05,129.93555555555557,1085949.126984127
2017-03-31,SBAC,USD,1034054,2017-05-08,2017-05-08 16:09:43,2017,Q1,423363000.0,110970000.0,312393000.0,0.7378845105,0,34223000.0,0.0,34223000.0,14948000.0,193254000.0,304224000.0,3234000.0,78307000.0,159031000.0,273835000.0,0.6468090031,107819000.0,0.254672704,-66823000.0,40996000.0,0.0968341589,3398000.0,37598000.0,0.0888079497,0.31,0.31,121049000,121734000,https://www.sec.gov/Archives/edgar/data/1034054/000103405417000006/0001034054-17-000006-index.htm,https://www.sec.gov/Archives/edgar/data/1034054/000103405417000006/sbac-20170331x10q.htm,3.497451445282489,0.3106014919578022,1.423440094507183,1.1281299308544477,1.0923014646961149,-15.83238192797958,-45.61823724276946,-15.83238192797958,72.23918413204571,14570668130.0,23104620130.0,96.88459578966966,34.41648923028229,84.56274378141214,106.6987026120578,-7.602772630647422,-7.602772630647422,54.57401834832047,84.37424043675937,134.09063021601105,169.19148595112736,0.0025803895651557,0.0093721851861298,-4.521889450214819,1.1875619565738718,31.16457720890317,1.3179187464183069,1.3768756305311147,4.582850151603809,0.0,0.0,0.0808360673937023,0.0,0.494083275664787,0.2074623054333569,0.0844358151279162,0.2247800743251315,0.0219126376183086,,0.0139489765113536,0.0101839106238464,-74.48413865046386,72674000.0,-5522042000.0,-8912677000.0,6464166000.0,88396500.0,28974000.0,0.5,18.563218798052738,24.02919708029197,8.110300081103001e-07,4.848297107258194,3.745443499392467,110970000.0,-0.0196181151623746,0.2953101636527356,2017-05-01,0.2,amc,273161290.0,2025-04-25,2017-03-31,0.5499999999999999,110.45048387096774,1085820.6451612904
2016-12-31,SBAC,USD,1034054,2017-03-01,2017-03-01 14:05:19,2016,Q4,416505000.0,106267000.0,310238000.0,0.7448602058,0,33023000.0,1000.0,33024000.0,2139000.0,191578000.0,297845000.0,3224000.0,78961000.0,158554000.0,276171000.0,0.6630676703,107430000.0,0.2579320776,-96886000.0,10541000.0,0.0253082196,5285000.0,5256000.0,0.0126192963,0.04,0.04,122682000,123307000,https://www.sec.gov/Archives/edgar/data/1034054/000103405417000003/0001034054-17-000003-index.htm,https://www.sec.gov/Archives/edgar/data/1034054/000103405417000003/sbac-20161231x10k.htm,3.394996821049543,0.0428424707781092,1.754894768588709,1.464208278313037,1.1927748161914544,-16.26906147601115,-46.07721589149183,-16.26906147601115,72.1747607636002,12668143320.0,21297617320.0,602.5562842465754,30.4153451219073,58.84113500608471,70.52275385232029,-6.347016399947695,-6.347016399947695,51.13412160718359,77.11750082376498,98.92341319312196,118.5624906475461,0.000414899000369,0.0141798206305736,-4.396758689346923,1.1921815745125115,31.24685068309127,0.371597818757177,1.360545079216322,40.96156773211568,0.0,0.0,0.079285962953626,0.0,0.4968008862992455,0.1656432599143496,0.0856220213442815,0.2249202164562231,0.0195988043360824,,0.0075291382823552,0.0014189984344041,-74.52952144568886,-548876000.0,-5652845000.0,-9032295000.0,5900124000.0,88059500.0,26112000.0,0.5,19.33323729607088,23.984868303424392,0.0,4.655195538219088,3.752365819209039,0.0,-0.0026333707596643,0.290686490275672,2017-02-27,0.1,amc,1041250000.0,2025-04-25,2016-12-31,-0.6,105.29222222222222,1119897.5714285714
2016-09-30,SBAC,USD,1034054,2016-11-09,2016-11-09 14:39:26,2016,Q3,411319000.0,105468000.0,305851000.0,0.7435858786,0,32255000.0,0.0,32255000.0,-1139000.0,192366000.0,297834000.0,3101000.0,84011000.0,160111000.0,269616000.0,0.6554912367,108210000.0,0.2630804801,-122006000.0,-13796000.0,-0.033540877,1574000.0,-15370000.0,-0.0373675906,-0.12,-0.12,124604000,124604000,https://www.sec.gov/Archives/edgar/data/1034054/000103405416000025/0001034054-16-000025-index.htm,https://www.sec.gov/Archives/edgar/data/1034054/000103405416000025/sbac-20160930x10q.htm,3.301009598407756,-0.123350775256011,1.2766203332156272,1.0064925684568713,1.327774389265192,-13.394931141857404,-43.1758129755064,-13.394931141857404,73.15398382074412,13975584640.0,22841627640.0,-227.3192036434613,33.977483753485735,87.85697445182055,111.43649095388837,-8.373316653305869,-8.373316653305869,55.5326343786696,84.7191102901905,143.59301222088112,182.13125943881417,-0.0010997751003567,0.0089737211880962,-5.410984133603185,1.140927890090127,32.88396460150733,1.1616655341474835,1.2880456130744784,-10.349512036434612,0.0,0.0,0.0784184538034955,0.0,0.4687907180166256,0.2115960068396701,0.0818318628606993,0.2102229078576737,0.0196343956880183,,0.0156711847514384,-0.0036552549938702,-75.07264613896825,119433000.0,-5379879000.0,-8726585000.0,6610362000.0,82219000.0,24714000.0,1.0,18.959299230038,20.39822505404483,8.53339401524633e-07,4.747010894654233,4.41214859437751,105468000.0,0.0092087651627081,0.2701277647587557,2016-11-01,0.1,amc,308475000.0,2025-04-25,2016-09-30,-2.2,113.0725,789874.65625
2016-06-30,SBAC,USD,1034054,2016-08-09,2016-08-09 12:52:20,2016,Q2,405532000.0,106567000.0,298965000.0,0.7372167918,0,47664000.0,0.0,47664000.0,47376000.0,207387000.0,313954000.0,2737000.0,84142000.0,159723000.0,247263000.0,0.6097250032,74066000.0,0.1826391012,-39354000.0,34712000.0,0.0855962045,2001000.0,32711000.0,0.0806619453,0.26,0.26,125125000,125783000,https://www.sec.gov/Archives/edgar/data/1034054/000103405416000022/0001034054-16-000022-index.htm,https://www.sec.gov/Archives/edgar/data/1034054/000103405416000022/sbac-20160630x10q.htm,3.241014985014985,0.2614265734265734,1.6765874125874125,1.400055944055944,1.0723276723276722,-12.847768231768232,-43.12752047952048,-12.847768231768232,68.4670929070929,13505992500.0,21854839500.0,103.222100363792,33.30438165175621,64.38077680269612,77.09691920402781,-8.401459152500937,-8.401459152500937,53.89177549490546,88.38701908494194,104.17831521143276,124.7550518888927,0.0024219619550358,0.0129706869006479,-5.276763103726913,1.1407256167766808,33.76504774268694,0.3613691124615686,0.8802500534810201,6.413224909052001,0.0,0.0,0.1175344978941242,0.0,0.5094929993617813,0.1649371016717274,0.0853224899638006,0.2166312929258779,0.0219292189025773,,0.0096949366395527,0.0089678931276949,-70.74031168431569,-514725000.0,-5396331000.0,-8752642000.0,6079389000.0,89026500.0,23120000.0,1.0,17.263989031691704,21.55601640282639,8.445391162367337e-07,5.213163645712816,4.175168468892023,106567000.0,-0.0203480144341453,0.2765314685314685,2016-07-28,0.13,amc,322615188.0,2025-04-25,2016-06-30,-0.2307692307692307,101.4353125,1090391.640625
2016-03-31,SBAC,USD,1034054,2016-05-10,2016-05-10 13:57:38,2016,Q1,399769000.0,102595000.0,297174000.0,0.7433642929,0,30406000.0,0.0,30406000.0,45900000.0,190207000.0,292802000.0,1866000.0,84259000.0,159801000.0,261599000.0,0.6543754018,97602000.0,0.2441459943,-41758000.0,55844000.0,0.1396906714,2205000.0,53639000.0,0.1341749861,0.43,0.43,125398000,126124000,https://www.sec.gov/Archives/edgar/data/1034054/000103405416000020/0001034054-16-000020-index.htm,https://www.sec.gov/Archives/edgar/data/1034054/000103405416000020/sbac-20160331x10q.htm,3.188001403531157,0.4277500438603486,1.1553374057002503,0.8677730107338235,0.8291519800953763,-13.003078199014338,-43.01979297915437,-13.003078199014338,68.23497184963078,12561117660.0,20930121660.0,58.54470469248122,31.42093974270141,86.70194482215949,115.433412610162,-7.703560531351193,-7.703560531351193,52.35553947404626,80.00841616367035,144.4682155207521,192.34238822978028,0.0042702410288544,0.0086630030022344,-5.195926552840742,1.149305365261806,31.991727797124607,1.212310517486238,1.1583569707687014,2.700963850929361,0.0,0.0,0.0760589240286265,0.0,0.5106101162779971,0.2489007917060679,0.0902020917079613,0.2256556592261625,0.019473746088366,,0.0130959283969559,0.014868300547066,-70.36023500773537,49483000.0,-5394596000.0,-8719652000.0,6616181000.0,100261500.0,23910500.0,0.5,22.57221045153576,18.17281543934889,8.772357327355134e-07,3.987203654388957,4.952452210851516,102595000.0,-0.0328960602492395,0.2875643949664269,2016-05-02,0.08,amc,46488372.0,2025-04-25,2016-03-31,-0.1249999999999999,95.54459016393444,1459693.508196721
2015-12-31,SBAC,USD,1034054,2016-02-26,2016-02-26 12:05:00,2015,Q4,406941000.0,109440000.0,297501000.0,0.7310666657,0,28934000.0,-1000.0,28933000.0,39572000.0,190394000.0,299834000.0,1610000.0,84380000.0,161461000.0,268477000.0,0.6597442873,82129000.0,0.2018204113,-49162000.0,32967000.0,0.0810117437,1948000.0,31019000.0,0.076224809,0.25,0.24,126005000,126964000,https://www.sec.gov/Archives/edgar/data/1034054/000103405416000018/0001034054-16-000018-index.htm,https://www.sec.gov/Archives/edgar/data/1034054/000103405416000018/sbac-20151231x10k.htm,3.229562318955597,0.2461727709217888,1.6065711678108012,1.2383635570017062,0.9423832387603668,-13.540288083806198,-43.18524661719773,-13.540288083806198,68.46303718106424,13239345350.0,21663611350.0,106.70351518424192,32.53382025895646,65.40015288782627,84.84584305306332,-7.759805356406024,-7.759805356406024,53.23526346571125,80.69075321163452,107.01461869430338,138.83370513970775,0.0023429406197943,0.011786081250611,-5.006790165425661,1.153864233309447,31.37798023666832,1.0753152309498812,0.9733230623370468,6.526193623263161,0.0,0.0,0.0711012161468124,0.0,0.5045663269268824,0.2291884842616925,0.1140116134771379,0.2873511250394832,0.0168206201881845,,0.0108080745943147,0.0084571086443597,-70.7544859330979,20589000.0,-5441557000.0,-8815399000.0,6538355000.0,99721500.0,29651000.0,0.5,22.17373034420223,22.29029605263158,0.0,4.05885697187313,4.037631433314886,0.0,-0.0181807631712211,0.3682076108090948,2016-02-25,0.08,amc,135633333.0,2025-04-25,2015-12-31,2.0,108.1928125,1108455.421875
2015-09-30,SBAC,USD,1034054,2015-11-09,2015-11-09 15:27:28,2015,Q3,410735000.0,111733000.0,299002000.0,0.7279681546,0,27872000.0,0.0,27872000.0,-111250000.0,192202000.0,303935000.0,1276000.0,82326000.0,164330000.0,156353000.0,0.3806663664,43083000.0,0.1048924489,-197103000.0,-154020000.0,-0.374986305,1926000.0,-155946000.0,-0.3796754598,-1.23,-1.23,126785365,127170000,https://www.sec.gov/Archives/edgar/data/1034054/000103405415000015/0001034054-15-000015-index.htm,https://www.sec.gov/Archives/edgar/data/1034054/000103405415000015/sbac-20150930x10q.htm,3.2396089248944464,-1.2300000082817129,1.2557048678291851,0.909300533227948,0.583450621449881,-13.38999970540764,-42.865838655747055,-13.38999970540764,67.58805324258049,13279499130.099998,21693078130.1,-21.288617742840472,32.33106292402643,83.4113195571747,115.187439325677,-7.822255586585268,-7.822255586585268,52.81526563380282,138.74423982974423,136.25877409691907,188.16749761549536,-0.0117433646007419,0.0086815021312578,-4.999157662094087,1.1473744507221204,53.81143310329831,1.161669563286814,0.523321915312295,-1.0208982596539828,0.0,0.0,0.0678588384238012,0.0,0.5052356052794488,0.2758644514933576,0.1069278245097203,0.2672609992089089,0.0163170900945865,,0.0061022324004872,-0.0426122483777146,-70.56061044190707,46604000.0,-5434761000.0,-8759542000.0,6504583000.0,108414000.0,31003000.0,0.5,21.73291781805787,25.934415078803937,8.054916631612863e-07,4.14118346894125,3.4702922632543403,111733000.0,0.0918595993534614,0.3464043346012373,2015-11-04,0.1,amc,36729268.0,2025-04-25,2015-09-30,0.0,116.5375,1005066.5
2015-06-30,SBAC,USD,1034054,2015-08-06,2015-08-06 12:28:43,2015,Q2,410704000.0,112112000.0,298592000.0,0.7270248159,0,28262000.0,0.0,28262000.0,15507000.0,190639000.0,302751000.0,715000.0,79230000.0,162377000.0,263450000.0,0.6414595426,98163000.0,0.2390115509,-67634000.0,30529000.0,0.0743333398,2224000.0,28305000.0,0.0689182477,0.22,0.22,128809000,129948000,https://www.sec.gov/Archives/edgar/data/1034054/000103405415000012/0001034054-15-000012-index.htm,https://www.sec.gov/Archives/edgar/data/1034054/000103405415000012/sbac-20150630x10q.htm,3.1884728551576367,0.2197439619902336,1.5303589034927685,1.1399203471807091,0.5476713583678159,-8.797770342134479,-40.09623551149376,-8.797770342134479,64.71310234533301,14809170730.0,22995724730.0,130.79995345345344,36.05801436070747,75.12616794504981,100.85792422632667,-13.068083790433024,-13.068083790433024,55.99099285616892,87.28686555323591,116.6561389277815,156.61248726435653,0.0019113156648711,0.0099149373504454,-7.285710251740156,1.0650859025759356,31.074412602011765,1.09688779636623,1.238962514199167,6.964281928987812,0.0,0.0,0.0688135494175854,0.0,0.5200716266528446,0.2551287514457904,0.1224531536094121,0.3097236677608282,0.0199973703689275,,0.012170937571403,0.0076081776418761,-67.74616874597272,30428000.0,-5164756000.0,-8540613000.0,6849416000.0,119161000.0,31807000.0,0.0,25.78024562702092,23.92973098330241,0.0,3.4910450932891326,3.761011774967291,0.0,-0.0249772332585031,0.3904385563120589,2015-07-29,0.08,amc,168013636.0,2025-04-25,2015-06-30,0.25,117.35603174603176,897872.619047619
2015-03-31,SBAC,USD,1034054,2015-05-08,2015-05-08 15:47:01,2015,Q1,410094000.0,111110000.0,298984000.0,0.7290621175,0,29884000.0,0.0,29884000.0,-82968000.0,201737000.0,312847000.0,293000.0,77934000.0,171853000.0,265961000.0,0.648536677,89086000.0,0.2172331222,-165153000.0,-76067000.0,-0.1854867421,2963000.0,-79030000.0,-0.1927119148,-0.61,-0.61,129235000,129235000,https://www.sec.gov/Archives/edgar/data/1034054/000103405415000008/0001034054-15-000008-index.htm,https://www.sec.gov/Archives/edgar/data/1034054/000103405415000008/sbac-20150331x10q.htm,3.1732425426548536,-0.6115216466127597,1.380492900530042,0.8535458660579565,0.5198823848028785,-8.022486168607575,-38.401191627655045,-8.022486168607575,62.22395635857159,15133418500.0,23034626500.0,-47.87238548652411,36.90231629821456,84.82477523429442,137.19239311745295,-14.59647265684529,-14.59647265684529,56.16913805127605,86.60903854324506,129.11207176808216,208.82099666388652,-0.0052222173066845,0.0072890338689834,-7.681024820937011,1.0579595605329932,29.70814517918041,1.134520867367598,1.1430954397310544,-2.2574718461343792,0.0,0.0,0.0728710978458597,0.0,0.5215670957713922,0.3817093403883234,0.1660594888001287,0.3962689042379242,0.017039995708301,,0.0127232361137209,-0.0219448044988098,-65.04732657561806,38537000.0,-4962778000.0,-8239073000.0,6666717000.0,127511500.0,38328000.0,0.0,26.484001228986525,27.38232382323823,0.0,3.398278048012463,3.2867918946901344,0.0,0.0762259521251251,0.5269470344720857,2015-04-23,0.35,amc,73952459.0,2025-04-25,2015-03-31,-0.7142857142857143,118.04377049180329,951119.5409836066
2014-12-31,SBAC,USD,1034054,2015-03-02,2015-03-02 14:09:56,2014,Q4,404734000.0,112003000.0,292731000.0,0.7232676276,0,26610000.0,0.0,26610000.0,-9758000.0,188824000.0,300827000.0,249000.0,77186000.0,162214000.0,269050000.0,0.6647575939,96590000.0,0.2386505705,-92274000.0,4313000.0,0.0106563817,3925000.0,388000.0,0.0009586543,0.003,0.003,129113000,129113000,https://www.sec.gov/Archives/edgar/data/1034054/000103405415000004/0001034054-15-000004-index.htm,https://www.sec.gov/Archives/edgar/data/1034054/000103405415000004/sbac-20141231x10k.htm,3.134726944614408,0.0030051195464438,1.443348074942105,0.8244793320579648,0.3484699449319588,-5.117997413118741,-37.566627682727535,-5.117997413118741,61.480912069272655,14300555880.0,22121911880.0,9214.27569587629,35.33322102912036,76.73824625043599,134.33932870522588,-21.64127705811138,-21.64127705811138,54.65790341310589,82.22230767515332,118.70844291808643,207.8130959784314,2.7131812445321527e-05,0.0074438365118992,-11.895882263922518,1.002509078735513,29.07026946664189,0.9874278809847457,1.2513927396159925,480.2963917525773,0.0,0.0,0.0657468856088196,0.0,0.5343034322243301,0.4287730407018862,0.1974234929608088,0.4925838706893363,0.0134409266332949,,0.0011520326726102,0.0001062552288937,-64.71984618125208,-4162000.0,-4850340000.0,-8175037000.0,6947795000.0,120443000.0,37088000.0,0.0,29.87428780384154,34.43291697543816,0.0,3.0126241198100425,2.6137779748430607,0.0,-0.0005871670702179,0.6188687428841403,2015-02-26,,amc,673791044.0,2025-04-25,2014-12-31,,112.4725,1084748.203125
2014-09-30,SBAC,USD,1034054,2014-11-07,2014-11-06 19:25:37,2014,Q3,393293000.0,111876000.0,281417000.0,0.7155403224,0,26589000.0,0.0,26589000.0,611000.0,185999000.0,297875000.0,161000.0,86406000.0,159410000.0,254887000.0,0.6480842527,89484000.0,0.2275250259,-105126000.0,-15642000.0,-0.0397718749,982000.0,-16624000.0,-0.0422687411,-0.13,-0.13,129046000,129046000,https://www.sec.gov/Archives/edgar/data/1034054/000103405414000011/0001034054-14-000011-index.htm,https://www.sec.gov/Archives/edgar/data/1034054/000103405414000011/sbac-20140930x10q.htm,3.047696170357857,-0.1288222804271345,1.165034173860484,0.7063140275560653,3.5320583357872386,-2.306286130527099,-32.61140988484726,-2.306286130527099,59.1765261999597,14311201400.0,21411032400.0,-215.21898159287773,36.38814166537416,95.1903407541422,157.01231417380714,-48.085967535456646,-48.085967535456646,54.44041058447519,84.00205738229097,142.41456136966804,234.90660581258845,-0.0011616075782428,0.006368927209703,-25.36847021507508,0.966845400789244,27.854818017395942,0.5009452343475506,1.0356225262134573,-9.043731953801732,0.0,0.0,0.0676060850307531,0.0,0.5008015118980785,0.3937396486700412,0.1505137391207064,0.37134433222508,0.0163135372355978,,0.0126111565526093,-0.0042644918715819,-58.66827332889047,-671841000.0,-4208372000.0,-7432223000.0,5926741000.0,102513000.0,29413500.0,0.0,24.38029662363683,25.19977475061675,0.0,3.6915055378261687,3.57146049481245,0.0,0.0558570242963271,0.4587201463044186,2014-11-04,-0.00126,amc,30253846.0,2025-04-25,2014-09-30,-16.873015873015873,108.05265625,1035733.53125
2014-06-30,SBAC,USD,1034054,2014-08-05,2014-08-05 17:16:24,2014,Q2,383420000.0,107438000.0,275982000.0,0.7197903083,0,25441000.0,0.0,25441000.0,1384000.0,186446000.0,293884000.0,180000.0,79791000.0,161005000.0,248316000.0,0.6476344479,83317000.0,0.2172995671,-90741000.0,-7424000.0,-0.0193625789,2043000.0,-9467000.0,-0.0246909394,-0.0734,-0.0734,128950000,128950000,https://www.sec.gov/Archives/edgar/data/1034054/000103405414000009/0001034054-14-000009-index.htm,https://www.sec.gov/Archives/edgar/data/1034054/000103405414000009/sbac-20140630x10q.htm,2.9734005428460644,-0.0734160527336176,1.3105389685924778,1.001015897634742,0.8800310197751067,1.2352694842962388,-30.103931756494767,1.2352694842962388,53.81063978286157,13191585000.0,19943024000.0,-348.3570560895743,34.40505190130927,78.05948731907641,102.1961791433286,82.81593717040832,82.81593717040832,52.01352042146993,80.3130849401569,118.0102488845758,154.50007359719865,-0.0007176544744244,0.0097851016386582,43.06093993270052,0.9067374896937478,27.188900433318835,0.2343400422384907,1.0441904475442092,-17.850850322171755,0.0,0.0,0.0663528245787908,0.0,0.5342250855070266,0.23617998272128,0.1040973345156747,0.2478991335672805,0.0161598247352772,,0.0145445843038175,-0.0026868986797669,-55.97480031019775,-1025992000.0,-3881902000.0,-7091277000.0,5706500000.0,94351000.0,26906000.0,0.0,23.11757341818372,23.038217390494985,0.0,3.8931421724915216,3.906552250745401,0.0,-0.0594332278639947,0.3095230709577355,2014-07-24,-0.00685,amc,54771428.0,2025-04-25,2014-06-30,9.218978102189782,95.99587301587302,1182403.5396825396
2014-03-31,SBAC,USD,1034054,2014-05-09,2014-05-08 21:56:02,2014,Q1,345550000.0,97167000.0,248383000.0,0.7188048039,0,24676000.0,0.0,24676000.0,18390000.0,169118000.0,266285000.0,86000.0,76331000.0,144442000.0,215146000.0,0.6226190132,67136000.0,0.194287368,-64043000.0,3093000.0,0.0089509478,1686000.0,1407000.0,0.0040717696,0.01,0.01,128560000,138356000,https://www.sec.gov/Archives/edgar/data/1034054/000103405414000007/0001034054-14-000007-index.htm,https://www.sec.gov/Archives/edgar/data/1034054/000103405414000007/sbac-20140331x10q.htm,2.687850031113877,0.0109443061605476,1.39207373988799,1.1413114499066583,2.551088985687617,3.0817361543248287,-28.664421281891723,3.0817361543248287,54.02993932794026,11693817600.0,18240661600.0,2077.792750533049,33.841173780928955,65.34136618891961,79.69778977284345,29.515829858552,29.515829858552,52.78732918535668,84.78271313433669,101.92306652138686,124.31700777634654,0.0001203199885724,0.0125473994053062,17.339641786222703,0.8817169108993034,30.429773270244397,0.6820062396023145,0.8795378024655776,127.19616204690831,0.0,0.0,0.0714107943857618,0.0,0.5238232386667149,0.1801357807392506,0.0932947475039791,0.223189930906523,0.0133642019968166,0.8711302655324225,0.0040512960052622,0.0003792395586481,-54.44558182949596,-240651000.0,-3685098000.0,-6879026000.0,6533650000.0,94709500.0,25306000.0,0.0,23.49714947185646,24.36938466763408,0.0,3.830251840028376,3.693158494868871,0.0,0.0035513443112865,0.2507622899813316,2014-05-01,-0.0481,amc,246785714.0,2025-04-25,2014-03-31,0.4553014553014555,92.72278688524592,1221745.1147540985
2013-12-31,SBAC,USD,1034054,2014-02-27,2014-02-26 19:14:09,2013,Q4,335396000.0,100537000.0,234859000.0,0.7002438908,0,21711000.0,-1000.0,21710000.0,-3736000.0,155038000.0,255575000.0,182000.0,73416000.0,133328000.0,205327000.0,0.6121927513,59445000.0,0.1772382497,-81356000.0,-21914000.0,-0.0653376904,-2750000.0,-19164000.0,-0.0571384274,-0.15,-0.15,128406000,128406000,https://www.sec.gov/Archives/edgar/data/1034054/000103405414000004/0001034054-14-000004-index.htm,https://www.sec.gov/Archives/edgar/data/1034054/000103405414000004/sbac-20131231x10k.htm,2.6119963241593074,-0.1492453623662445,1.2035185271716276,0.6932619971029391,0.9933959472298802,2.779979128701151,-23.598834945407532,2.779979128701151,46.33757768328583,11535995040.0,17290490040.0,-150.4904383218535,34.39514794451932,74.64779143128919,129.59025646210358,32.316789386104,32.316789386104,51.552463476010445,84.20952938483492,111.88431425077164,194.233703366697,-0.0016612351109332,0.0077166295314218,16.462651905223467,0.8663488318472081,28.026002425399486,0.45962874144178,0.8097008826413861,-8.064026299311209,0.0,0.0,0.0647324356879628,0.0,0.4993519271469403,0.4239706481858948,0.1953511669787355,0.4914196567862715,0.0125076029529272,,0.0079763718725356,-0.0056431261576153,-48.47329369344112,-404021000.0,-3030232000.0,-6082570000.0,5561621000.0,99204000.0,25235000.0,0.5,26.620084914548773,21.754975780061077,0.0,3.3809058193804624,4.136984610320138,0.0,-0.0536857852008314,0.5102565300686884,2014-02-25,-0.00624,amc,111800000.0,2025-04-25,2013-12-31,2.2051282051282053,85.87078125000001,1330686.875
2013-09-30,SBAC,USD,1034054,2013-11-07,2013-11-07 11:27:07,2013,Q3,332094000.0,103295000.0,228799000.0,0.6889585479,0,21827000.0,0.0,21827000.0,34175000.0,155108000.0,258403000.0,274000.0,72629000.0,133281000.0,203373000.0,0.6123958879,63902000.0,0.1924214229,-42164000.0,21738000.0,0.0654573705,207000.0,21531000.0,0.064834053,0.17,0.16,127885000,136912000,https://www.sec.gov/Archives/edgar/data/1034054/000119312513432073/0001193125-13-432073-index.htm,https://www.sec.gov/Archives/edgar/data/1034054/000119312513432073/d588775d10q.htm,2.596817453180592,0.1683622004144348,0.8983774484888767,0.6389959729444423,1.5191930249833836,3.5065019353325253,-20.908707041482582,3.5065019353325253,44.73516831528326,10289627100.0,15748546100.0,119.4745610979518,30.984080109848417,89.56146454403816,125.9162864974669,22.94594484299633,22.94594484299633,47.42195312170651,77.43675955018611,137.0761874504957,192.71820284392663,0.0020924956551632,0.0079417844014969,12.59581338405857,0.8578312345430765,26.84190625107561,1.544084031353566,0.8798413856723898,5.335980679020946,0.0,0.0,0.0657253669141869,0.0,0.4742004924345744,0.2887221579089382,0.0998843700879871,0.248880185472798,0.0126680999957843,3.6446060947345615,0.0099787623665282,0.0062190775569316,-45.87960471908355,137576000.0,-2673910000.0,-5745565000.0,5838554000.0,91321000.0,25134500.0,0.5,26.88530958102224,22.79994191393581,8.712909627765138e-07,3.347553046721436,3.9473784775298073,103295000.0,0.0480142898875853,0.2593814755444344,2013-11-04,-0.1,amc,479700000.0,2025-04-25,2013-09-30,-1.3,75.81328125,1395682.453125
2013-06-30,SBAC,USD,1034054,2013-08-06,2013-08-06 11:36:34,2013,Q2,324305000.0,103725000.0,220580000.0,0.680162193,0,21507000.0,0.0,21507000.0,547000.0,162596000.0,266321000.0,697000.0,75261000.0,141089000.0,196394000.0,0.6055842494,49534000.0,0.152738934,-83558000.0,-34024000.0,-0.1049135844,1875000.0,-35899000.0,-0.1106951789,-0.28,-0.28,127713000,127713000,https://www.sec.gov/Archives/edgar/data/1034054/000119312513320820/0001193125-13-320820-index.htm,https://www.sec.gov/Archives/edgar/data/1034054/000119312513320820/d553370d10q.htm,2.539326458543766,-0.2810911966675279,1.0486872910353684,0.7841958140518193,1.5255298990705723,3.411845309404681,-20.769686719441246,3.411845309404681,44.76028282163914,9471196080.0,14922963080.0,-65.9572417058971,29.204594687100105,70.71698172939797,94.56821710999282,21.73603820653284,21.73603820653284,46.01521123633616,75.98482173589825,111.42277053109436,149.00314601805255,-0.0037903343671457,0.0105743772121334,12.946362140465464,0.8699520055961086,27.75933582492337,1.6537684712867196,0.6581629263496366,-3.7307724449149,0.0,0.0,0.0663172013999167,0.0,0.4762577133863397,0.252211959889794,0.1041581227548141,0.2394162549879863,0.0152017391036215,,0.0083201192346389,-0.0105703122009534,-45.34668553710272,139186000.0,-2652559000.0,-5696685000.0,5797889000.0,79889000.0,23407500.0,13440000.0,23.155147160851666,20.911930585683297,0.0,3.886824789961288,4.303763329322435,0.0,-0.0823868526198142,0.2644914769835491,2013-08-01,-0.09,amc,104239285.0,2025-04-25,2013-06-30,2.111111111111112,76.2221875,1596898.203125
2013-03-31,SBAC,USD,1034054,2013-05-10,2013-05-10 07:01:07,2013,Q1,313071000.0,100695000.0,212376000.0,0.6783636939,0,20431000.0,0.0,20431000.0,152000.0,146067000.0,246762000.0,641000.0,76829000.0,125636000.0,179448000.0,0.573186274,56765000.0,0.1813166981,-79782000.0,-23017000.0,-0.0735200641,-641000.0,-22376000.0,-0.0714726053,-0.18,-0.18,124311111,127068000,https://www.sec.gov/Archives/edgar/data/1034054/000119312513212440/0001193125-13-212440-index.htm,https://www.sec.gov/Archives/edgar/data/1034054/000119312513212440/d515614d10q.htm,2.518447445940693,-0.1800000001608866,0.7517590282014293,0.465211834523786,1.0167715418455234,5.604044516986097,-19.21641581982161,5.604044516986097,43.76617629939773,8962831103.099998,14204394103.099998,-100.13888879938328,28.628749079601747,95.90839257693789,154.98315960471024,12.865707933165384,12.865707933165384,45.37115894828968,79.15604577983594,151.99668389226554,245.61902963981257,-0.0024965325958514,0.0064523139323687,7.699463858923842,0.831610641119958,29.20936984530337,0.3998352929327041,0.7388486118522953,-4.176439041830533,0.0,0.0,0.0652599570065576,0.0,0.478374265587681,0.3811689423447331,0.1137793024585477,0.283525422649559,0.0123741898802508,,0.0088249446296182,-0.0066507630127694,-44.6955079502105,-405194000.0,-2388814000.0,-5483296000.0,5335674000.0,69542000.0,25204000.0,27294000.0,21.946108071332063,20.30150454342321,24.02502606882169,4.10095492592447,4.433168970678876,3.74609375,-0.0321196592238514,0.2865471936776432,2013-04-29,-0.24,amc,382677777.0,2025-04-25,2013-03-31,-0.25,70.75233333333334,2008230.0833333333
2012-12-31,SBAC,USD,1034054,2013-02-27,2013-02-27 16:24:41,2012,Q4,293841000.0,89426000.0,204415000.0,0.6956653428,0,19624000.0,0.0,19624000.0,421000.0,150981000.0,240407000.0,709000.0,77342000.0,131357000.0,157951000.0,0.5375390092,31048000.0,0.1056625862,-81796000.0,-50748000.0,-0.1727056469,1785000.0,-52489000.0,-0.17863062,-0.41,-0.41,126598000,126598000,https://www.sec.gov/Archives/edgar/data/1034054/000119312513080059/0001193125-13-080059-index.htm,https://www.sec.gov/Archives/edgar/data/1034054/000119312513080059/d450617d10k.htm,2.3210556248913883,-0.4146116052386294,0.816268819412629,0.5097552883931815,1.88446894895654,5.250493688683865,-19.506082244585222,5.15798827785589,42.91888497448617,8985926040.0,14108930040.0,-42.79909142868029,30.580912942713915,86.95664750624165,139.24328323054513,13.76117900552994,13.76117900552994,48.01552553932228,89.32472754208584,136.53186668989142,218.62785570397,-0.0058412454950497,0.0071816749562296,8.202414734659436,0.812070045910792,32.43413463669113,0.4267316438343476,0.4014377699050968,-1.9671063902689736,0.0,0.0,0.0667844174230281,0.0,0.4751842018722433,0.3755056223267336,0.1320578135794528,0.2954086953873794,0.0115096259541724,,0.0051778035050668,-0.0151637274648676,-44.48280186100887,-495125000.0,-2469431000.0,-5562352000.0,5310325000.0,48909000.0,23778500.0,28052000.0,19.217433918343595,27.87175989085948,27.88584975286829,4.683247533589404,3.2290748898678414,3.2274433376642127,-0.0803824248726245,0.3065135310194474,2013-02-21,-0.14,amc,100321951.0,2025-04-25,2012-12-31,-0.4285714285714286,67.20677419354838,1504369.741935484
2012-09-30,SBAC,USD,1034054,2012-11-08,2012-11-08 16:18:00,2012,Q3,238606000.0,71683000.0,166923000.0,0.6995758698,0,17565000.0,0.0,17565000.0,179970000.0,118577000.0,190260000.0,335000.0,68452000.0,101012000.0,149693000.0,0.6273647771,41071000.0,0.172128949,-93710000.0,-52639000.0,-0.2206105463,1029000.0,-52445000.0,-0.2197974904,-0.43,-0.43,121395454,121689000,https://www.sec.gov/Archives/edgar/data/1034054/000119312512460471/0001193125-12-460471-index.htm,https://www.sec.gov/Archives/edgar/data/1034054/000119312512460471/d401566d10q.htm,1.965526649787067,-0.4320178249837922,0.7311146923178853,0.515505300552688,11.916014581567444,3.72618566095564,-13.577707778085331,3.628916779700828,44.27253923363556,7668550829.18,11533538829.18,-36.55520463905044,32.13896896632943,86.40231233724678,122.53996211537232,17.407398360126574,17.407398360126574,48.33717018507498,77.0479503328813,129.9495102100187,184.30071634995207,-0.0068389714260533,0.0081606031431484,12.044548207402832,0.8722308158907434,25.819430434288844,2.260442831215971,0.5999970782446093,-1.6537601550272043,0.0,0.0,0.0736150809283924,0.0,0.3453088706933255,0.2949050183653695,0.1096954812536147,0.2591177285867025,0.0154187237538033,,0.0070683510617002,-0.0131682818285996,-34.13549365695358,868130000.0,-1648272000.0,-4074068000.0,5020813000.0,30662000.0,18348000.0,85153000.0,13.229969070350284,24.938548888857888,35.65196769108436,6.802736992159658,3.6088707647384575,2.524404845752923,-0.1190486999868341,0.2156093917651974,2012-11-05,-0.22,amc,203840360.0,2025-04-25,2012-09-30,-0.0909090909090908,59.33809523809524,1336407.9365079366
2012-06-30,SBAC,USD,1034054,2012-08-07,2012-08-07 07:03:08,2012,Q2,229147000.0,66205000.0,162942000.0,0.71108066,0,17744000.0,0.0,17744000.0,176665000.0,111742000.0,177947000.0,37000.0,61318000.0,93998000.0,145235000.0,0.6338071194,34738000.0,0.1515970098,-87119000.0,-52381000.0,-0.2285912536,2453000.0,-53472000.0,-0.2333523895,-0.44,-0.44,121318000,121318000,https://www.sec.gov/Archives/edgar/data/1034054/000119312512339241/0001193125-12-339241-index.htm,https://www.sec.gov/Archives/edgar/data/1034054/000119312512339241/d368344d10q.htm,1.8888128719563464,-0.4407589970161064,0.6819185941080467,0.4887485781170148,0.7563181061342917,4.05757595740121,-13.428609109942466,3.9581513048352255,33.55401506783824,6921191900.0,10843840900.0,-32.35895375149611,30.204156720358547,83.66101246237714,116.72668229500457,14.413294390820395,14.413294390820395,47.32263961561792,74.66410231693462,131.07665872910346,182.88260026309572,-0.0077258369327976,0.0085670215270291,8.349499682420683,0.8363939036143573,27.008978552001928,0.2884990179210378,0.5665220652989335,-1.508717219243535,0.0,0.0,0.0774350089680423,0.0,0.4425405639949433,0.2832743052617583,0.1022705948583223,0.2493138151875572,0.0168014418691931,,0.0078022042967224,-0.0200099465959852,-33.9521443643977,-747668000.0,-1629132000.0,-3998239000.0,3440486000.0,25082500.0,14978000.0,79693000.0,10.309582931480664,22.88301487803036,192.9144324446794,8.729742085412777,3.9330481791718648,0.4665280811782115,-0.1113547621278855,0.1931700159910318,2012-08-02,-0.16,amc,166618181.0,2025-04-25,2012-06-30,-0.375,52.74761904761905,1731720.746031746
2012-03-31,SBAC,USD,1034054,2012-05-07,2012-05-07 14:40:57,2012,Q1,192490000.0,52193000.0,140297000.0,0.7288534469,0,17215000.0,0.0,17215000.0,134986000.0,99664000.0,151857000.0,47000.0,59239000.0,82100000.0,123129000.0,0.6396643982,40289000.0,0.2093043794,-61613000.0,-21324000.0,-0.1107797808,1327000.0,-22631000.0,-0.1175697439,-0.2,-0.2,111431000,111431000,https://www.sec.gov/Archives/edgar/data/1034054/000119312512214642/0001193125-12-214642-index.htm,https://www.sec.gov/Archives/edgar/data/1034054/000119312512214642/d326397d10q.htm,1.727436709712737,-0.2030942915346716,0.5926537498541699,0.3696278414444813,4.7679999282066925,2.4375263616049394,-12.319893027972467,2.3294415378126376,32.571411905125146,5661809110.0,8706481110.0,-62.54484015288764,29.41352335186243,85.73302710478498,137.46258886083325,21.812094948607708,21.812094948607708,45.23082295184165,70.71023974855639,131.83647955784377,211.38392517238032,-0.0039971322876337,0.007274706582257,13.75428012266346,0.873635947868035,24.72749717775666,5.306803121132596,0.6801093873968163,-2.915544567568761,0.0,0.0,0.0894332173099901,0.0,0.4023937577891215,0.3763173834039975,0.1291080056106811,0.3027040194884287,0.0158813444854278,,0.0107590420692062,-0.0092666638003926,-29.229164236164085,490687000.0,-1372818000.0,-3210393000.0,3710383000.0,31835500.0,12939000.0,26994000.0,11.182087381162656,22.628896595328875,30.13507558484854,8.048586720187322,3.9772155757067744,2.9865529869535363,-0.0871858289800132,0.2230259084096885,2012-04-30,-0.18,amc,173249999.0,2025-04-25,2012-03-31,0.1111111111111112,46.81709677419354,1325159.935483871
2011-12-31,SBAC,USD,1034054,2012-02-27,2012-02-27 14:52:12,2011,Q4,183819000.0,50263000.0,133556000.0,0.7265625425,0,15797000.0,0.0,15797000.0,524683000.0,95238000.0,145501000.0,39000.0,58814000.0,79441000.0,109415000.0,0.5952322665,31980000.0,0.1739754868,-60820000.0,-28840000.0,-0.1568934659,329000.0,-29081000.0,-0.1582045382,-0.27,-0.26,109453000,111431000,https://www.sec.gov/Archives/edgar/data/1034054/000119312512081211/0001193125-12-081211-index.htm,https://www.sec.gov/Archives/edgar/data/1034054/000119312512081211/d261091d10k.htm,1.6794331813655177,-0.2656939508282093,0.5722182123833974,0.296008332343563,0.485039240587284,0.0068613925611906,-14.97476542442875,-0.1033594328159118,31.185065735978,4702100880.0,8009269880.0,-40.42244833396376,25.58005907985573,75.07625425108972,145.13104972375692,-415.63695571466457,-415.63695571466457,43.5715017490031,73.20083973860989,127.88028101100096,247.20731750979968,-0.0061846822818484,0.0068903243096732,-296.5159550959074,0.9301480507287186,30.22591966366586,1.01950646668926,0.5437480871901248,-2.147176797284789,0.0,0.0,0.0859377975073305,0.0,0.4546873487930759,0.4827002602545066,0.1644661324455034,0.3805591571103083,0.0150909318405605,,0.0092824374528556,-0.0147873376334463,-32.01818817209213,2475000.0,-1639033000.0,-3476292000.0,3225652000.0,28798500.0,14364000.0,30619500.0,19.46452760596021,22.83886755665201,65.37771322841853,4.623795748962395,3.940650725205802,1.376615907099036,2.5705825156899142,0.2762098800398344,2012-02-23,-0.23,amc,156570370.0,2025-04-25,2011-12-31,0.1739130434782609,39.02968253968254,1141282.015873016
2011-09-30,SBAC,USD,1034054,2011-11-04,2011-11-04 10:39:53,2011,Q3,175549000.0,51847000.0,123702000.0,0.7046579587,0,15415000.0,0.0,15415000.0,132563000.0,93551000.0,145398000.0,38000.0,58396000.0,78136000.0,108325000.0,0.6170641815,27571000.0,0.1570558647,-60617000.0,-33046000.0,-0.1882437382,391000.0,-33305000.0,-0.1897191098,-0.3,-0.3,110232000,110232000,https://www.sec.gov/Archives/edgar/data/1034054/000119312511296630/0001193125-11-296630-index.htm,https://www.sec.gov/Archives/edgar/data/1034054/000119312511296630/d228328d10q.htm,1.5925411858625445,-0.3021354960447057,0.5755406778430946,0.2038790913709267,1.6745681834675956,0.1673833369620437,-13.893896509180635,0.057143116336454,30.822238551418828,3800799359.999999,6960695360.0,-28.530245909022668,21.650931420856853,59.90888451050549,169.11984337456613,603.3972630576282,603.3972630576282,39.65101117067029,64.2575154396492,109.71573475403116,309.7221393610394,-0.0087626303957281,0.0059129666870918,530.1160501666931,0.925207348679934,29.17051465497346,1.96060770237934,0.4721385026371669,-1.897389119837306,0.0,0.0,0.087810241015329,0.0,0.4294662603646632,0.6457607616285485,0.2333764362086938,0.5243293744240811,0.0157961594768412,,0.008013577860404,-0.0161742673501251,-30.665786704405253,127659000.0,-1531552000.0,-3330134000.0,3238491000.0,18057000.0,15742000.0,24341500.0,9.147189673538442,27.72715875556927,42.92302351148572,9.839087546239211,3.245914981531334,2.096776802685324,-5.287347197967931,0.3716615864721678,2011-10-31,-0.23,amc,134550000.0,2025-04-25,2011-09-30,0.3043478260869564,36.855625,1560542.21875
2011-06-30,SBAC,USD,1034054,2011-08-05,2011-08-05 12:36:07,2011,Q2,171053000.0,50107000.0,120946000.0,0.7070674002,0,15721000.0,0.0,15721000.0,128123000.0,92412000.0,142519000.0,29000.0,54141000.0,76691000.0,105254000.0,0.6153297516,27209000.0,0.1590676574,-56417000.0,-29208000.0,-0.1707540938,702000.0,-29819000.0,-0.1743260861,-0.27,-0.27,112324000,112324000,https://www.sec.gov/Archives/edgar/data/1034054/000119312511211834/0001193125-11-211834-index.htm,https://www.sec.gov/Archives/edgar/data/1034054/000119312511211834/d10q.htm,1.5228535308571631,-0.2654730956874755,0.6213008795983049,0.3045208503970656,2.4979345464905096,1.1146771838609737,-12.697402158042804,1.0053149816601974,30.078193440404544,4289653559.999999,7336266560.0,-35.964096381501726,25.07792064447861,61.46780288592431,125.4101318520684,37.988093977205295,37.988093977205295,42.88885059016796,69.70059627187565,105.12368435381948,214.4793614968572,-0.0069513772109839,0.0079738374023845,29.43971449066161,0.9001770642855189,28.945341744731792,2.730049291578646,0.5025581352394674,-2.3403534659109964,0.0,0.0,0.0919071866614441,0.0,0.4200986241842356,0.5098657343058163,0.2080173981163733,0.4639657847726591,0.0183627296802745,,0.0078074217595842,-0.0139238254355076,-29.03692888429899,223576000.0,-1426223000.0,-3214997000.0,3328946000.0,18809500.0,14272000.0,27032500.0,9.613862370142586,27.860179216476737,43.02871854231943,9.361482049036775,3.230417123331829,2.0916263149106697,-0.26406957076186,0.3167800292012392,2011-08-01,-0.22,amc,139414814.0,2025-04-25,2011-06-30,0.2272727272727273,38.57428571428572,1222731.2698412698
2011-03-31,SBAC,USD,1034054,2011-05-06,2011-05-06 12:56:00,2011,Q1,167749000.0,50704000.0,117045000.0,0.6977388837,0,15895000.0,0.0,15895000.0,127955000.0,90773000.0,141477000.0,30000.0,53174000.0,74878000.0,101180000.0,0.6031630591,23899000.0,0.1424688076,-57584000.0,-33685000.0,-0.2008059661,691000.0,-34251000.0,-0.2041800547,-0.3,-0.3,114416000,114416000,https://www.sec.gov/Archives/edgar/data/1034054/000119312511130220/0001193125-11-130220-index.htm,https://www.sec.gov/Archives/edgar/data/1034054/000119312511130220/d10q.htm,1.466132359110614,-0.2993549853167389,0.4649437141658509,0.2887882813592504,0.8515941826317998,1.9704674171444552,-11.407023493217732,1.862309467207384,26.72854321073976,4540026880.0,7449921880.0,-33.13791480540714,27.06440503371108,85.34366374043648,137.40169723382365,21.306877669210333,21.306877669210333,44.41112543144818,73.63038031231468,140.04402278323963,225.4682488953453,-0.0075442284606032,0.0072779304778036,14.10281211575104,0.8669288321873329,28.75958687487645,1.4419237070363502,0.4494489788242374,-1.5531517327961228,0.0,0.0,0.0947546632170683,0.0,0.4415709967348074,0.3788747485760475,0.1201497475394786,0.2691711851278079,0.0165783402583621,,0.007289053768609,-0.0176947489201352,-27.21476235841141,53140000.0,-1305146000.0,-3067418000.0,3122032000.0,19065500.0,12440000.0,36003500.0,10.379972458852214,23.13367781634585,53.44371252761124,8.67054323667752,3.8904319803575538,1.6840147464213358,-0.1607439529186495,0.1761554328066004,2011-04-28,-0.21,amc,117390000.0,2025-04-25,2011-03-31,0.4285714285714285,41.05612903225806,1610953.7903225806
2010-12-31,SBAC,USD,1034054,2011-02-25,2011-02-25 14:36:10,2010,Q4,165497000.0,51811000.0,113686000.0,0.6869369233,0,14978000.0,0.0,14978000.0,380651000.0,87701000.0,139512000.0,63000.0,52858000.0,72723000.0,87195000.0,0.5268675565,16695000.0,0.1008779615,-26390000.0,-38386000.0,-0.2319437815,195000.0,-39161000.0,-0.2366266458,-0.34,-0.34,114416000,114416000,https://www.sec.gov/Archives/edgar/data/1034054/000119312511047174/0001193125-11-047174-index.htm,https://www.sec.gov/Archives/edgar/data/1034054/000119312511047174/d10k.htm,1.4464497972311563,-0.3422685638372255,0.5139053978464551,0.3509037197594742,0.5966822821982939,2.8853744231576,-10.22478499510558,2.7715529296601877,25.17399664382604,4684191040.0,7447387040.0,-29.903418196675265,28.30378218336284,79.66446776305719,116.67017958106057,14.77150212859891,14.77150212859891,45.00013317461948,85.4107120821148,126.65839623122842,185.4937119230865,-0.0083602482617788,0.0085711704875299,8.916306644382075,0.831560140286897,31.68984460118126,1.123621576916008,0.3158462295206024,-1.524040330732744,0.0,0.0,0.0905031511145217,0.0,0.4411572933746057,0.3171822650045068,0.1126908644869695,0.0882710702808108,0.0162903255043898,,0.0051320823360679,-0.0206092845719025,-25.92937176618655,16143000.0,-1169879000.0,-2923315000.0,3050473000.0,18895500.0,13508500.0,36008000.0,10.215049215393632,20.579220628824,72.78029762019649,8.810530238500851,4.373343462479952,1.236598405651821,-0.1234934249944814,0.1630016780869808,2011-02-24,-0.22,amc,125551724.0,2025-04-25,2010-12-31,0.318181818181818,39.44765625,1169387.1875
2010-09-30,SBAC,USD,1034054,2010-11-04,2010-11-04 06:06:37,2010,Q3,158642000.0,50601000.0,108041000.0,0.6810365477,0,14417000.0,0.0,14417000.0,123557000.0,84144000.0,134745000.0,112000.0,52657000.0,69727000.0,93736000.0,0.5908649664,20668000.0,0.1302807579,-54524000.0,-33856000.0,-0.2134113287,719000.0,-34488000.0,-0.2173951413,-0.3,-0.3,114748000,114748000,https://www.sec.gov/Archives/edgar/data/1034054/000119312510246922/0001193125-10-246922-index.htm,https://www.sec.gov/Archives/edgar/data/1034054/000119312510246922/d10q.htm,1.3825251856241505,-0.3005542580262836,0.3853749084951371,0.206983999721128,1.7498867082650678,3.241250392163698,-9.287203262801969,3.241250392163698,25.05643671349392,4624344400.0,7249627400.0,-33.52140164694966,29.149559385282583,104.57349223219737,194.7010399562124,12.433473235339193,12.433473235339193,45.6980333076991,77.34090850900401,163.94082901788744,305.2346174897899,-0.0074579220353916,0.0051360793975466,7.588905887445654,0.8243492284902522,28.007201075360587,1.792907646001044,0.3925024213304974,-1.2789877078814171,0.0,0.0,0.0908775734042687,0.0,0.419872042000785,0.4629022410167115,0.1290326647419977,0.3151849228589905,0.0154624878657606,,0.0063982505448519,-0.0173627525460386,-24.59213886080803,123022000.0,-1065688000.0,-2773834000.0,3058802000.0,18036000.0,12624000.0,29101000.0,10.782957854792553,26.98168020394853,53.568506551253925,8.346503919608566,3.335596572181938,1.680091639551099,-0.0927278740182885,0.1783909087740091,2010-10-28,-0.24,amc,126880000.0,2025-04-25,2010-09-30,0.25,36.6153125,1174909.953125
2010-06-30,SBAC,USD,1034054,2010-08-04,2010-08-04 12:57:46,2010,Q2,154515000.0,49958000.0,104557000.0,0.6766786396,0,14297000.0,0.0,14297000.0,120194000.0,83128000.0,133086000.0,175000.0,52491000.0,68831000.0,90435000.0,0.5852829822,20024000.0,0.1295925962,-103896000.0,-83872000.0,-0.5428081416,-18000.0,-83699000.0,-0.5416885092,-0.72,-0.72,115666000,115666000,https://www.sec.gov/Archives/edgar/data/1034054/000119312510176715/0001193125-10-176715-index.htm,https://www.sec.gov/Archives/edgar/data/1034054/000119312510176715/d10q.htm,1.3358722528660107,-0.7236266491449519,0.5249338612902668,0.3923365552539207,2.007167188283506,3.43942040011758,-8.950651012397765,3.43942040011758,24.725684297892208,3933800660.0,6513291660.0,-11.749843665993618,25.4590211953532,64.7891144160614,86.68577919788453,9.888293969192404,9.888293969192404,42.15313503543345,72.02180195720683,107.27294925638618,143.52780211546937,-0.0212768788340179,0.0115359175317236,7.056964888996139,0.8176133598587408,28.52314922319898,1.9328197835693832,0.3814749195100112,-0.7240799484818852,0.0,0.0,0.0925282335048377,0.0,0.4173674435861838,0.2525981191429089,0.0992589716208782,0.2228211125800874,0.0179917807332621,,0.0060547184693824,-0.0418373880761519,-24.00760162882783,146282000.0,-1035286000.0,-2732766000.0,3069934000.0,15945000.0,10390500.0,27592000.0,9.939811668770025,18.155650746627167,50.593698706913806,9.054497509522417,4.957134352053979,1.7788776527560175,-0.2103920326576576,0.132597306036346,2010-08-02,-0.33,amc,104297621.0,2025-04-25,2010-06-30,1.1818181818181817,34.372063492063496,1704160.3015873015
2010-03-31,SBAC,USD,1034054,2010-05-07,2010-05-07 09:55:08,2010,Q1,147965000.0,47072000.0,100893000.0,0.6818707127,0,14506000.0,0.0,14506000.0,116573000.0,81952000.0,129024000.0,82000.0,51985000.0,67446000.0,86469000.0,0.5843881999,16886000.0,0.1141215828,-54188000.0,-37302000.0,-0.2521001588,109000.0,-37326000.0,-0.2522623593,-0.32,-0.32,117118000,117118000,https://www.sec.gov/Archives/edgar/data/1034054/000119312510112092/0001193125-10-112092-index.htm,https://www.sec.gov/Archives/edgar/data/1034054/000119312510112092/d10q.htm,1.2633839375672398,-0.3187042128451647,0.3194897453849963,0.2156542973752967,1.0402670810635428,4.801200498642395,-7.327993988968391,4.801200498642395,21.80139688177735,4224446260.0,6607523260.0,-28.294260435085462,28.550307572736795,112.8987722486504,167.25843370154809,7.512704376790615,7.512704376790615,44.65598797012807,76.41493783899432,176.58675664118874,261.61156352694303,-0.0088357142457766,0.0059787717597808,4.448372508256166,0.764789226332086,27.559900079797384,1.325169853057355,0.3248244685967106,-1.0001871107428295,0.0,0.0,0.098036697867739,0.0,0.4343329029385983,0.3250040087658346,0.0821883553543067,0.1803072087299469,0.0173824891021525,,0.0053584055345791,-0.0201751910983982,-21.87393270035349,45276000.0,-858240000.0,-2523820000.0,2938491000.0,17234500.0,9961000.0,33616500.0,9.01733518061704,20.4637576478586,51.81424201223657,9.980775716694772,4.39801924694011,1.7369741697416974,-0.0663801090863176,0.1038354480096996,2010-05-04,-0.24,amc,111000000.0,2025-04-25,2010-03-31,0.3333333333333334,35.12426229508197,1587265.8852459015
2009-12-31,SBAC,USD,1034054,2010-03-01,2010-02-26 21:57:06,2009,Q4,144980000.0,46844000.0,98136000.0,0.6768933646,0,14345000.0,0.0,14345000.0,447774000.0,80032000.0,126876000.0,206000.0,52007000.0,65687000.0,74086000.0,0.511008415,12056000.0,0.0831562974,-55662000.0,-43608000.0,-0.3007863154,2000.0,-43510000.0,-0.30011036,-0.37,-0.37,116925000,117118000,https://www.sec.gov/Archives/edgar/data/1034054/000119312510043426/0001193125-10-043426-index.htm,https://www.sec.gov/Archives/edgar/data/1034054/000119312510043426/d10k.htm,1.2399401325636092,-0.3721188796236904,0.4512037630960017,0.3431259354286936,1.4254351079751977,5.131058370750481,-7.1468206115031006,5.123232841565106,21.732366901860168,3994157999.999999,6321891000.0,-22.94965525166628,27.549717202372737,75.70858843376234,99.55528414755732,6.667664940554292,6.667664940554292,43.60526279486826,85.33179008179683,119.83037322061529,157.5745513459621,-0.0108934098250494,0.0100446702408868,4.155106387951268,0.7511514506981132,31.419336986745133,1.49212789415656,0.2318149479877709,-1.2097454712221969,0.0,0.0,0.0989446820251069,0.0,0.4332360789293726,0.2395321947798396,0.087163746723686,0.0488788838734881,0.0160504897227203,,0.0037871184592099,-0.0231675856138398,-21.48581141757537,78113000.0,-835642000.0,-2476859000.0,3010642000.0,17637000.0,9680500.0,33333500.0,12.194509587529314,17.71219366407651,77.10635300145162,7.380370596619833,5.081245254365983,1.167218996835522,-0.0726336067735721,0.1080778276673081,2010-02-25,-0.26,bmo,110882352.0,2025-04-25,2009-12-31,0.3076923076923077,31.22,1549429.15625
2009-09-30,SBAC,USD,1034054,2009-11-04,2009-11-04 15:00:06,2009,Q3,139289000.0,45288000.0,94001000.0,0.6748630545,0,13204000.0,0.0,13204000.0,111133000.0,78150000.0,123438000.0,334000.0,50456000.0,64946000.0,65231000.0,0.4683140808,14952000.0,0.1073451601,-65123000.0,-50171000.0,-0.3601935544,18000.0,-50109000.0,-0.3597484367,-0.43,-0.43,116686000,116686000,https://www.sec.gov/Archives/edgar/data/1034054/000119312509223633/0001193125-09-223633-index.htm,https://www.sec.gov/Archives/edgar/data/1034054/000119312509223633/d10q.htm,1.1937078998337418,-0.4294345508458598,0.5343828736952162,0.4274891589393758,2.50394220386336,5.467236857892121,-6.40393877586,5.467236857892121,21.929580240988635,3154022580.0,5376598580.0,-15.735808836735917,22.64373051712626,50.58171084917008,63.229673629766246,4.943996520103457,4.943996520103457,38.60031000294352,82.42397908969662,86.22562072007057,107.78634737981636,-0.0158873307749115,0.0158153591912458,3.931999372991614,0.7484236647359488,34.072388894850604,3.104889106727117,0.2963374028856825,-1.2424037139612265,0.0,0.0,0.0947957125113971,0.0,0.4132947726804159,0.2000320744126373,0.0895476311840848,0.2365670934091986,0.013798648852386,,0.004620250820607,-0.0254825689342418,-20.53792657216804,240492000.0,-747250000.0,-2358907000.0,3094759000.0,14636000.0,9905500.0,31648000.0,10.099146379111057,20.1550079491256,52.73052464228935,8.911644273832374,4.465391441530271,1.7067912866510893,-0.0785469080648953,0.1068937147558404,2009-10-29,-0.26,amc,119333171.0,2025-04-25,2009-09-30,0.6538461538461537,25.40671875,1567587.515625
2009-06-30,SBAC,USD,1034054,2009-08-06,2009-08-05 19:45:39,2009,Q2,136195000.0,43872000.0,92323000.0,0.6778736371,0,13164000.0,0.0,13164000.0,109433000.0,77415000.0,121287000.0,294000.0,42616000.0,64251000.0,77668000.0,0.5702705679,13598000.0,0.0998421381,-42797000.0,-29199000.0,-0.2143911304,229000.0,-29360000.0,-0.2155732589,-0.25,-0.25,117079000,117079000,https://www.sec.gov/Archives/edgar/data/1034054/000119312509165747/0001193125-09-165747-index.htm,https://www.sec.gov/Archives/edgar/data/1034054/000119312509165747/d10q.htm,1.163274370296979,-0.250770847034908,0.4967756813775314,0.3765918738629472,1.5203324251146662,5.868917568479403,-6.08853850818678,5.868917568479403,20.774032917944293,2873118660.0,5088476660.0,-24.464566246594007,21.095625096369176,49.398553350985175,65.16338164251208,4.181350259850071,4.181350259850071,37.36169947501744,65.51574213318226,87.48799319143083,115.40851103399788,-0.0102188609223678,0.0153460421297044,3.4776496921238724,0.7340128784697701,28.523433074110315,2.5463592207979704,0.3190820349164633,-1.976282704723072,0.0,0.0,0.0966555306729322,0.0,0.4300298785659148,0.2419277191293284,0.1033150996732626,0.2190004824827629,0.0170711112742758,,0.0043306911909971,-0.0158228530285458,-20.17246901664688,149952000.0,-712840000.0,-2321461000.0,3028227000.0,13861000.0,9868500.0,41134500.0,9.014868387238886,19.83520240700219,75.41438730853392,9.983506817182231,4.53738752714862,1.193406234698874,-0.0427286367731147,0.1201838075145841,2009-07-28,-0.17,amc,92616000.0,2025-04-25,2009-06-30,0.4705882352941175,24.54047619047619,2567183.634920635
2009-03-31,SBAC,USD,1034054,2009-05-08,2009-05-08 14:30:58,2009,Q1,135050000.0,44538000.0,90512000.0,0.670211033,0,12075000.0,0.0,12075000.0,108625000.0,75728000.0,120266000.0,288000.0,35671000.0,63653000.0,81676000.0,0.6047834136,14350000.0,0.1062569419,-31998000.0,-17648000.0,-0.1306775268,242000.0,-17890000.0,-0.1324694558,-0.15,-0.15,117984000,117984000,https://www.sec.gov/Archives/edgar/data/1034054/000119312509105128/0001193125-09-105128-index.htm,https://www.sec.gov/Archives/edgar/data/1034054/000119312509105128/d10q.htm,1.144646731760239,-0.1516307295904529,0.4177176566314076,0.3536242202332519,0.7623745592622728,5.510484472470844,-6.401206943314348,5.510484472470844,20.254780309194462,2749027200.0,5013312200.0,-38.4156959195081,20.35562532395409,55.77930362795228,65.88915200613584,4.228303358153285,4.228303358153285,37.12189707515735,61.38048141436897,101.72291615940264,120.1599204256747,-0.0065077566347833,0.0151770051602254,3.6208146132655754,0.7421356107464644,27.72277045888633,1.7508687079942922,0.4022875725379159,-2.754835103409726,0.0,0.0,0.0894113291373565,0.0,0.4430580513363724,0.1534372210047885,0.0559940762680488,0.1188003707602155,0.0120399851906701,,0.0047134650086568,-0.0101266195374133,-20.329955756712778,68932000.0,-755240000.0,-2361136000.0,2957274000.0,15215500.0,9515500.0,46897500.0,9.38319141058867,20.34487404014549,91.9581031927792,9.591619318181818,4.423718712753278,0.978706572615202,-0.0275167692328989,0.0640934363981556,2009-05-04,-0.12,amc,108080000.0,2025-04-25,2009-03-31,0.25,20.371475409836066,2555984.8032786883
2008-12-31,SBAC,USD,1034054,2009-02-27,2009-02-27 16:43:15,2008,Q4,134429000.0,46561000.0,87868000.0,0.6536387238,0,13305000.0,0.0,13305000.0,380531000.0,75419000.0,121980000.0,0.0,0.0,53874000.0,78759000.0,0.5858780471,11528000.0,0.0857553058,-8499000.0,3029000.0,0.0225323405,345000.0,2684000.0,0.01996593,0.0227,0.0227,116545000,117984000,https://www.sec.gov/Archives/edgar/data/1034054/000119312509041076/0001193125-09-041076-index.htm,https://www.sec.gov/Archives/edgar/data/1034054/000119312509041076/d10k.htm,1.153451456518941,0.0230297310051911,0.3396713715732121,0.2586468745977948,0.6780042043845724,4.219477455060277,-8.008691921575357,4.219477455060277,21.91994508558926,1902014400.0,4377818400.0,177.16229508196722,14.148839908055551,48.04643948771061,63.09761146496815,3.8677775089017183,3.8677775089017183,32.56602667579168,55.584992191368606,110.58727359991916,145.23017515923567,0.0014111354782592,0.0158484604532962,5.194943051372725,0.7954705390738557,31.435188359425588,1.7033688765260393,0.0,14.74925484351714,0.0,0.0,0.098974179678492,0.0,0.4437578857035386,0.2385379038573269,0.0702452595794062,0.1752793555332813,0.0536119438514011,1.478648772488382,0.0032667903876528,0.0015024832398106,-22.346078767857907,63721000.0,-933373000.0,-2565434000.0,2991525000.0,21656000.0,9753500.0,24144000.0,10.9469682880926,17.325014497111315,93.33820149910868,8.221454345299982,5.194800847930381,0.9642354208084823,0.0054579580648244,0.0810244969754172,2009-02-26,-0.11,bmo,739200000.0,2025-04-25,2008-12-31,-1.181818181818182,16.46484375,3296578.546875
2008-09-30,SBAC,USD,1034054,2008-11-05,2008-11-05 17:04:20,2008,Q3,118656000.0,42008000.0,76648000.0,0.6459681769,0,12496000.0,0.0,12496000.0,94733000.0,65221000.0,107229000.0,1847000.0,36624000.0,55840000.0,68345000.0,0.5759927859,11427000.0,0.0963036003,-38651000.0,-15999000.0,-0.1348351537,424000.0,-16423000.0,-0.1384085086,-0.15,-0.15,107384000,107384000,https://www.sec.gov/Archives/edgar/data/1034054/000119312508226025/0001193125-08-226025-index.htm,https://www.sec.gov/Archives/edgar/data/1034054/000119312508226025/d10q.htm,1.1049690829173806,-0.1529371228488415,0.5028495865305819,0.4102100871638233,4.091075020487224,3.6065894360426136,-8.484066527601877,3.6065894360426136,26.671310437309096,2778024080.0,5166317080.0,-42.28862083663156,23.41241976806904,51.44679580725211,63.0652458569807,7.172981693304759,7.172981693304759,43.5402936218986,75.59173428926769,95.67608207711396,117.28302111237232,-0.0059117558117062,0.0158565940148366,7.300596452270908,0.8345852588427816,34.944663106298925,5.102264274450296,0.3120085190039318,-3.2879498264628872,0.0,0.0,0.1053128371089536,0.0,0.3832353163424097,0.1842290455202044,0.083838996763754,0.1781518624641833,0.0,,0.0035625693586014,-0.0078597562580611,-23.662940940922297,413619000.0,-911053000.0,-2486112000.0,3147949000.0,21334000.0,10343000.0,22540500.0,20.449787621359224,22.58998286040754,0.0,4.401023700901302,3.9840667678300457,0.0,-0.0424049162126571,0.0926394993667585,2008-10-30,-0.13,bmo,102873333.0,2025-04-25,2008-09-30,0.1538461538461537,33.23453125,1897592.21875
2008-06-30,SBAC,USD,1034054,2008-08-07,2008-08-06 20:19:50,2008,Q2,111952000.0,39361000.0,72591000.0,0.6484118194,0,12548000.0,0.0,12548000.0,88614000.0,61801000.0,101162000.0,1630000.0,33236000.0,52029000.0,65500000.0,0.5850721738,10790000.0,0.0963805917,-36843000.0,-18200000.0,-0.1625696727,190000.0,-18390000.0,-0.1642668286,-0.17,-0.17,107131000,107131000,https://www.sec.gov/Archives/edgar/data/1034054/000119312508168654/0001193125-08-168654-index.htm,https://www.sec.gov/Archives/edgar/data/1034054/000119312508168654/d10q.htm,1.0450009801084654,-0.1716589969289934,0.42346286322353,0.3449328392342086,2.021114336653256,1.2131409209285828,-8.089404560771392,1.2131409209285828,23.22610635577004,3857787310.0,6105517310.0,-52.4440906742795,34.459297824067455,85.03697284309835,104.39713446810812,29.68327865194475,29.68327865194475,54.53692037658997,93.21400473282442,134.58354957457126,165.2238603090412,-0.0047669813087751,0.00957880697679,18.889701073365902,0.8982444534777062,34.31648854961832,3.932323544841873,0.3246479720784691,-2.466884176182708,0.0,0.0,0.112083750178648,0.0,0.3646363902793485,0.1854472512454261,0.0751482778333571,0.1616982836495031,0.0,,0.0041006340740804,-0.0105901580058484,-21.95722293267121,217986000.0,-866626000.0,-2310819000.0,2531344000.0,26329500.0,10731500.0,22540500.0,12.62710804630556,23.18995960468484,103.0789360026422,7.12752276055262,3.880989942812069,0.8731172777888689,-0.1414996345169853,0.0785300239893214,2008-08-04,-0.1,bmo,83124357.0,2025-04-25,2008-06-30,0.7000000000000001,34.128750000000004,1816692.375
2008-03-31,SBAC,USD,1034054,2008-05-07,2008-05-07 15:35:04,2008,Q1,109917000.0,40235000.0,69682000.0,0.6339510722,0,10491000.0,0.0,10491000.0,87588000.0,57844000.0,98079000.0,2098000.0,28370000.0,49702000.0,64028000.0,0.5825122593,11838000.0,0.1076994459,-30986000.0,-14556000.0,-0.1324271951,78000.0,-14634000.0,-0.1331368214,-0.13,-0.13,108469000,108469000,https://www.sec.gov/Archives/edgar/data/1034054/000119312508105796/0001193125-08-105796-index.htm,https://www.sec.gov/Archives/edgar/data/1034054/000119312508105796/d10q.htm,1.0133494362444568,-0.1349141229291318,0.3203219352994865,0.2432307848325328,1.2793517041735427,3.0044252274843504,-5.07249997695194,3.0044252274843504,18.19293991831768,3235630270.0,5053647270.0,-55.27590320486538,29.43703221521693,93.1250617355015,122.64072584618884,9.92868776600478,9.92868776600478,45.97693959987991,78.92870728431312,145.4496264210678,191.549379145662,-0.0045227664408022,0.0081538982511744,5.968326444442399,0.8080927266668938,28.39409320922097,3.189293237451878,0.4172717659499471,-2.37426540932076,0.0,0.0,0.095444744670979,0.0,0.3639932161758143,0.2406677219743848,0.0760755843045206,0.168242726650839,0.0139650827442524,,0.0050902883811365,-0.0095596698732563,-17.650490001751653,150700000.0,-550209000.0,-1861480000.0,2223890000.0,28567500.0,11339000.0,0.0,30.256284287234912,25.323474586802536,0.0,2.97458865555315,3.554014663015635,0.0,-0.0449051358292905,0.0770911504669537,2008-04-30,-0.1,bmo,84538461.0,2025-04-25,2008-03-31,0.3,29.520983606557376,1775525.3770491802
2007-12-31,SBAC,USD,1034054,2008-02-28,2008-02-27 18:02:20,2007,Q4,108903000.0,42985000.0,65918000.0,0.605290947,0,11878000.0,0.0,11878000.0,227618000.0,56218000.0,99203000.0,0.0,0.0,46474000.0,56315000.0,0.517111558,9700000.0,0.0890700899,-38446000.0,-28746000.0,-0.2639596705,133000.0,-28879000.0,-0.2651809408,-0.27,-0.27,105973000,108469000,https://www.sec.gov/Archives/edgar/data/1034054/000119312508040304/0001193125-08-040304-index.htm,https://www.sec.gov/Archives/edgar/data/1034054/000119312508040304/d10k.htm,1.0276485519896577,-0.2725128098666641,0.384720636388514,0.3118247100676587,1.183452388816019,3.183744916157889,-5.016447585705793,3.183744916157889,17.976276976210922,3586126320.0000005,5420854320.0,-31.0444122026386,32.929545742541535,87.9599293598234,108.52250930549252,10.628992237492998,10.628992237492998,49.77690531941269,96.25951025481666,132.961842531273,164.04461552428506,-0.0080529790149723,0.0092146781934887,5.64626797988091,0.7989689316422314,32.579738968303296,2.799159774189313,0.0,-1.411752484504311,0.0,0.0,0.1090695389475037,0.0,0.3644636234268595,0.1894775570272259,0.0709346849949037,0.1662219735766235,0.0607145808655408,,0.0042219381850133,-0.019057970440645,-17.989306238381474,137042000.0,-531608000.0,-1833720000.0,2198010000.0,31437500.0,10420000.0,0.0,16.679705793228838,23.7787600325695,0.0,5.395778625575979,3.784890375979572,0.0,-0.085595051438835,0.0728959263208553,2008-02-21,-0.12,bmo,101075596.0,2025-04-25,2007-12-31,1.2500000000000002,34.890625,1360301.578125
2007-09-30,SBAC,USD,1034054,2007-11-07,2007-11-07 16:31:36,2007,Q3,103201000.0,43652000.0,59549000.0,0.5770196025,0,11289000.0,0.0,11289000.0,86601000.0,54238000.0,97890000.0,0.0,0.0,45053000.0,50428000.0,0.488638676,5311000.0,0.0514626796,-22303000.0,-16992000.0,-0.1646495673,542000.0,-17534000.0,-0.1699014544,-0.17,-0.17,104188000,104188000,https://www.sec.gov/Archives/edgar/data/1034054/000119312507238502/0001193125-07-238502-index.htm,https://www.sec.gov/Archives/edgar/data/1034054/000119312507238502/d10q.htm,0.9905267401236226,-0.1682919338119553,0.2772296233731331,0.2122701270779744,1.5798172534264985,2.6398721541828234,-4.93074058432833,2.6398721541828234,18.284255384497257,3736181680.0,5597820680.0,-53.2705269761606,36.20296004883674,129.35125605871764,168.93568818954603,13.583991157746244,13.583991157746244,54.24192284958479,111.00620052351869,193.8035133638,253.111805028034,-0.004693026598214,0.0059194123557717,6.926189723061485,0.8277940656942585,36.91677242801618,3.961552515768235,0.0,-1.6473137903501769,0.0,0.0,0.1093884749178787,0.0,0.3427488933414505,0.2343165766514333,0.0655807598763577,0.150223070605731,0.0,,0.002448409365705,-0.0115924973388957,-17.560918723845358,186409000.0,-513724000.0,-1776902000.0,2134879000.0,40918000.0,9160500.0,0.0,37.23103458299823,19.55168148080271,0.0,2.417338142977607,4.603184646209006,0.0,-0.0637500318132073,0.0649594962951587,2007-11-01,-0.12,bmo,72847058.0,2025-04-25,2007-09-30,0.4166666666666668,33.59428571428572,1372842.015873016
2007-06-30,SBAC,USD,1034054,2007-08-06,2007-08-06 15:50:49,2007,Q2,100289000.0,39250000.0,61039000.0,0.6086310562,0,11578000.0,0.0,11578000.0,80900000.0,53228000.0,92478000.0,0.0,0.0,43731000.0,51683000.0,0.5153406655,7811000.0,0.0778849126,-22782000.0,-14971000.0,-0.1492785849,101000.0,-15072000.0,-0.1502856744,-0.15,-0.15,103160000,103160000,https://www.sec.gov/Archives/edgar/data/1034054/000119312507171939/0001193125-07-171939-index.htm,https://www.sec.gov/Archives/edgar/data/1034054/000119312507171939/d10q.htm,0.97216944552152,-0.1461031407522295,0.2591314462970143,0.1863609926328034,1.927384645211322,2.27676424970919,-5.036264055835595,2.27676424970919,18.46645986816596,3465144400.0000005,5272610400.0,-57.47651937367304,34.551589905174055,129.62533293431096,180.24158127438236,14.753393990743856,14.753393990743856,52.57416466412069,102.01827293307277,197.23965285051625,274.2580182054616,-0.0043496022849725,0.0055481093370885,8.11083530959548,0.8453501746613274,34.972157189017665,4.731308610764737,0.0,-1.773619957537155,0.0,0.0,0.1154463600195435,0.0,0.3347728692738065,0.2808244800239413,0.0748536728853613,0.171663122270243,0.0,,0.0035826130603207,-0.0100540860734364,-17.35601008142691,218442000.0,-519541000.0,-1741648000.0,2092436000.0,37446000.0,8924000.0,0.0,35.12807984923571,20.26547770700637,0.0,2.5620529327610875,4.441050011314777,0.0,-0.0641713962132404,0.0727704536642109,2007-08-02,-0.12,bmo,80240000.0,2025-04-25,2007-06-30,0.25,31.14492063492064,1117657.2698412698
2007-03-31,SBAC,USD,1034054,2007-05-09,2007-05-09 16:31:52,2007,Q1,95808000.0,37466000.0,58342000.0,0.6089470608,0,10824000.0,0.0,10824000.0,77759000.0,51117000.0,88583000.0,0.0,0.0,41943000.0,49275000.0,0.5143098697,7225000.0,0.0754112391,-23527000.0,-16302000.0,-0.1701528056,92000.0,-16394000.0,-0.1711130595,-0.16,-0.16,105666000,105666000,https://www.sec.gov/Archives/edgar/data/1034054/000119312507108248/0001193125-07-108248-index.htm,https://www.sec.gov/Archives/edgar/data/1034054/000119312507108248/d10q.htm,0.9067060360002271,-0.1551492438438097,0.2512444873469233,0.1966290008138852,2.0771487517271403,2.199288323585638,-4.790339371226317,2.199288323585638,18.02850491170291,3122430300.0,4807946300.0,-47.61544314993291,32.59049661823647,117.61452086786198,150.28301968522885,13.436164637032574,13.436164637032574,50.18314023881096,97.57374530695078,181.1038985987645,231.4071473263705,-0.0052503974228023,0.0066541117026695,8.197426739532682,0.848105052836277,34.20631151699645,5.29933831990794,0.0,-1.619372941319995,0.0,0.0,0.1129759519038076,0.0,0.3288092159858676,0.2173798402892873,0.0602350534402137,0.1375914932169849,0.0147899966599866,,0.0033168448266123,-0.0108741073667202,-16.727225408362198,239112000.0,-506176000.0,-1719066000.0,2092188000.0,37966000.0,9905500.0,0.0,33.5809118236473,21.6436235520205,0.0,2.680093991272239,4.15826859045505,0.0,-0.070545204182624,0.054615486533038,2007-05-07,-0.15,bmo,89812500.0,2025-04-25,2007-03-31,0.0666666666666667,28.501967213114757,1447774.426229508
2006-12-31,SBAC,USD,1034054,2007-03-01,2007-03-01 12:54:28,2006,Q4,96750000.0,39993000.0,56757000.0,0.5866356589,0,10810000.0,0.0,10810000.0,289317000.0,50703000.0,90696000.0,0.0,0.0,41288000.0,48788000.0,0.5042687339,6054000.0,0.0625736434,-30366000.0,-24312000.0,-0.2512868217,-47000.0,-24265000.0,-0.2508010336,-0.23,-0.23,105006000,105666000,https://www.sec.gov/Archives/edgar/data/1034054/000119312507043928/0001193125-07-043928-index.htm,https://www.sec.gov/Archives/edgar/data/1034054/000119312507043928/d10k.htm,0.9213759213759214,-0.2310820334076148,0.3383711406967221,0.2485667485667485,0.4394796487819744,3.675228082204826,-3.227920309315658,3.675228082204826,14.808677599375274,2887665000.0,4396517000.0,-29.751339377704515,29.846666666666668,81.27170639723059,110.6342668863262,7.48252880770935,7.48252880770935,45.44203617571059,90.11472083299172,123.7374968337508,168.4424734684495,-0.0084029830330041,0.0090387908569726,4.029322063323841,0.7599110977318975,30.92670328769369,2.186773828700689,0.0,-1.4642901298166082,0.0,0.0,0.1117312661498708,0.0,0.3542368342348013,0.2654020432861445,0.0974677002583979,0.2283956597558612,0.0559173126614987,,0.0030394792980671,-0.0183628218128982,-15.085661771708285,69253000.0,-338951000.0,-1532764000.0,1900067000.0,42145000.0,11377500.0,0.0,37.38046511627907,24.30650363813667,0.0,2.407674696396576,3.7027127117859457,0.0,-0.0628755626151466,0.0898043921299735,2007-02-22,-0.18,bmo,75756521.0,2025-04-25,2006-12-31,0.2777777777777779,27.33873015873016,1117021.0476190476
2006-09-30,SBAC,USD,1034054,2006-11-09,2006-11-09 16:00:07,2006,Q3,98172000.0,42154000.0,56018000.0,0.5706107648,0,11044000.0,0.0,11044000.0,80812000.0,49702000.0,91856000.0,0.0,0.0,43718000.0,50034000.0,0.5096565212,6316000.0,0.0643360632,-30463000.0,-24147000.0,-0.2459662633,194000.0,-24341000.0,-0.2479423868,-0.23,-0.23,103733000,103733000,https://www.sec.gov/Archives/edgar/data/1034054/000119312506230301/0001193125-06-230301-index.htm,https://www.sec.gov/Archives/edgar/data/1034054/000119312506230301/d10q.htm,0.9463912159100768,-0.2346504969488976,0.1264689153885456,0.0601737152111671,0.3896060077313873,3.740034511679022,-3.2395766053232817,3.740034511679022,14.508401376611108,2523823890.0,3988408890.0,-25.92153044246333,25.708184512895738,192.3792888177452,404.329363985902,6.505287564599899,6.505287564599899,40.62674581347024,79.7139722988368,304.0177521152527,638.9632954181352,-0.0096444922708137,0.0024732312047335,3.8792159086515534,0.7516998155463509,29.27179517927809,1.579816653934301,0.0,-0.5389893179950699,0.0,0.0,0.112496434828668,0.0,0.3616230522608683,0.5242015397515054,0.0700505235708756,0.157303627796331,0.0,,0.0032874542085791,-0.0190444819824225,-14.852260129370595,37949000.0,-336051000.0,-1510765000.0,1868667000.0,44252000.0,12776500.0,0.0,40.43454345434544,25.522133130900983,0.0,2.225819616378724,3.526351012213485,0.0,-0.0627401956362043,0.0662952001773784,2006-11-06,-0.17,bmo,72582608.0,2025-04-25,2006-09-30,0.3529411764705882,24.28650793650793,1039041.1428571428
2006-06-30,SBAC,USD,1034054,2006-08-09,2006-08-09 16:45:01,2006,Q2,87376000.0,40176000.0,47200000.0,0.5401941036,0,11495000.0,0.0,11495000.0,73061000.0,44380000.0,84556000.0,0.0,0.0,37654000.0,40474000.0,0.4632164439,2820000.0,0.0322743087,-78261000.0,75441000.0,0.8634064274,197000.0,-75638000.0,-0.8656610511,-0.77,-0.77,98138000,98138000,https://www.sec.gov/Archives/edgar/data/1034054/000119312506167858/0001193125-06-167858-index.htm,https://www.sec.gov/Archives/edgar/data/1034054/000119312506167858/d10q.htm,0.8903380953351403,-0.7707310114328803,0.123275387719334,0.0515702378283641,0.627646783101347,4.124661191383562,-3.145050846766798,4.124661191383562,15.335547901934012,2565327320.0,4008731320.0,-8.478963351754409,29.35963330891778,212.04557116878823,506.8815095830864,6.337490229405168,6.337490229405168,45.87908945248123,99.0446044374166,331.3548784923128,792.0828531910689,-0.0294847364740964,0.0019728476598456,3.718013962933501,0.7491729230487405,35.66249938231952,0.1184435794976513,0.0,-0.1599460588593035,0.0,0.0,0.1315578648599157,0.0,0.3551403218307496,0.5816663911390313,0.0805369895623512,0.1868858554204068,0.0,,0.0014414904160176,-0.0583875681521513,-15.37836006439911,-1020562000.0,-308649000.0,-1466976000.0,782507000.0,42870000.0,13550500.0,0.0,45.731322102179085,30.46370967741936,0.0,1.968016577323303,2.9543348775645266,0.0,-0.1868592293211722,0.0717051498909698,2006-08-03,-0.15,bmo,17025974.0,2025-04-25,2006-06-30,4.133333333333334,23.57873015873016,1230212.9682539685
2006-03-31,SBAC,USD,1034054,2006-05-10,2006-05-10 17:02:41,2006,Q1,68804000.0,34263000.0,34541000.0,0.5020202314,0,8703000.0,0.0,8703000.0,55271000.0,39371000.0,73634000.0,0.0,0.0,26487000.0,21657000.0,0.3147636765,-4830000.0,-0.070199407,-3977000.0,-8807000.0,-0.128001279,398000.0,-9205000.0,-0.1337858264,-0.11,-0.11,85694000,85694000,https://www.sec.gov/Archives/edgar/data/1034054/000119312506107773/0001193125-06-107773-index.htm,https://www.sec.gov/Archives/edgar/data/1034054/000119312506107773/d10q.htm,0.8029033537937312,-0.1074170887109949,0.1775153452983872,0.111874810371788,0.6986953579013699,0.8879384787733097,0.4493430111793124,0.8879384787733097,9.21484584685042,2006096540.0,2735879540.0,-54.48388212927757,29.15668478576827,131.8759229555614,209.25175132992595,26.36443915837615,26.36443915837615,39.763379164002096,126.32772498499332,179.8500880883513,285.37389590069887,-0.004588512973558,0.004778932523357,10.37779763703986,0.8311111625664914,33.69732649951517,2.4483164149541965,0.0,-1.6525801195002716,0.0,0.0,0.1264897389686646,0.0,0.039558077804745,0.3697738627399421,0.0817539677925702,0.2123683316343866,0.0157258298936108,,-0.0055989039034348,-0.0100872622151211,-9.138918710761548,70197000.0,38506000.0,-755366000.0,840241000.0,42029500.0,16088000.0,0.0,54.077960583687,35.46624638823221,0.0,1.6642639446567655,2.5376240556954524,0.0,-0.1209735711187919,0.0656405349265993,2006-05-08,-0.12,bmo,75054545.0,2025-04-25,2006-03-31,-0.0833333333333333,21.20451612903226,670408.8548387097
2005-12-31,SBAC,USD,1034054,2006-03-10,2006-03-10 06:14:08,2005,Q4,72419000.0,38974000.0,33445000.0,0.4618263163,0,7141000.0,0.0,7141000.0,227618000.0,29559000.0,68533000.0,0.0,0.0,28213000.0,32099000.0,0.4432400337,3886000.0,0.0536599511,-34995000.0,-31109000.0,-0.4295695881,1173000.0,-32297000.0,-0.4459741228,-0.38,-0.38,85112000,85694000,https://www.sec.gov/Archives/edgar/data/1034054/000119312506050160/0001193125-06-050160-index.htm,https://www.sec.gov/Archives/edgar/data/1034054/000119312506050160/d10k.htm,0.8508670927718771,-0.3794647053294482,0.1600714352852711,0.0867445248613591,0.7720532944825641,0.9567511044271078,0.5867562740859104,0.9567511044271078,9.215997744148886,1523504799.9999998,2261962800.0,-11.79292813574016,21.037363122937347,111.82507339988254,206.3530814032236,18.70915007798013,18.70915007798013,31.23438324196689,70.46832611607839,166.0278038755138,306.3744819179195,-0.0211991455491311,0.0048460628414167,9.632596922547924,0.8234775378568369,23.0056388049472,2.5351053832729225,0.0,-0.4218348453416726,0.0,0.0,0.098606719231141,0.0,0.0330601678046814,0.4580886670581327,0.0861790414117842,0.2212100804593627,0.0063795412806031,,0.0044786288003222,-0.0350656048292971,-9.086336239308206,80045000.0,49940000.0,-738917000.0,839869000.0,41981000.0,16885500.0,0.0,53.08731134094644,43.122594550212966,0.0,1.6953203642577896,2.0870729356324302,0.0,-0.3966179956036399,0.073326910423912,2006-02-20,-0.17,bmo,63260125.0,2025-04-25,2005-12-31,1.2352941176470589,16.763650793650793,916032.7777777778
2005-09-30,SBAC,USD,1034054,2005-11-09,2005-11-09 17:00:32,2005,Q3,66021000.0,35005000.0,31016000.0,0.4697899153,0,6725000.0,0.0,6725000.0,56693000.0,28382000.0,63387000.0,0.0,0.0,28402000.0,31036000.0,0.4700928492,2603000.0,0.039426849,-16696000.0,-14093000.0,-0.2134623832,354000.0,-14444000.0,-0.2187788734,-0.19,-0.19,74487000,74487000,https://www.sec.gov/Archives/edgar/data/1034054/000119312505221702/0001193125-05-221702-index.htm,https://www.sec.gov/Archives/edgar/data/1034054/000119312505221702/d10q.htm,0.8863425832695638,-0.1939130318042074,0.2467410420610307,0.163343939210869,0.3151825150697437,-0.626538859129781,-0.9753514036006284,-0.626538859129781,11.37461570475385,1149334410.0,1973118410.0,-19.89293841733592,17.408618621347753,62.53519832417433,94.46325388345524,-24.627363131843406,-24.627363131843406,29.88622423168385,63.575151759247326,107.3572234615594,162.16967288567437,-0.0125672736101236,0.0105861269741327,-18.15468512288671,0.9563531614835952,26.542853460497486,1.4520631067961165,0.0,-1.272431459429521,0.0,0.0,0.1018615289074688,0.0,0.0293274065980456,0.3379944501877142,0.0940912739885793,0.2187169917611436,0.0,,0.003196454668777,-0.0167963839631977,-11.789805603662384,24585000.0,-72651000.0,-853629000.0,775398000.0,39606500.0,14298000.0,0.0,56.22529195256055,38.81531209827168,0.0,1.6007031155291551,2.3186725839570776,0.0,0.309498810773747,0.0833971028501617,2005-11-07,-0.21,bmo,72947368.0,2025-04-25,2005-09-30,-0.0952380952380951,14.900625,577966.984375
2005-06-30,SBAC,USD,1034054,2005-08-09,2005-08-09 16:02:44,2005,Q2,63248000.0,34679000.0,28569000.0,0.4516980774,0,7112000.0,0.0,7112000.0,56365000.0,28796000.0,63475000.0,0.0,0.0,29591000.0,29364000.0,0.4642676448,-229000.0,-0.0036206678,-25816000.0,-26045000.0,-0.4117916772,331000.0,-26255000.0,-0.4151119403,-0.37,-0.37,70330000,70330000,https://www.sec.gov/Archives/edgar/data/1034054/000119312505162569/0001193125-05-162569-index.htm,https://www.sec.gov/Archives/edgar/data/1034054/000119312505162569/d10q.htm,0.8993032845158538,-0.3733115313521968,0.0251101947959618,-0.0326887530214702,0.3003270297170482,-0.7096971420446466,-0.721996303142329,-0.7096971420446466,11.802161239869188,949455000.0,1758379000.0,-9.040706532089123,15.011620920819633,537.6302378255946,-412.9860809047412,-19.02219862560856,-19.02219862560856,27.801337591702502,59.88213458656859,995.6845979614948,-764.8451500652458,-0.0276527060260886,-0.0024213891127014,-16.62985594935187,0.9683936173563852,27.548154202424737,1.4050552115912427,0.0,-0.0672633784041135,0.0,0.0,0.1124462433594738,0.0,0.001009173562686,2.301812004530011,0.0642708069820389,0.1373728498529958,0.0,,-0.0002851171634137,-0.0306619859110189,-12.191838475757145,19038000.0,-50778000.0,-841011000.0,755545000.0,34526500.0,12379500.0,3249500.0,54.02732102200861,35.033017099685686,0.0,1.6658238516645596,2.56900511148974,0.0,0.526015266563821,0.0577989478174321,2005-08-01,-0.26,bmo,43242105.0,2025-04-25,2005-06-30,0.4615384615384615,10.4471875,786043.484375
2005-03-31,SBAC,USD,1034054,2005-05-10,2005-05-10 17:18:03,2005,Q1,58304000.0,31294000.0,27010000.0,0.4632615258,0,7200000.0,0.0,7200000.0,21874000.0,29057000.0,60351000.0,0.0,0.0,29750000.0,27703000.0,0.4751475027,-2064000.0,-0.0354006586,-19233000.0,-21297000.0,-0.3652751098,246000.0,-21713000.0,-0.3724101262,-0.33,-0.33,65260000,65260000,https://www.sec.gov/Archives/edgar/data/1034054/000119312505102996/0001193125-05-102996-index.htm,https://www.sec.gov/Archives/edgar/data/1034054/000119312505102996/d10q.htm,0.8934109714986209,-0.332715292675452,0.2451425068954949,0.1971805087342936,0.2914036163040147,-1.598268464603126,-1.6152467054857491,-1.598268464603126,13.520395341710085,596476400.0,1459800400.0,-6.8677336158062,10.230454171240396,37.28443555444431,46.35346596207647,-5.718688820072289,-5.718688820072289,25.03774012074643,52.694668447460565,91.24893111638954,113.44423375815978,-0.0364021107960013,0.0215733598177564,-8.459401934747802,1.0331426309897944,31.16355629354221,1.195939665370965,0.0,-0.7367936259383779,0.0,0.0,0.1234906695938529,0.0,0.0012973691975513,0.1956494561820227,0.0536841383095499,0.1052100840336134,0.001972420417124,,-0.0025777407301449,-0.0254570139566293,-13.986496322402695,9275000.0,-105411000.0,-901728000.0,753210000.0,35638000.0,13232000.0,6421500.0,47.983843304061466,32.38320444813702,18.69080334888477,1.875631333440566,2.7792184724689166,4.815202338821357,0.2081723440361255,0.0479619981612013,2005-05-02,-0.29,bmo,51233333.0,2025-04-25,2005-03-31,0.1379310344827587,8.954262295081968,604445.0
2004-12-31,SBAC,USD,1034054,2005-03-16,2005-03-16 17:05:11,2004,Q4,65533000.0,41557000.0,23976000.0,0.3658614744,0,14327000.0,0.0,14327000.0,97795000.0,41311000.0,82868000.0,0.0,0.0,36403000.0,19068000.0,0.2909679093,-17362000.0,-0.2649352235,-34601000.0,-51927000.0,-0.7923794119,-117000.0,-52103000.0,-0.7950650817,-0.82,-0.8,63661000,65260000,https://www.sec.gov/Archives/edgar/data/1034054/000119312505052876/0001193125-05-052876-index.htm,https://www.sec.gov/Archives/edgar/data/1034054/000119312505052876/d10k.htm,1.0294057586277312,-0.8184445736007917,0.0024347716812491,-0.038469392563736,1.0937151474214983,-1.3928621919228412,-1.4143038909222287,-1.3928621919228412,14.572595466612212,590774080.0,1448853080.0,-2.8346452219641862,9.014909740130928,3811.445677419355,-241.23073907717435,-6.662539951055024,-6.662539951055024,22.10875558878733,75.98348437172226,9347.43922580645,-591.6100775826868,-0.0881944583621542,-0.004145408681437,-10.46233830677448,1.0114059072613175,45.00099643381581,2.277748367743074,0.0,-0.0029748766865631,0.0,0.0,0.2186226786504509,0.0,0.0014881536428692,16.8,0.0397357056750034,0.0715325659973079,0.0071719591656112,,-0.0199230130988773,-0.0568885191166082,-14.18408052025573,65169000.0,-90036000.0,-889743000.0,812365000.0,36062500.0,14004500.0,9042000.0,55.19646590267499,32.9273046658806,13.739201578554756,1.6305391754372869,2.7332938700342013,6.550598991172762,0.5875991022995117,0.0409041642449851,2005-03-10,-0.31,bmo,31238461.0,2025-04-25,2004-12-31,1.0967741935483872,8.82265625,991492.265625
2004-09-30,SBAC,USD,1034054,2004-11-08,2004-11-08 17:10:20,2004,Q3,58743000.0,30701000.0,28042000.0,0.4773675161,0,7374000.0,0.0,7374000.0,20669000.0,28040000.0,58741000.0,0.0,0.0,28246000.0,31193000.0,0.5310079499,-1000.0,-1.70233e-05,-17791000.0,-21194000.0,-0.3607919241,278000.0,-24010000.0,-0.4087295508,-0.42,-0.42,57776000,57776000,https://www.sec.gov/Archives/edgar/data/1034054/000119312504189626/0001193125-04-189626-index.htm,https://www.sec.gov/Archives/edgar/data/1034054/000119312504189626/d10q.htm,1.0167370534477984,-0.4155704790916643,-0.0167889781224037,-0.0380088618111326,0.3634034893381335,-0.4754915535862642,-0.5036347272223761,-0.4754915535862642,15.370153697036832,404432000.0,1271462000.0,-4.211078717201167,6.88476924910202,-416.940206185567,-184.16757741347905,-14.721607454863133,-14.721607454863133,21.644485300376218,40.761132305324914,-1310.7855670103093,-578.9899817850637,-0.0593672112988091,-0.0054298374015903,-32.32476703552708,0.9700060623603882,27.795659282531336,1.203692364783375,0.0,0.0404015160981298,0.0,0.0,0.1255298503651498,0.0,0.0017761077461673,-1.2639175257731958,0.0208705718128117,0.043404375840827,0.0,,-1.171448763279014e-06,-0.0262731996949201,-15.4413683882581,10978000.0,-29098000.0,-878084000.0,810806000.0,30859500.0,12670000.0,12193500.0,48.92599969358052,37.537865216116735,34.415817074362394,1.839512745036638,2.3975790706755173,2.615076660988075,0.8739807804309843,0.0212198836887288,2004-10-28,-0.34,bmo,53940540.0,2025-04-25,2004-09-30,0.0882352941176469,5.18640625,735538.375
2004-06-30,SBAC,USD,1034054,2004-08-09,2004-08-06 20:07:47,2004,Q2,56347000.0,29847000.0,26500000.0,0.4703001047,0,7096000.0,0.0,7096000.0,22160000.0,29198000.0,59045000.0,0.0,0.0,27941000.0,23177000.0,0.4113262463,-2756000.0,-0.0489112109,-19737000.0,-22493000.0,-0.3991871794,274000.0,-23246000.0,-0.4125508013,-0.41,-0.41,56933000,56933000,https://www.sec.gov/Archives/edgar/data/1034054/000119312504134645/0001193125-04-134645-index.htm,https://www.sec.gov/Archives/edgar/data/1034054/000119312504134645/d10q.htm,0.9897071996908648,-0.4083044982698962,0.2203642878471185,0.1959496249978044,0.3833980292624664,-0.3331108495951381,-0.3662726362566526,-0.3331108495951381,15.68206488328386,253351850.0,1124350850.0,-2.724682203389831,4.496279305020676,20.19383468834689,22.70991842954464,-13.35891642499341,-13.35891642499341,19.95404990505262,48.51149199637572,89.61827275625697,100.78440749372535,-0.0917538198359317,0.0440336235950122,-47.07761666227261,0.955446996126105,37.5803166932735,1.0893563526651022,0.0,-0.5397057558289599,0.0,0.0,0.1259339450192556,0.0,0.0020204182094471,0.1107922843934321,0.0246685715299838,0.0497476826169428,0.0,,-0.0031769941259903,-0.0249267616870332,-15.859602515237208,5331000.0,-20853000.0,-888434000.0,823764000.0,28913500.0,11750000.0,13614500.0,47.57396134665554,37.79776861996181,38.13549100412102,1.89179117005204,2.381092939768648,2.360006325610817,1.2257316108621144,0.0244146628493141,2004-07-29,-0.42,bmo,65683333.0,2025-04-25,2004-06-30,-0.1428571428571428,3.939838709677419,681059.4354838709
2004-03-31,SBAC,USD,1034054,2004-05-07,2004-05-07 16:52:14,2004,Q1,57301000.0,32865000.0,24436000.0,0.4264498002,0,7322000.0,0.0,7322000.0,20912000.0,28071000.0,60936000.0,0.0,0.0,28111000.0,23009000.0,0.4015462208,-3798000.0,-0.0662815658,-47469000.0,-47734000.0,-0.833039563,276000.0,-47922000.0,-0.8363204831,-0.86,-0.86,55684000,55684000,https://www.sec.gov/Archives/edgar/data/1034054/000119312504082214/0001193125-04-082214-index.htm,https://www.sec.gov/Archives/edgar/data/1034054/000119312504082214/d10q.htm,1.0290388621507076,-0.860606278284606,0.0446268227857194,0.0088176136771783,0.3441563106098699,0.0442856116658286,0.0055850872782127,0.0442856116658286,16.181452481861935,216053920.0,1097937920.0,-1.1271123909686571,3.770508717125355,86.9432273641851,440.028350305499,87.61310624493106,87.61310624493106,19.160885848414512,47.71775913772871,441.8261247484909,2236.1261099796334,-0.2218057418259293,0.0022725808446335,365.3884833738848,0.9442750219550586,38.32778477986875,1.272124028490838,0.0,-0.0518550978673678,0.0,0.0,0.1277813650721627,0.0,0.0022583843172762,0.8024144869215292,0.0347986946126594,0.0709330866920422,0.0020069457775606,,-0.0042097817790443,-0.0503346928314919,-16.239305725163423,13410000.0,311000.0,-889067000.0,852570000.0,28841500.0,11158500.0,14967500.0,44.044257517320816,30.02738475581926,39.93245093564583,2.043399186933885,2.997264021887825,2.2538060622685503,-19.4330900243309,0.035809209108541,2004-05-06,-0.45,bmo,42545989.0,2025-04-25,2004-03-31,0.911111111111111,4.277741935483872,665905.3064516129
2003-12-31,SBAC,USD,1034054,2004-03-12,2004-03-11 21:50:12,2003,Q4,57633000.0,33103000.0,24530000.0,0.4256242084,0,7859000.0,0.0,7859000.0,103850000.0,34965000.0,68068000.0,0.0,0.0,22898000.0,12463000.0,0.2162476359,-10502000.0,-0.1822219909,-42094000.0,-52703000.0,-0.9144587302,452000.0,-51168000.0,-0.8878246838,-0.95,-0.92,54145000,55684000,https://www.sec.gov/Archives/edgar/data/1034054/000119312504039482/0001193125-04-039482-index.htm,https://www.sec.gov/Archives/edgar/data/1034054/000119312504039482/d10k.htm,1.064419613999446,-0.9450180072028812,-0.1756764244159202,-0.2296980330593776,0.4347215809400683,0.8103610675039247,0.765887893618986,0.8103610675039247,16.0819650937298,203585200.0,1066005200.0,-0.9946900406504064,3.53244148317804,-21.40298570227081,-16.369317359491838,4.639907012785741,4.639907012785741,18.49643780472993,85.53359544250984,-112.06951219512194,-85.71240652890569,-0.251334576383745,-0.0610899024094089,19.845431547279897,0.8858331078290345,69.19842734494102,0.9063736899548964,0.0,0.1858974358974359,0.0,0.0,0.1363628476740756,0.0,0.0024496888040676,-0.3075063078216989,0.0507521732340846,0.1277404140099572,0.0144361737199174,,-0.0115322594702637,-0.0521816813417447,-16.357184412226427,-7120000.0,41469000.0,-870178000.0,851501000.0,29375500.0,12356000.0,21722000.0,46.28754359481548,30.863667945503423,41.741533999939584,1.944367598933909,2.916050035236082,2.1561258385983195,-1.166169063518472,0.0540216086434573,2004-03-11,,amc,,2025-04-25,2003-12-31,,3.66078125,661975.109375
2003-09-30,SBAC,USD,1034054,2003-11-14,2003-11-14 16:07:39,2003,Q3,52375000.0,29815000.0,22560000.0,0.4307398568,0,7933000.0,0.0,7933000.0,0.0,29049000.0,58864000.0,0.0,0.0,22238000.0,15978000.0,0.3050692124,-7555000.0,-0.14424821,-24600000.0,-32155000.0,-0.6139379475,433000.0,-19666000.0,-0.3754844869,-0.38,-0.38,52394000,52394000,https://www.sec.gov/Archives/edgar/data/1034054/000119312503081994/0001193125-03-081994-index.htm,https://www.sec.gov/Archives/edgar/data/1034054/000119312503081994/d10q.htm,0.9996373630568386,-0.375348322326984,-0.2422796503416421,-0.3018475397946329,0.6734549757605832,1.7452380043516431,1.6935336107187846,1.7452380043516431,16.80803145398328,165041100.0,1010396100.0,-2.0980512051255973,3.151142720763723,-13.001504647865133,-10.435731900094847,1.8049114173228349,1.8049114173228349,19.2915723150358,63.2367067217424,-79.59635260753112,-63.88846664558963,-0.1191581975641219,-0.09582461580782,9.63079615048119,0.8494752996806172,52.907435223432216,1.3691097701539088,0.0,0.4116083009079118,0.0,0.0,0.1514653937947494,0.0,0.0026131320253847,-0.2458641878052623,0.0595894988066825,0.1403453547980933,0.0,,-0.0078451448086401,-0.0190197470352367,-16.682902622437684,27220000.0,88731000.0,-844282000.0,908914000.0,31301500.0,12442000.0,28106000.0,50.02195704057279,40.3286936105987,84.7959080999497,1.7992098935073857,2.2316616766467066,1.061371969670001,-0.2150699912510936,0.0595678894529908,2004-02-26,-0.53,bmo,44407311.0,2025-04-25,2003-09-30,0.7924528301886791,3.43046875,858873.484375
2003-06-30,SBAC,USD,1034054,2003-08-14,2003-08-14 15:30:58,2003,Q2,50375000.0,27504000.0,22871000.0,0.4540148883,0,7242000.0,0.0,7242000.0,3877000.0,38227000.0,65731000.0,0.0,0.0,17906000.0,6636000.0,0.1317320099,-15752000.0,-0.3126947891,-29261000.0,-45013000.0,-0.8935583127,435000.0,-56408000.0,-1.1197617866,-1.1,-1.1,51133000,51133000,https://www.sec.gov/Archives/edgar/data/1034054/000119312503037852/0001193125-03-037852-index.htm,https://www.sec.gov/Archives/edgar/data/1034054/000119312503037852/d10q.htm,0.9851759137934406,-1.1031623413451197,-0.0543875774939862,-0.1122171591731367,0.4310327968239689,1.87389748303444,1.8148553771536973,1.87389748303444,17.49727182054642,153910330.0,1026558330.0,-0.6821298840589988,3.055291910669975,-55.34352031643294,-26.82299233182293,1.6062778392368864,1.6062778392368864,20.37832913151365,154.69534810126584,-369.13280474649406,-178.90525095852217,-0.3664991167259533,-0.0372814482302779,9.337368761610554,0.8249637166003699,131.50210970464136,1.580888516345348,0.0,0.049301517515246,0.0,0.0,0.1437617866004962,0.0,0.0027837251202838,-1.0632865875584323,0.0586997518610421,0.1651401764771585,0.0,,-0.0157289264715931,-0.0521572373159845,-18.13857489292629,46431000.0,92799000.0,-862338000.0,947474000.0,36513500.0,12700500.0,14060500.0,59.83861042183622,37.70942408376963,92.01897905759162,1.5040456214731437,2.386671294689344,0.978059101738914,-0.5886994092967919,0.0578295816791504,2003-08-14,,amc,,2025-04-25,2003-06-30,,2.2485714285714287,1056524.238095238
2003-03-31,SBAC,USD,1034054,2003-05-15,2003-05-15 17:34:58,2003,Q1,58221000.0,31654000.0,26567000.0,0.4563130142,0,8483000.0,0.0,8483000.0,0.0,34540000.0,66194000.0,0.0,0.0,31673000.0,23700000.0,0.4070696141,-8949000.0,-0.1537074252,-23740000.0,-32689000.0,-0.5614640765,521000.0,-33755000.0,-0.5797736212,-0.66,-0.66,51130000,51130000,https://www.sec.gov/Archives/edgar/data/1034054/000091664103001588/0000916641-03-001588-index.htm,https://www.sec.gov/Archives/edgar/data/1034054/000091664103001588/d10q.htm,1.1386857031097204,-0.6601799335028359,-0.0942890670839037,-0.2142382163113632,0.9359867005671816,2.972560140817524,2.8967924897320554,2.972560140817524,20.128456874633287,67491600.0,1048802600.0,-0.4998637238927567,1.1592312052352245,-13.999502177971376,-6.161365711155742,0.4440616631685605,0.4440616631685605,18.014163274419882,44.25327426160337,-217.5487658162207,-95.74608362242104,-0.5001363132597241,-0.16230167902376,6.771421239974472,0.8138134338744164,41.40552742616034,0.7696978784016792,0.0,0.1428232854391942,0.0,0.0,0.1457034403393964,0.0,0.0030633611255203,-1.2721427089815391,0.1053399975953693,0.1936349572190825,0.0046203259992099,,-0.0075471821069088,-0.0267737457862383,-20.24505182867201,-27648000.0,148113000.0,-1020234000.0,1098160000.0,43125500.0,15343500.0,2870500.0,61.11300046375019,39.45567700764517,0.0,1.472681742297769,2.2810405707285435,0.0,-0.2220913630771052,0.1199491492274594,2003-05-14,-0.7,bmo,51515625.0,2025-04-25,2003-03-31,-0.0857142857142856,0.7168032786885246,958915.049180328
2002-12-31,SBAC,USD,1034054,2003-03-31,2003-03-31 14:29:26,2002,Q4,64075000.0,36706000.0,27369000.0,0.4271400702,0,8249000.0,0.0,8249000.0,179888000.0,33952000.0,70658000.0,0.0,0.0,34340000.0,29162000.0,0.4551229028,-7715000.0,-0.1204057745,-23868000.0,-31587000.0,-0.4929691767,-1254000.0,-30333000.0,-0.4733983613,-0.59,-0.59,51130000,51130000,https://www.sec.gov/Archives/edgar/data/1034054/000091664103000889/0000916641-03-000889-index.htm,https://www.sec.gov/Archives/edgar/data/1034054/000091664103000889/d10k.htm,1.2531781732837863,-0.5932524936436534,0.4944846469782906,0.125014668492079,1.1957950322706823,3.6274789751613534,3.542968902796793,3.6274789751613534,20.03289653823587,20963300.0,984104300.0,-0.1727763491906504,0.3271681623097932,0.8291460665269152,3.2796151439299126,0.1130261547502871,0.1130261547502871,15.358631291455326,33.746118236060624,38.92355733101294,153.9587453066333,-1.4469573015698864,0.3049138255904366,5.522539668846679,0.7849415479169142,33.0272615046979,0.432608124421629,0.0,-0.8335146540071869,0.0,0.0,0.1287397580959812,0.0,0.0033113267914002,0.7471819008820156,0.2948263753413968,0.5501164822364589,0.0314787358564182,,-0.0060162095957393,-0.0233224203709997,-19.95683062781146,-148992000.0,181152000.0,-1005843000.0,995954000.0,46200500.0,18336500.0,6554000.0,65.61888412017167,41.21669481828584,14.07644526780363,1.371556392747822,2.183581201665675,6.393659641177496,-0.1635440198842958,0.3694699784862116,2003-03-24,-0.61,bmo,32877966.0,2025-04-25,2002-12-31,-0.0327868852459016,0.4646921875,2445713.1875
2002-09-30,SBAC,USD,1034054,2002-11-14,2002-11-14 12:26:58,2002,Q3,67048000.0,39216000.0,27832000.0,0.415105596,0,8983000.0,0.0,8983000.0,0.0,35361000.0,74577000.0,0.0,0.0,34839000.0,27310000.0,0.4073201289,-8754000.0,-0.1305631786,-22361000.0,-31115000.0,-0.4640705166,558000.0,-31673000.0,-0.4723929125,-0.62,-0.62,50745000,50745000,https://www.sec.gov/Archives/edgar/data/1034054/000091664102001945/0000916641-02-001945-index.htm,https://www.sec.gov/Archives/edgar/data/1034054/000091664102001945/d10q.txt,1.3212730318257957,-0.6241600157651,-0.2826485368016553,-0.5488225440930141,0.8345452753965908,4.248280618780176,4.156448911222781,4.248280618780176,19.93550103458469,55312050.00000001,1024590050.0,-0.4365867615950494,0.8249619675456391,-3.856379418531688,-1.9860700179533213,0.2565743880433623,0.2565743880433623,15.281440908006203,37.51702856096668,-71.43484975249251,-36.789588868940754,-0.5726238676744037,-0.5035069211862514,4.692604567235213,0.7640814273348953,35.49168802636397,1.4131380583801283,0.0,0.452846272850693,0.0,0.0,0.1339786421668058,0.0,0.0035196959466093,-0.9417137279509168,0.2014526906097124,0.3876976951117999,0.0,,-0.0071579388222078,-0.0240071006383601,-20.26019312247512,32666000.0,210919000.0,-996665000.0,1191718000.0,46655000.0,24045500.0,9529000.0,61.32263453048562,45.585220318237454,16.907129742962056,1.46764731634708,1.974324120223531,5.323198045337315,-0.1469206184275834,0.2661740072913587,2002-11-05,-0.59,bmo,57858064.0,2025-04-25,2002-09-30,0.0508474576271186,1.455,420426.953125
2002-06-30,SBAC,USD,1034054,2002-08-14,2002-08-13 21:42:14,2002,Q2,69608000.0,40273000.0,29335000.0,0.4214314447,0,8998000.0,0.0,8998000.0,5004000.0,33190000.0,73463000.0,0.0,0.0,32479000.0,15874000.0,0.2280485002,-24940000.0,-0.3582921503,-61357000.0,-46836000.0,-0.672853695,500000.0,-47336000.0,-0.6800367774,-0.94,-0.94,50392000,50392000,https://www.sec.gov/Archives/edgar/data/1034054/000095013002005808/0000950130-02-005808-index.htm,https://www.sec.gov/Archives/edgar/data/1034054/000095013002005808/d10q.htm,1.381330369899984,-0.9393554532465472,0.4763851404984918,-0.0174630893792665,0.6214081600254009,4.890796158120336,4.793062390855692,4.890796158120336,19.04798380695349,74076240.0,1002628240.0,-0.391225705594051,1.0641914722445696,3.08573856535866,-84.17754545454545,0.3005645609578953,0.3005645609578953,14.403922537639351,63.16166309688799,41.76573523285845,-1139.3502727272728,-0.6390173151337055,-0.0118796526389568,3.894659108891206,0.7256945336988522,58.49514930074336,1.0540310528063763,0.0,-0.1876494958180254,0.0,0.0,0.1292667509481668,0.0,0.0037234838805279,1.036657502291094,0.3575163774278818,0.7662181717417408,-0.0128002528445006,,-0.0205520679755496,-0.0359215366064104,-19.91089855532624,5206000.0,241532000.0,-974671000.0,1179022000.0,48359000.0,33335000.0,12928000.0,61.57826686587748,63.08246219551561,26.126437067017605,1.461554613026498,1.426703981861981,3.444786587973655,-0.1920659587676552,0.4938482298777584,2002-08-12,-0.71,bmo,48038297.0,2025-04-25,2002-06-30,0.323943661971831,2.1821875,953968.75
2002-03-31,SBAC,USD,1034054,2002-05-15,2002-05-15 14:55:34,2002,Q1,63944000.0,35920000.0,28024000.0,0.4382584762,0,9374000.0,0.0,9374000.0,0.0,35427000.0,71347000.0,0.0,0.0,34055000.0,10271000.0,0.1606249218,-61520000.0,-0.9620918304,-21130000.0,-82650000.0,-1.2925372201,579000.0,-83229000.0,-1.301592018,-1.7,-1.7,49010000,49010000,https://www.sec.gov/Archives/edgar/data/1034054/000091664102000840/0000916641-02-000840-index.htm,https://www.sec.gov/Archives/edgar/data/1034054/000091664102000840/d10q.txt,1.304713323811467,-1.698204448071822,-0.6813303407467863,-1.6218526831258926,0.6585594776576209,7.626831258926749,5.742032238318711,7.626831258926749,19.33097327076107,159282500.0,1074417500.0,-0.4784465150368261,2.490968660077568,-4.770079659798754,-2.003881137796117,0.4261271673207755,0.4261271673207755,16.802475603653196,104.60690293058124,-32.175895424053664,-13.51689584460352,-0.5225244455605607,-0.499031594807967,2.534600886591705,0.6659962728823723,89.09891928731379,1.3902823563136018,0.0,0.4012063103004962,0.0,0.0,0.1465970223945952,0.0,0.0649356400878143,-1.3804204599904168,0.7208651319904916,1.353545734840699,0.0,,-0.0460263947038368,-0.0625700566768382,-19.844490920220363,29953000.0,281417000.0,-942056000.0,1301683000.0,52944000.0,58275000.0,12209500.0,69.09608407356437,96.31904231625836,35.49136971046771,1.3025340177625682,0.9343946724936268,2.5358277444405224,-0.2226618618425804,0.9405223423791064,2002-05-06,-1.69,bmo,57857647.0,2025-04-25,2002-03-31,0.0059171597633136,6.224833333333334,1545316.6666666667
2001-12-31,SBAC,USD,1034054,2002-03-21,2002-03-21 00:00:00,2001,Q4,69150000.0,41075000.0,28075000.0,0.4060014461,0,9933000.0,0.0,9933000.0,104864000.0,12479000.0,53554000.0,0.0,0.0,5075000.0,-75238000.0,-1.0880404917,-8803000.0,-0.1273029646,-20493000.0,-29296000.0,-0.4236587129,414000.0,-29710000.0,-0.4296456978,-0.62,-0.61,47768000,49010000,https://www.sec.gov/Archives/edgar/data/1034054/000091664102000492/0000916641-02-000492-index.htm,https://www.sec.gov/Archives/edgar/data/1034054/000091664102000492/d10k.htm,1.4476218388879585,-0.6219644950594541,-0.0385404454865181,8.652842907385697,0.2910735220231117,9.43401440294758,6.982854630715123,9.43401440294758,17.69915005861665,621939360.0,1453488360.0,-5.233417704476607,8.994061605206074,-337.82692015209125,1.504707775162159,1.3801123725157771,1.3801123725157771,21.019354446854663,-19.31854063106409,-789.5102444323737,3.51654096373591,-0.0477699304961178,0.6645808684628032,1.8760995375507048,0.5916350538939168,-11.05224753449055,0.8116639255591419,0.0,0.0619656681252103,0.0,0.0,0.143644251626898,0.0,0.0819356883886828,-225.51330798479088,6.003904555314533,81.80689655172414,0.0480983369486623,,-0.0067751157675703,-0.0226461288916126,-19.191488025456373,-21414000.0,333557000.0,-886080000.0,1294232000.0,62921500.0,71870000.0,5127000.0,73.92104121475055,171.14351795496043,22.4676810712112,1.2175153179801397,0.5258744302760281,4.005753852155257,-0.0659278721119109,8.691383352872215,2002-02-27,-0.55,bmo,61387096.0,2025-04-25,2001-12-31,0.1272727272727271,11.3003125,880845.3125
2001-09-30,SBAC,USD,1034054,2001-11-13,2001-11-13 00:00:00,2001,Q3,63033000.0,37109000.0,25924000.0,0.4112766329,0,10009000.0,0.0,10009000.0,0.0,54553000.0,91662000.0,0.0,0.0,27759000.0,23529000.0,0.3732806625,-28629000.0,-0.454190662,-20081000.0,-48710000.0,-0.772769819,408000.0,-49118000.0,-0.7792426189,-1.03,-1.03,47600000,47600000,https://www.sec.gov/Archives/edgar/data/1034054/000091664101501536/0000916641-01-501536-index.htm,https://www.sec.gov/Archives/edgar/data/1034054/000091664101501536/d10q.txt,1.3242226890756303,-1.031890756302521,0.1592647058823529,-1.6863655462184874,1.4799789915966386,9.8743487394958,7.437647058823529,9.8743487394958,16.358655462184874,627844000.0,1336069000.0,-3.1955902113278225,9.960560341408469,82.81809787626962,-7.821554484184824,1.3357842980815668,1.3357842980815668,21.19634159884505,56.78392621870883,176.23915050784856,-16.64447932628222,-0.078232809423997,-0.127851823064328,1.6566819639206074,0.5638028045618478,30.1000892515619,1.3426363628270526,0.0,-0.1543426035262022,0.0,0.0,0.1587898402424127,0.0,0.0839811832102798,11.58844479620103,1.393746132977964,3.16481141251486,0.0,,-0.0227480499187424,-0.0388247755153661,-16.572599789915966,38488000.0,354032000.0,-760271000.0,1258535000.0,70314000.0,60189000.0,0.0,98.586930655371,159.17648009916732,0.0,0.9128999087578028,0.5654101657727938,0.0,-0.1045021584233828,1.8456302521008403,2001-11-13,-0.85,bmo,51990291.0,2025-04-25,2001-09-30,0.211764705882353,16.58084745762712,526154.2372881356
2001-06-30,SBAC,USD,1034054,2001-08-14,2001-08-14 00:00:00,2001,Q2,57755000.0,34324000.0,23431000.0,0.4056964765,0,10759000.0,0.0,10759000.0,0.0,29127000.0,63451000.0,0.0,0.0,25656000.0,19960000.0,0.3455977837,-5696000.0,-0.0986234958,-17147000.0,-22843000.0,-0.3955155398,478000.0,-23321000.0,-0.4037918795,-0.5,-0.5,47105000,47105000,https://www.sec.gov/Archives/edgar/data/1034054/000091664101500979/0000916641-01-500979-index.htm,https://www.sec.gov/Archives/edgar/data/1034054/000091664101500979/d10q.txt,1.2260906485511092,-0.4950854474047341,0.5078017195626792,-3.080182570852351,3.2029508544740475,10.9220889502176,8.441035983441248,10.9220889502176,16.403375437851608,1165848750.0,1787654750.0,-12.49784260966511,20.186109427755177,48.73949623745819,-8.03523798693243,2.2660500306131373,2.2660500306131373,30.95238074625573,89.56186122244489,74.73473035117057,-12.320836090204836,-0.0200034524203932,-0.1244518210445394,1.5018533096203,0.5463801688891529,31.15260521042084,2.135891568385848,0.0,-1.025685004931178,0.0,0.0,0.1862869015669639,0.0,0.0826414139057066,7.06571906354515,2.926361353995325,6.587620829435609,0.0,,-0.0044494163151992,-0.0179764004341284,-14.757164844496335,122607000.0,397615000.0,-669151000.0,1295643000.0,69447000.0,50794000.0,0.0,111.54514760626785,143.54795478382474,0.0,0.8068481859711376,0.6269681803236766,0.0,-0.0453288239696006,3.5879842904150303,2001-08-09,-0.5,bmo,57800000.0,2025-04-25,2001-06-30,-0.0,24.05079365079365,540896.8253968254
2001-03-31,SBAC,USD,1034054,2001-05-15,2001-05-15 00:00:00,2001,Q1,52956000.0,32146000.0,20810000.0,0.3929677468,0,10641000.0,0.0,10641000.0,0.0,25648000.0,57794000.0,0.0,0.0,21975000.0,17137000.0,0.3236082786,-4838000.0,-0.091358864,-12735000.0,-17573000.0,-0.3318415288,354000.0,-22996000.0,-0.4342472996,-0.49,-0.49,46801000,46801000,https://www.sec.gov/Archives/edgar/data/1034054/000091664101500394/0000916641-01-500394-index.htm,https://www.sec.gov/Archives/edgar/data/1034054/000091664101500394/d10q.txt,1.131514283882823,-0.4913570222858486,-0.3559752996730839,-3.738509860900408,5.349565180231192,11.29037841071772,9.1043353774492,11.29037841071772,15.285143479840174,739923810.0,1204918810.0,-8.044049073751957,13.972426353954226,-44.41319387755102,-4.228957683207023,1.400307361265403,1.400307361265403,22.7532066243674,70.31095349244325,-72.32405822328931,-6.886588308585668,-0.0310788755399018,-0.2364648868374704,1.3538202993559816,0.5300242873464259,27.13397910952909,3.827326971799304,0.0,0.7244738215341798,0.0,0.0,0.2009404033537276,0.0,0.075802749404671,-9.502160864345738,2.989387415967973,7.2039135381114905,0.0,,-0.0039007532725571,-0.0184356623762892,-11.1199173094592,238813000.0,426092000.0,-497994000.0,1251593000.0,64300384.5,61893116.0,0.0,114.40006798096532,131.14477695514216,0.0,0.7867128192176845,0.6862644635156484,0.0,-0.0435199781983758,3.3825345612273243,2001-05-08,-0.43,bmo,59973684.0,2025-04-25,2001-03-31,-0.1162790697674418,34.58887096774194,510238.7096774193
2000-12-31,SBAC,USD,1034054,2001-04-02,2001-04-02 00:00:00,2000,Q4,53578755.0,61022379.0,-7443624.0,-0.1389286481,0,8305637.0,0.0,8305637.0,0.0,-357890.0,60664489.0,0.0,0.0,-8663527.0,-15749261.0,-0.2939460053,-7085734.0,-0.1322489483,2027950.0,-5057784.0,-0.094399058,321149.0,-5378933.0,-0.1003930196,-0.12,-0.11,46594334,46801000,https://www.sec.gov/Archives/edgar/data/1034054/000095010901500417/0000950109-01-500417-index.htm,https://www.sec.gov/Archives/edgar/data/1034054/000095010901500417/d10k.txt,1.149898504826789,-0.1154417831146593,0.5535550524233268,0.5535550524233268,0.3214993050442571,11.549909287253682,9.760271967831969,11.549909287253682,6.101025373600146,1913163354.04,2182456522.04,-88.91927795159376,35.70749925114908,74.17509752688463,74.17509752688463,3.555006275704108,3.555006275704108,40.73361768185916,-138.57517010099713,84.61584058081314,84.61584058081314,-0.002811538799675,0.0134816135514692,0.5282314537598276,0.2996077056287185,-17.09878120630549,0.7495724104438632,0.0,-4.795101370476264,0.0,0.0,0.1550173571595682,0.0,0.0878850846121084,0.0,0.0,0.0,0.0,,-0.0089527501978578,-0.0062153217571818,-7.50545970353391,-27474645.0,454773372.0,-328421479.0,821727138.0,50831252.5,68673864.0,0.0,102.94937256380815,113.4826434741261,0.0,0.8742161099060402,0.7930728192855314,0.0,-0.0099950380772305,0.0,2001-02-20,-0.17,bmo,69337212.0,2025-04-25,2000-12-31,-0.2941176470588236,39.53285714285715,362280.9523809524
2000-09-30,SBAC,USD,1034054,2000-11-14,2000-11-14 00:00:00,2000,Q3,45395003.0,28834848.0,16560155.0,0.3648012756,0,7036945.0,0.0,7036945.0,0.0,23107590.0,51942438.0,0.0,0.0,16163376.0,9615941.0,0.2118281829,-6547435.0,-0.1442325051,977186.0,-5570249.0,-0.122706215,335079.0,-5905328.0,-0.1300876222,-0.14,-0.14,43370255,43370255,https://www.sec.gov/Archives/edgar/data/1034054/000091664100001702/0000916641-00-001702-index.htm,https://www.sec.gov/Archives/edgar/data/1034054/000091664100001702/0000916641-00-001702-0001.txt,1.0466851762803793,-0.1361607857735676,0.1671481525759993,-2.5987859651735965,2.8784739448730474,12.216174149771543,11.026729679131469,12.216174149771543,5.838065143956382,1818948494.7,1947306719.7,-77.00454973457866,40.069355093995696,250.91512741028112,-16.138304793868794,3.4331534149571965,3.4331534149571965,42.89693999359356,202.5081809154195,268.6215223268367,-17.277140865305572,-0.0032465614156787,-0.061964376852017,0.4778963587438348,0.2891572607804206,13.348483003379492,2.2032965316087334,0.0,-1.2275792301460646,0.0,0.0,0.1550158505331522,0.0,0.0589127555962179,16.547799512722545,2.642565482372586,7.421671561683648,0.0,,-0.0087620821250289,-0.0071661736422929,-4.397084291987677,100469789.0,478232078.0,-161858626.0,769379595.0,40559355.0,59489138.0,0.0,80.04683334859567,188.53280031162296,0.0,1.124341791361806,0.4773705151105823,0.0,-0.0111459434111058,2.765934117749596,2000-11-07,-0.2,bmo,64857142.0,2025-04-25,2000-09-30,-0.3,45.09698412698413,342715.873015873
2000-06-30,SBAC,USD,1034054,2000-08-14,2000-08-14 00:00:00,2000,Q2,38502886.0,18755998.0,19746888.0,0.5128677367,0,6338187.0,0.0,6338187.0,0.0,20622532.0,39378530.0,0.0,0.0,14284345.0,13408701.0,0.3482518427,-875644.0,-0.0227422952,-6679432.0,-7555076.0,-0.1962210313,352551.0,-7907627.0,-0.2053775138,-0.2,-0.2,39234008,39234008,https://www.sec.gov/Archives/edgar/data/1034054/000091664100001165/0000916641-00-001165-index.htm,https://www.sec.gov/Archives/edgar/data/1034054/000091664100001165/0000916641-00-001165-0001.txt,0.9813650953020144,-0.2015503233827143,0.4396298231880872,-2.1744858695038243,0.6932518594582536,7.226037650805393,6.342689255708976,7.226037650805393,6.943140374544451,2037814375.52,2283022551.52,-64.42559744914624,52.92627611135436,118.1448511007372,-23.88610601174047,7.187895013833884,7.187895013833884,59.29484224948748,170.26425986529193,132.36110346906736,-26.760297379335928,-0.0038804451941223,-0.0418653421159765,0.9608502903068308,0.4253082806837296,18.28724318634594,0.9807281688238784,0.0,-2.1812409715329264,0.0,0.0,0.1646158939877909,0.0,0.0541102969112646,5.946174610573478,2.663754504013024,7.18004472728711,0.0,,-0.0016237351441324,-0.0130524156157922,-7.626805181362047,-1490700.0,248849121.0,-281126627.0,540201808.0,33291977.0,47470947.0,0.0,95.23851432851032,281.0690318904918,0.0,0.944995841593655,0.3202060340644899,0.0,-0.0278922326622876,2.614115692691912,2000-08-10,-0.26,bmo,50050000.0,2025-04-25,2000-06-30,-0.2307692307692307,42.35984126984127,351014.28571428574
2000-03-31,SBAC,USD,1034054,2000-05-15,2000-05-15 00:00:00,2000,Q1,30429025.0,13360952.0,17068073.0,0.5609142258,0,5974932.0,0.0,5974932.0,0.0,19022132.0,32383084.0,0.0,0.0,13047200.0,11093141.0,0.3645578851,-1954059.0,-0.0642169442,-7544872.0,-9498931.0,-0.3121667881,224486.0,-9723417.0,-0.3195441523,-0.27,-0.27,35382348,35382348,https://www.sec.gov/Archives/edgar/data/1034054/000091664100000699/0000916641-00-000699-index.html,https://www.sec.gov/Archives/edgar/data/1034054/000091664100000699/,0.8600058141986507,-0.2748098289011232,-0.0783976235833755,-1.7908684861728226,3.156861014424481,7.76420968444491,6.80451195607482,7.76420968444491,7.538501995401775,1556823312.0,1711856058.0,-40.02768039260272,51.16244480393309,-561.2415018320829,-24.569084966160887,5.667028814040294,5.667028814040294,56.25734173211268,154.31662303760496,-617.1314737560078,-27.015742001452782,-0.0062456779295709,-0.0407015565039277,0.9709297277873206,0.4427021225107451,13.975549936668072,2.832804278827242,0.0,0.2852795473031754,0.0,0.0,0.1963563406977384,0.0,0.056358706488017,-21.84340269916781,1.9912317269449151,4.644003311055245,0.0,,-0.0036371501950991,-0.0171021958098268,-5.559583552793048,96419592.0,240759610.0,-178760982.0,527625399.0,24219990.0,38533557.0,0.0,76.42697063083685,244.9705874252074,0.0,1.1775947582002773,0.3673910445574537,0.0,-0.0353944367900942,1.7124708625894471,2000-05-08,-0.3,bmo,33777777.0,2025-04-25,2000-03-31,-0.0999999999999999,35.856031746031746,481538.09523809527
1999-12-31,SBAC,USD,1034054,2000-03-30,2000-03-30 00:00:00,1999,Q4,29300000.0,19700000.0,9600000.0,0.3276450512,0,5600000.0,0.0,5600000.0,0.0,33200000.0,52900000.0,0.0,0.0,27600000.0,4000000.0,0.1365187713,-23600000.0,-0.8054607509,14200000.0,-9400000.0,-0.3208191126,100000.0,-9500000.0,-0.3242320819,-0.27,-0.27,35382348,35382348,https://www.sec.gov/Archives/edgar/data/1034054/000091664100000391/0000916641-00-000391-index.html,https://www.sec.gov/Archives/edgar/data/1034054/000091664100000391/,0.8280965412470648,-0.2684954655920517,0.3278470948281894,-1.3933501530198051,0.0876143098247747,1.3735662766077594,0.4013300643586457,1.3735662766077594,8.996011231363164,663419025.0,978619025.0,-17.45839539473684,22.64228754266212,57.19129525862069,-13.456775354969574,13.65059722222222,13.65059722222222,33.39996672354949,244.65475625,84.36370905172414,-19.85028448275862,-0.0143197581649094,-0.0743120081610562,6.549382716049383,0.7405770125639832,78.8,0.6153846153846154,0.0,-1.2210526315789474,0.0,0.0,0.1911262798634812,0.0,0.0800372266170311,5.25,2.0784982935153584,2.2065217391304346,0.0,,-0.063551995283206,-0.0240263024785027,-10.20706709458626,-21000000.0,14200000.0,-347600000.0,352300000.0,22850000.0,34750000.0,0.0,69.419795221843,185.93908629441623,0.0,1.2964601769911503,0.484029484029484,0.0,-0.1954732510288065,1.7211972478479949,2000-02-22,-0.33,bmo,29300000.0,2025-04-25,1999-12-31,-0.0,12.3734375,245364.0625
1999-09-30,SBAC,USD,1034054,1999-11-15,1999-11-15 00:00:00,1999,Q3,24600000.0,16900000.0,7700000.0,0.3130081301,0,4800000.0,0.0,4800000.0,0.0,9100000.0,26000000.0,0.0,0.0,4300000.0,2900000.0,0.1178861789,-1400000.0,-0.0569105691,-6400000.0,-7800000.0,-0.3170731707,200000.0,-8000000.0,-0.325203252,-0.28,-0.28,28571429,28571429,https://www.sec.gov/Archives/edgar/data/1034054/000095010999004114/0000950109-99-004114-index.html,https://www.sec.gov/Archives/edgar/data/1034054/000095010999004114/,0.8609999870850001,-0.2799999958,0.118999998215,-1.8549999721750003,0.0944999985825,1.6379999754300003,1.0709999839350002,1.6379999754300003,8.959999865600002,310857147.52000004,564157147.52,-9.71428586,12.636469411382116,91.4285728,-5.865229198490567,6.642246741880343,6.642246741880343,22.933217378861787,194.53694742068964,165.92857279999998,-10.644474481509434,-0.0257352937316176,-0.1704963209719669,5.47008547008547,0.7373271889400922,87.34482758620689,0.7936117936117936,0.0,-0.425,0.0,0.0,0.1951219512195122,0.0,0.0466589861751152,16.58823529411765,2.292682926829268,13.116279069767442,0.0,,-0.0046832923545252,-0.0241691842900302,-9.813124852803128,-8400000.0,30600000.0,-268100000.0,292300000.0,20750000.0,26500000.0,0.0,84.51219512195122,153.37278106508876,0.0,1.0649350649350648,0.5868055555555556,0.0,-0.1709401709401709,1.9739999703900004,1999-11-11,-0.31,bmo,27235714.0,2025-04-25,1999-09-30,-0.096774193548387,11.7925,398803.125
1999-06-30,SBAC,USD,1034054,1999-08-16,1999-08-16 00:00:00,1999,Q2,19400000.0,12800000.0,6600000.0,0.3402061856,0,4900000.0,0.0,4900000.0,0.0,8400000.0,21200000.0,0.0,0.0,-1600000.0,1700000.0,0.087628866,-1800000.0,-0.0927835052,-7100000.0,-8900000.0,-0.4587628866,-200000.0,-8700000.0,-0.4484536082,-0.55,-0.55,15781250,15781250,https://www.sec.gov/Archives/edgar/data/1034054/000102140899001422/0001021408-99-001422-index.html,https://www.sec.gov/Archives/edgar/data/1034054/000102140899001422/,1.2293069306930693,-0.5512871287128713,0.7984158415841585,-2.667722772277228,0.3168316831683168,2.7627722772277226,1.7235643564356435,2.7627722772277226,13.357623762376235,152920312.5,358720312.5,-4.394261853448275,7.882490335051546,12.136532738095235,-3.632311460807601,3.507346616972477,3.507346616972477,18.49073775773196,211.01194852941177,28.469866071428573,-8.520672505938242,-0.0568923765441559,-0.2753067876447087,4.834862385321101,0.7206837606837607,121.05882352941175,0.9040697674418604,0.0,-1.6578947368421053,0.0,0.0,0.2525773195876288,0.0,0.056068376068376,4.341269841269841,2.81958762886598,-34.1875,0.0,,-0.0068146807195885,-0.0315103223469757,-14.58059405940594,-3300000.0,27200000.0,-217800000.0,245600000.0,16300000.0,18150000.0,0.0,85.36082474226804,170.15625,0.0,1.0543478260869563,0.5289256198347108,0.0,-0.1995412844036697,3.466138613861386,1999-08-16,,amc,,2025-04-25,1999-06-30,,9.172727272727274,814163.8181818182
1999-03-31,SBAC,USD,1034054,1999-05-07,1999-05-07 00:00:00,1999,Q1,13700000.0,9000000.0,4700000.0,0.3430656934,0,4100000.0,0.0,4100000.0,0.0,12400000.0,21400000.0,0.0,0.0,8300000.0,600000.0,0.0437956204,-7700000.0,-0.5620437956,-300000.0,-8000000.0,-0.5839416058,-800000.0,-8300000.0,-0.6058394161,-0.97,-0.97,8526052,8526052,https://www.sec.gov/Archives/edgar/data/1034054/000094018099000506/0000940180-99-000506-index.html,https://www.sec.gov/Archives/edgar/data/1034054/,1.6068398363040712,-0.9734869081258244,-0.5277941068152059,-4.855705782699895,0.2697614323722163,-0.0938300634338143,-0.8913856026212367,-0.0938300634338143,24.67730668309318,75711341.76,283811341.76,-2.280462101204819,5.5263753109489056,-16.824742613333335,-1.8287763710144929,-94.63917720000002,-94.63917720000002,20.716156332846715,473.0189029333333,-63.069187057777775,-6.855346419323671,-0.1096269040682234,-0.5468137142680061,-263.0,0.907679033649698,346.8333333333333,1.326086956521739,0.0,0.5421686746987951,0.0,0.0,0.2992700729927007,0.0,0.0293356341673856,-8.2,2.6934306569343067,4.445783132530121,0.0,,-0.0324742268041237,-0.0368888888888888,-25.762216791546663,6000000.0,-7600000.0,-208200000.0,197600000.0,13350000.0,13250000.0,0.0,93.28467153284672,121.0,0.0,0.9647887323943662,0.743801652892562,0.0,10.375,4.327911675884688,1999-08-11,-1.8,bmo,54562500.0,2025-04-25,1999-03-31,-0.6444444444444445,,
1998-12-31,SBAC,USD,1034054,1999-03-31,1999-03-31 00:00:00,1998,Q4,17300000.0,12700000.0,4600000.0,0.2658959538,0,5200000.0,3000000.0,8200000.0,0.0,8200000.0,20900000.0,0.0,-5200000.0,3000000.0,-10900000.0,-0.6300578035,-3600000.0,-0.2080924855,-5200000.0,-8800000.0,-0.5086705202,-1500000.0,-7200000.0,-0.4161849711,-0.86,-0.86,8400000,8400000,https://www.sec.gov/Archives/edgar/data/1034054/000095010999001231/0000950109-99-001231-index.html,https://www.sec.gov/Archives/edgar/data/1034054/,2.0595238095238093,-0.8571428571428571,-1.059523809523809,-5.166666666666667,3.1785714285714284,0.8928571428571429,0.0714285714285714,0.8928571428571429,21.11904761904762,74592000.0,230492000.0,-2.5900000000000003,4.311676300578035,-8.38112359550562,-1.7187096774193549,9.9456,9.9456,13.323236994219654,-21.14605504587156,-25.897977528089893,-5.310875576036866,-0.0965250965250965,-0.5818318318318318,24.346666666666668,0.8508853681267474,-14.30275229357798,1.2116402116402116,0.6923076923076923,1.236111111111111,0.0,0.0,0.3005780346820809,0.0,0.03215284249767,-3.8764044943820233,1.9942196531791907,11.5,0.0,,-0.0168911970382558,-0.0346653827636013,-20.360119047619047,8000000.0,600000.0,-161300000.0,165800000.0,,,,65.02890173410405,102.04724409448818,0.0,1.384,0.8819444444444444,0.0,-0.96,4.107142857142857,1999-03-31,,amc,,2025-04-25,1998-12-31,,,
1998-09-30,SBAC,USD,1034054,1998-11-16,1998-11-16 00:00:00,1998,Q3,13300000.0,10000000.0,3300000.0,0.2481203008,0,4300000.0,1300000.0,5600000.0,0.0,5600000.0,15600000.0,0.0,-3400000.0,1300000.0,-7800000.0,-0.5864661654,-2300000.0,-0.1729323308,-3400000.0,-5700000.0,-0.4285714286,-600000.0,-5100000.0,-0.3834586466,-0.57,-0.57,8900000,8900000,https://www.sec.gov/Archives/edgar/data/1034054/000102140898000908/0001021408-98-000908-index.html,https://www.sec.gov/Archives/edgar/data/1034054/,1.4943820224719102,-0.5730337078651685,1.1910111235955056,-3.539325955056179,,,,,,79032000.0,,-3.874117647058824,5.942255639097745,7.455849759985827,-2.5089523013031023,0.0,0.0,,,,,-0.0645308229577892,-0.3985727426865066,0.0,0.0,,0.0,0.6764705882352942,-2.078431176470588,0.0,0.0,0.3233082706766917,0.0,0.0,3.971698487896083,3.165413533834586,32.38464029587715,0.0,,0.0,0.0,,,,,,,,,,,,0.0,0.0,0.0,0.0,4.730337078651685,1998-11-16,,amc,,2025-04-25,1998-09-30,,,
