date,symbol,reportedCurrency,cik,fillingDate,acceptedDate,calendarYear,period,revenue,costOfRevenue,grossProfit,grossProfitRatio,researchAndDevelopmentExpenses,generalAndAdministrativeExpenses,sellingAndMarketingExpenses,sellingGeneralAndAdministrativeExpenses,otherExpenses,operatingExpenses,costAndExpenses,interestIncome,interestExpense,depreciationAndAmortization,ebitda,ebitdaratio,operatingIncome,operatingIncomeRatio,totalOtherIncomeExpensesNet,incomeBeforeTax,incomeBeforeTaxRatio,incomeTaxExpense,netIncome,netIncomeRatio,eps,epsdiluted,weightedAverageShsOut,weightedAverageShsOutDil,link,finalLink,revenuePerShare,netIncomePerShare,operatingCashFlowPerShare,freeCashFlowPerShare,cashPerShare,bookValuePerShare,tangibleBookValuePerShare,shareholdersEquityPerShare,interestDebtPerShare,marketCap,enterpriseValue,peRatio,priceToSalesRatio,pocfratio,pfcfRatio,pbRatio,ptbRatio,evToSales,enterpriseValueOverEBITDA,evToOperatingCashFlow,evToFreeCashFlow,earningsYield,freeCashFlowYield,debtToEquity,debtToAssets,netDebtToEBITDA,currentRatio,interestCoverage,incomeQuality,dividendYield,payoutRatio,salesGeneralAndAdministrativeToRevenue,researchAndDdevelopementToRevenue,intangiblesToTotalAssets,capexToOperatingCashFlow,capexToRevenue,capexToDepreciation,stockBasedCompensationToRevenue,grahamNumber,roic,returnOnTangibleAssets,grahamNetNet,workingCapital,tangibleAssetValue,netCurrentAssetValue,investedCapital,averageReceivables,averagePayables,averageInventory,daysSalesOutstanding,daysPayablesOutstanding,daysOfInventoryOnHand,receivablesTurnover,payablesTurnover,inventoryTurnover,roe,capexPerShare,report_date,epsEstimated,time,revenueEstimated,updatedFromDate,fiscalDateEnding,surprise(%),QuarterAvgPrice,QuarterAvgVolume
2024-12-31,SHOP,USD,1594805,2025-04-29,2025-04-29 07:02:25,2024,Q4,2812000000.0,1460000000.0,1352000000.0,0.4807965861,351000000,112000000.0,348000000.0,460000000.0,76000000.0,887000000.0,2347000000.0,72000000.0,0.0,8000000.0,473000000.0,0.1682076814,465000000.0,0.1653627312,956000000.0,1421000000.0,0.5053342817,128000000.0,1293000000.0,0.4598150782,1.0,1.0,1294580140,1294580140,https://www.sec.gov/Archives/edgar/data/1594805/000159480525000039/0001594805-25-000039-index.htm,https://www.sec.gov/Archives/edgar/data/1594805/000159480525000039/shop-20241231.htm,2.172132812110033,0.9987794189396416,0.4750574962473934,0.4719676913937518,4.232260198275558,8.927991124597353,8.561849249440826,8.927991124597353,0.8697800663001056,137652706286.2,137280706286.2,26.61498574752513,48.95188701500712,223.82553867674795,225.2908449855974,11.9097340617927,11.9097340617927,48.81959683008535,290.23405134503173,223.2206606279675,224.6820070150573,0.0093932043538008,0.0044387067750752,0.0974216992559266,0.0808675667911519,-0.7864693446088795,3.708588957055215,0.0,0.4756380510440835,0.0,0.0,0.0398293029871977,0.1248221906116643,0.034041941970698,0.0065040650406504,0.0014224751066856,0.5,0.0387624466571835,14.164554713219244,0.0327893679651564,0.0961338289962825,2.560675772455462,5298000000.0,11084000000.0,4888000000.0,5912000000.0,843500000.0,180000000.0,13000000.0,8.065433854907539,22.19178082191781,1.6027397260273972,11.158730158730158,4.055555555555555,56.15384615384615,0.1118705658418411,0.0030898048536415,2025-02-11,0.4321,bmo,2703760137.0,2025-05-11,2024-12-31,0.0182828049062717,97.26140625,7317585.4375
2024-09-30,SHOP,USD,1594805,2024-11-12,2024-11-12 07:05:55,2024,Q3,2162000000.0,1044000000.0,1118000000.0,0.5171137835,332000000,114000000.0,331000000.0,445000000.0,58000000.0,835000000.0,1879000000.0,77000000.0,0.0,8000000.0,291000000.0,0.1345975948,283000000.0,0.1308973173,577000000.0,860000000.0,0.3977798335,32000000.0,828000000.0,0.3829787234,0.64,0.64,1290585426,1301600656,https://www.sec.gov/Archives/edgar/data/1594805/000159480524000089/0001594805-24-000089-index.htm,https://www.sec.gov/Archives/edgar/data/1594805/000159480524000089/a3pr.htm,1.675208751350025,0.6415693090276692,0.3277582339597875,0.3262085496384646,3.7928523764377298,7.839852981572411,7.471028113097567,7.839852981572411,0.8840949053146986,103427516039.64,103061516039.64,31.228114746268112,47.83881407938945,244.5094941835461,245.6710594765796,10.2221304644831,10.2221304644831,47.66952638281221,354.16328535958763,243.64424595659577,244.80170080674583,0.0080056065513809,0.0040704835243132,0.1127693220003953,0.0925460296861059,-1.2577319587628866,7.1020629750271445,0.0,0.5108695652173914,0.0,0.0,0.0527289546716003,0.1535615171137835,0.0386081596236515,0.0047281323877068,0.0009250693802035,0.25,0.0508788159111933,10.638172016656965,0.0238464701069368,0.0698557327258921,2.913600234627165,5620000000.0,9642000000.0,4330000000.0,6239000000.0,804500000.0,277959229.5,0.0,59.736355226642,0.0,0.0,1.5066202090592336,0.0,0.0,0.0818343546155366,0.0015496843213228,2024-11-12,0.2784,bmo,2151012248.0,2025-04-25,2024-09-30,0.2931034482758621,69.0659375,8275767.25
2024-06-30,SHOP,USD,1594805,2024-08-07,2024-08-07 07:05:45,2024,Q2,2045000000.0,1000000000.0,1045000000.0,0.511002445,349000000,60000000.0,353000000.0,413000000.0,42000000.0,804000000.0,1804000000.0,80000000.0,0.0,10000000.0,251000000.0,0.1227383863,241000000.0,0.1178484108,-38000000.0,203000000.0,0.0992665037,32000000.0,171000000.0,0.0836185819,0.13,0.13,1288900183,1299913079,https://www.sec.gov/Archives/edgar/data/1594805/000159480524000067/0001594805-24-000067-index.htm,https://www.sec.gov/Archives/edgar/data/1594805/000159480524000067/exhibit991pressreleaseq220.htm,1.5866240279678818,0.1326712512383901,0.2637907919359804,0.2583598050431807,3.8955693126781097,7.11510092166695,6.746569668226977,7.11510092166695,0.8821474424447343,83301618827.29,82897618827.29,121.78599243755846,40.73428793510513,245.0047612567353,250.15501149336333,9.083497298427393,9.083497298427393,40.53673292288019,330.2693977182868,243.8165259626176,248.94179828015007,0.0020527812353147,0.0039975213529812,0.1239824216348658,0.1002262269724941,-1.6095617529880475,7.324942791762013,0.0,1.9883040935672511,0.0,0.0,0.0293398533007334,0.1706601466992665,0.0418711150500745,0.0205882352941176,0.0034229828850855,0.7,0.0518337408312958,4.608612610559927,0.0193545478326579,0.0157323316881471,2.310356431999979,5528000000.0,8695654880.0,4228318828.0,6147000000.0,176000000.0,571156675.0,0.0,7.657701711491442,50.03266131,0.0,11.75287356321839,1.7988249604066484,0.0,0.0186464328052436,0.0054309868927995,2024-08-07,0.2045,bmo,2019824475.0,2025-04-25,2024-06-30,0.271393643031785,66.33190476190477,10818533.507936507
2024-03-31,SHOP,USD,1594805,2024-05-08,2024-05-08 07:05:10,2024,Q1,1861000000.0,904000000.0,957000000.0,0.5142396561,335000000,124000000.0,361000000.0,485000000.0,51000000.0,871000000.0,1775000000.0,0.0,0.0,10000000.0,96000000.0,0.0515851693,86000000.0,0.0462117141,-342000000.0,-256000000.0,-0.1375604514,17000000.0,-273000000.0,-0.1466953251,-0.21,-0.21,1287376719,1287376719,https://www.sec.gov/Archives/edgar/data/1594805/000159480524000046/0001594805-24-000046-index.htm,https://www.sec.gov/Archives/edgar/data/1594805/000159480524000046/exhibit991financialstateme.htm,1.4455753102678253,-0.2120591400876498,0.1848720708456434,0.1802114304041566,4.021355927596202,6.9078459076903656,6.556744327765026,6.9078459076903656,0.8894055509170661,100659985658.61,100181985658.61,-92.17947404634616,54.08919164890381,422.9411162126471,433.87924852849136,11.319013342922524,11.319013342922524,53.83234049361096,1043.5623506105208,420.93271285130254,431.8189037009052,-0.0027121005254847,0.002304788724954,0.128752951759811,0.1030417566594672,-4.979166666666667,7.139689578713969,0.0,-0.8717948717948718,0.0,0.0,0.0666308436324556,0.1800107469102633,0.0406767458603311,0.0252100840336134,0.0032240730789897,0.6,0.0564212788823213,,0.0089675308008213,-0.0256097560975609,2.4013949874760785,5538000000.0,8441000000.0,4221000000.0,6138000000.0,186000000.0,475197445.5,46000000.0,8.608275120902741,58.3800223340708,0.0,10.455056179775282,1.5416232540129686,0.0,-0.0306983020353086,0.0046606404414868,2024-05-08,0.1717,bmo,1857457313.0,2025-04-25,2024-03-31,0.1648223645894002,79.00049180327868,9806901.032786883
2023-12-31,SHOP,USD,1594805,2024-02-13,2024-02-13 07:07:18,2023,Q4,2144000000.0,1082000000.0,1062000000.0,0.4953358209,311000000,100000000.0,317000000.0,417000000.0,45000000.0,773000000.0,1855000000.0,68000000.0,0.0,10000000.0,299000000.0,0.1394589552,289000000.0,0.1347947761,393000000.0,682000000.0,0.3180970149,25000000.0,657000000.0,0.3064365672,0.51,0.51,1285498532,1297295576,https://www.sec.gov/Archives/edgar/data/1594805/000159480524000006/0001594805-24-000006-index.htm,https://www.sec.gov/Archives/edgar/data/1594805/000159480524000006/exhibit991pressreleaseq420.htm,1.6678354324250602,0.5110857645071196,0.3485029261783707,0.3469471095436459,3.895764853351073,7.0525168052078335,6.697790612490564,7.0525168052078335,0.8945945649668,100140335642.8,99877335642.8,38.10515054901066,46.70724610205224,223.52753491696436,224.52990054439465,11.045702144584162,11.045702144584162,46.58457819160448,334.0379118488294,222.9404813455357,223.9402144457399,0.0065607928691542,0.0044537498015872,0.1268475623207589,0.1017789184883618,-0.8795986622073578,6.987750556792873,0.0,0.6818873668188736,0.0,0.0,0.0466417910447761,0.1450559701492537,0.0403575537658199,0.0044642857142857,0.0009328358208955,0.2,0.0457089552238806,9.00554946793928,0.0267235705853111,0.0605920870607765,2.307665023455663,5377000000.0,8610000000.0,4042000000.0,5980000000.0,183500000.0,445232304.0,46000000.0,8.14365671641791,30.277264325323475,7.652495378927911,11.051546391752575,2.9725274725274726,11.76086956521739,0.07246856386499,0.0015558166347248,2024-02-13,0.3085,bmo,2116632333.0,2025-04-25,2023-12-31,0.1021069692058347,63.86111111111112,11289358.365079366
2023-09-30,SHOP,USD,1594805,2023-11-02,2023-11-02 07:06:21,2023,Q3,1714000000.0,813000000.0,901000000.0,0.5256709452,313000000,137000000.0,295000000.0,432000000.0,34000000.0,779000000.0,1592000000.0,63000000.0,0.0,13000000.0,135000000.0,0.0787631272,122000000.0,0.0711785298,606000000.0,728000000.0,0.4247374562,10000000.0,718000000.0,0.4189031505,0.56,0.55,1283329213,1295830188,https://www.sec.gov/Archives/edgar/data/1594805/000159480523000067/0001594805-23-000067-index.htm,https://www.sec.gov/Archives/edgar/data/1594805/000159480523000067/exhibit991pressreleaseq320.htm,1.3355887036914198,0.5594823157820533,0.2166240721273131,0.2150656255652461,3.832220096122755,6.455085660081518,6.096642950806108,6.455085660081518,0.8742885213195876,70031275153.41,69866275153.41,24.38414873029596,40.85838690397316,251.91106170291368,253.73650417902172,8.453799511517383,8.453799511517383,40.76212085963244,517.5279640993334,251.3175365230576,253.1386780920652,0.0102525621363762,0.0039410963086906,0.1354418155480444,0.1072247706422018,-1.2222222222222223,7.231220657276995,0.0,0.3871866295264624,0.0,0.0,0.0799299883313885,0.1826137689614936,0.043960244648318,0.0071942446043165,0.0011668611435239,0.1538461538461538,0.0595099183197199,9.014371367858296,0.0124986159576374,0.0717712914834066,2.234617564183821,5309000000.0,7824000000.0,3981000000.0,5893000000.0,179500000.0,540232304.0,0.0,9.084014002333722,58.28021490774908,0.0,9.907514450867051,1.544263351507192,0.0,0.0866731047802993,0.001558446562067,2023-11-02,0.15,bmo,1671860000.0,2025-04-25,2023-09-30,0.6,60.591904761904765,11224225.666666666
2023-06-30,SHOP,USD,1594805,2023-08-03,2023-08-03 07:05:51,2023,Q2,1694000000.0,859000000.0,835000000.0,0.4929161747,648000000,131000000.0,321000000.0,452000000.0,1371000000.0,2471000000.0,3330000000.0,58000000.0,0.0,17000000.0,-279000000.0,-0.1646989374,-1636000000.0,-0.9657615112,335000000.0,-1301000000.0,-0.7680047226,10000000.0,-1311000000.0,-0.7739079103,-1.02,-1.02,1280407642,1280407642,https://www.sec.gov/Archives/edgar/data/1594805/000159480523000052/0001594805-23-000052-index.htm,https://www.sec.gov/Archives/edgar/data/1594805/000159480523000052/exhibit991financialstateme.htm,1.3230161586305185,-1.0238926705812337,0.0921581503650538,0.0757571236051713,3.73318609105896,5.828612509952514,5.474818932703621,5.828612509952514,0.8856554450336528,82714333673.2,82237333673.2,-15.77313761884058,48.827823892089725,700.9689294338983,852.725089414433,11.08325521548975,11.08325521548975,48.5462418377804,-294.757468362724,696.9265565525424,847.807563641237,-0.0158497317427435,0.0011727108917209,0.1519496181160391,0.1168710708028444,1.7096774193548387,6.714772727272727,0.0,-0.0900076277650648,0.0,0.0,0.0773317591499409,0.3825265643447462,0.0466865917757394,0.1779661016949152,0.012396694214876,1.2352941176470589,0.1652892561983471,,-0.1865114766774563,-0.1417297297297297,2.0926929144335737,5029000000.0,7010000000.0,3669000000.0,5652000000.0,194000000.0,544500000.0,0.0,9.881936245572607,58.0442374854482,0.0,9.10752688172043,1.5505415162454874,0.0,-0.1756666220018759,0.0164010267598824,2023-08-02,0.06,amc,1623870000.0,2025-04-25,2023-06-30,1.3333333333333337,56.52887096774194,15529882.629032258
2023-03-31,SHOP,USD,1594805,2023-05-04,2023-05-04 07:09:18,2023,Q1,1508000000.0,791000000.0,717000000.0,0.475464191,458000000,123000000.0,287000000.0,410000000.0,42000000.0,910000000.0,1701000000.0,52000000.0,0.0,30000000.0,-163000000.0,-0.1080901857,-193000000.0,-0.1279840849,269000000.0,76000000.0,0.050397878,8000000.0,68000000.0,0.0450928382,0.05,0.05,1276884726,1291682051,https://www.sec.gov/Archives/edgar/data/1594805/000159480523000024/0001594805-23-000024-index.htm,https://www.sec.gov/Archives/edgar/data/1594805/000159480523000024/exhibit991financialstateme.htm,1.1809993253846784,0.0532546114894947,0.0783156051316099,0.0673514204131845,3.808487877550194,6.623150725980256,4.87123063918614,6.623150725980256,1.0956353157912235,61213853764.44,60874853764.44,225.0509329575,40.592741223103445,612.1385376443999,711.7889972609302,7.238246868208583,7.238246868208583,40.367940162095486,-373.4653605180368,608.7485376443999,707.8471367958139,0.0011108596472568,0.0014049107303542,0.1654250916400615,0.1275994162714337,2.079754601226994,6.712344280860703,0.0,1.4705882352941178,0.0,0.0,0.0815649867374005,0.3037135278514589,0.2040313754104341,0.14,0.0092838196286472,0.4666666666666667,0.0895225464190981,2.817099514010818,-0.0170889866923617,0.0077919101638592,1.96376379867512,5044000000.0,6220000000.0,3420000000.0,7763000000.0,543500000.0,449500000.0,0.0,12.055702917771884,60.87231352718079,0.0,7.465346534653466,1.4785046728971962,0.0,0.0080406763627763,0.0109641847184253,2023-05-04,0.00443,bmo,1429990000.0,2025-04-25,2023-03-31,1.2573363431151243,43.99919354838709,19812366.30645161
2022-12-31,SHOP,USD,1594805,2023-02-15,2023-02-15 16:17:35,2022,Q4,1734978000.0,936470000.0,798508000.0,0.4602409944,440547000,214651000.0,297741000.0,512392000.0,34318000.0,987257000.0,1923727000.0,39563000.0,291000.0,29822000.0,-584495000.0,-0.336888998,-188749000.0,-0.1087904285,-425859000.0,-614608000.0,-0.3542454141,9086000.0,-623694000.0,-0.3594823681,-0.49,-0.49,1273338804,1273338804,https://www.sec.gov/Archives/edgar/data/1594805/000159480523000008/0001594805-23-000008-index.htm,https://www.sec.gov/Archives/edgar/data/1594805/000159480523000008/exhibit991pressreleaseq420.htm,1.3625423136009291,-0.4898099374972005,0.200563274438623,0.1945758656075638,3.9682682913038754,6.470303876799155,4.721806153329165,6.470303876799155,1.0970363862405312,44197589886.84,43944869886.84,-17.716055424150305,25.474438227366573,173.06259133010946,178.38800249772967,5.364508477640614,5.364508477640614,25.32877643799518,-75.1843384234938,172.0730265553576,177.36798724109124,-0.0141114934456122,0.0056057581563688,0.169514117740875,0.1298306586939236,0.4323732452801136,7.068243521088588,-648.6219931271478,-0.4094716319220643,0.0,0.0,0.1237197243999635,0.2539207989957221,0.2069720876838114,0.0298529670889049,0.0043942920313686,0.2556501911340621,0.0816978659095389,,-0.0193100707615081,-0.0731115224609971,2.5118515119091587,5194465000.0,6012459000.0,3532211000.0,7906861000.0,521655500.0,480057000.0,0.5,45.90836310316327,34.98243403419223,0.0,1.960427118644068,2.57271978021978,0.0,-0.0757012262211567,0.0059874088310592,2023-02-15,0.00932,amc,1634808648.0,2025-04-25,2022-12-31,6.510729613733906,34.14650793650794,25154917.47619048
2022-09-30,SHOP,USD,1594805,2022-10-27,2022-10-27 07:06:52,2022,Q3,1366000000.0,704000000.0,662000000.0,0.4846266471,412000000,255000000.0,302000000.0,557000000.0,39000000.0,1008000000.0,1712000000.0,20000000.0,290000.0,29000000.0,-317000000.0,-0.2320644217,-346000000.0,-0.2532942899,188000000.0,-158000000.0,-0.1156661786,1000000.0,-159000000.0,-0.116398243,-0.12,-0.12,1269425226,1269425226,https://www.sec.gov/Archives/edgar/data/1594805/000159480522000050/0001594805-22-000050-index.htm,https://www.sec.gov/Archives/edgar/data/1594805/000159480522000050/exhibit991pressreleaseq320.htm,1.0760775601602863,-0.1252535373832251,-0.105559584964479,-0.1165881983189768,3.892653067538773,6.847987437111164,5.077815430146494,6.847987437111164,1.0234308987963974,34198315588.44,34118943588.44,-53.77093645981133,25.035370123308933,-255.21131036149256,-231.0696999218919,3.9340025441642297,3.9340025441642297,24.97726470603221,-107.63073687205048,-254.6189820032836,-230.5334026245946,-0.0046493517959623,-0.0043276985270592,0.1494165195752724,0.1159373344514577,0.250384858044164,6.642561319280043,-1193.103448275862,0.8427672955974843,0.0,0.0,0.1866764275256222,0.301610541727672,0.200575188438034,-0.1044776119402985,0.0102489019033674,0.4827586206896552,0.109809663250366,,-0.03375539534105,-0.0177530966313331,2.0086951151386683,5107765000.0,6445907000.0,3502709000.0,7833067000.0,149391000.0,507761000.0,0.5,10.430446559297218,76.20775568181818,1.2784090909090908e-07,8.62858550574502,1.1809821611302536,704000000.0,-0.0182905617940303,0.0110286133544978,2022-10-27,-0.07,bmo,1292751442.0,2025-04-25,2022-09-30,-0.7142857142857143,34.01734375,29710855.65625
2022-06-30,SHOP,USD,1594805,2022-06-30,2022-06-30 00:00:00,2022,Q2,1295000000.0,639000000.0,656000000.0,0.5065637066,347000000,130000000.0,327000000.0,457000000.0,42000000.0,846000000.0,1485000000.0,12000000.0,281000.0,16000000.0,-174000000.0,-0.1343629344,-190000000.0,-0.1467181467,-1008000000.0,-1198000000.0,-0.9250965251,6000000.0,-1204000000.0,-0.9297297297,-0.95,-0.95,1262011665,1262011665,,,1.0261394850102277,-0.954032386063563,-0.059428927703295,-0.0689375561358222,5.51087695374036,6.907327595898252,6.50125052528734,6.907327595898252,0.9449223276394992,39425244414.6,37266685414.6,-8.186304903363787,30.4442041811583,-525.669925528,-453.16372890344826,4.522733222983533,4.522733222983533,28.77736325451737,-214.17635295747127,-496.8891388613333,-428.3527059149425,-0.0305388087728413,-0.002206707942888,0.1367677519476598,0.1109288280299935,12.405511494252874,11.174167529379645,-676.1565836298932,0.0622923588039867,0.0,0.0,0.1003861003861003,0.2679536679536679,0.0476825123306254,-0.16,0.0092664092664092,0.75,0.1073359073359073,,-0.0189622521721879,-0.1176337712879022,3.985416608649176,7154556000.0,8204654000.0,5827262000.0,8005792000.0,152186000.0,413027500.0,0.5,9.76246332046332,59.071549295774645,0.0,9.21898470146863,1.5235760882005112,0.0,-0.1381188850272704,0.0095086284325272,2022-07-27,-0.00836,bmo,1331928815.0,2025-04-25,2022-06-30,2.5885167464114835,42.7,43764310.53225806
2022-03-31,SHOP,USD,1594805,2022-05-05,2022-05-05 07:23:32,2022,Q1,1204000000.0,566000000.0,638000000.0,0.5299003322,304000000,109000000.0,303000000.0,412000000.0,20000000.0,736000000.0,1302000000.0,5000000.0,288000.0,17000000.0,-81000000.0,-0.0672757475,-98000000.0,-0.0813953488,-1555000000.0,-1653000000.0,-1.372923588,-179000000.0,-1474000000.0,-1.2242524917,-1.17,-1.17,1260130660,1260130660,https://www.sec.gov/Archives/edgar/data/1594805/000159480522000020/0001594805-22-000020-index.htm,https://www.sec.gov/Archives/edgar/data/1594805/000159480522000020/exhibit991financialstateme.htm,0.9554564762355676,-1.1697199717368991,-0.0198392125464195,-0.0325363085761281,5.750744926720535,7.76871423793466,7.381344883712297,7.76871423793466,0.948881761197684,85179792093.36,83923674093.36,-14.447047505658071,70.74733562571429,-3407.1916837344,-2077.5559047160978,8.701053730349418,8.701053730349418,69.70404825029901,-1036.094741893333,-3356.9469637344,-2046.9188803258537,-0.0173045738170438,-0.0004813348212339,0.1221119974830419,0.1010124080893614,15.50762962962963,11.841182111999435,-340.27777777777777,0.0169606512890094,0.0,0.0,0.090531561461794,0.2524916943521594,0.0412470128540751,-0.64,0.0132890365448504,0.9411764705882352,0.0980066445182724,,-0.0078221271475984,-0.1299099505469658,4.225556856540575,7392949000.0,9301459000.0,6030019000.0,8210860000.0,425582000.0,345328500.0,1.0,12.251735880398671,64.66118374558303,1.590106007067138e-07,7.345897828567245,1.3918705904629811,566000000.0,-0.1505680265628966,0.0126970960297085,2022-05-05,0.08,bmo,1264279873.0,2025-04-25,2022-03-31,-0.75,82.10527419354838,28953300.0
2021-12-31,SHOP,USD,1594805,2022-02-16,2022-02-16 07:22:11,2021,Q4,1380024000.0,687365000.0,692659000.0,0.5019180826,273912000,101054000.0,275475000.0,376529000.0,-503123000.0,678255000.0,1365620000.0,4918000.0,0.0,22166109.0,-464032212.0,-0.3362493783,14404000.0,0.0104374996,-503123000.0,-488719000.0,-0.354138044,-117408000.0,-371311000.0,-0.2690612627,-0.3,-0.3,1257347550,1257347550,https://www.sec.gov/Archives/edgar/data/1594805/000159480522000010/0001594805-22-000010-index.htm,https://www.sec.gov/Archives/edgar/data/1594805/000159480522000010/exhibit991pressreleaseq420.htm,1.0975676534304295,-0.2953129387336063,0.2071487712367197,0.1864902031264148,6.178158934655737,8.854624960298368,8.460919973956287,8.854624960298368,0.9333036040830556,173185794189.45,171856289189.45,-116.604271210286,125.49476979346012,664.9279123292431,738.5857149108891,15.55559954459762,15.55559954459762,124.53137712782532,-370.35422271385335,659.8234233137397,732.9157729534764,-0.0021440037951023,0.0013539389942312,0.1054029513692251,0.0879664070298344,2.865113596898312,12.151585310494882,0.0,-0.7014551144458419,0.0,0.0,0.0732262627316626,0.198483504634702,0.0371077674260871,0.0997281711446759,0.0188221364266128,1.1678881345263252,0.0712371668898512,,0.0008648917968606,-0.0289067124800741,4.832959073646742,7836587000.0,10638317000.0,6332489000.0,8633525000.0,710214000.0,317299000.0,0.5,44.820720509208535,37.186793042997536,1.309348017428877e-07,2.007999848675107,2.420214076969121,687365000.0,-0.0333512644587101,0.0206585681103049,2022-02-16,0.13,bmo,1333220461.0,2025-04-25,2021-12-31,0.0769230769230769,146.120375,10520417.65625
2021-09-30,SHOP,USD,1594805,2021-10-28,2021-10-28 07:08:34,2021,Q3,1123740000.0,514831000.0,608909000.0,0.5418593269,221028000,128722000.0,237949000.0,366671000.0,25311000.0,613010000.0,1127841000.0,4516000.0,872000.0,13511380.0,1345703261.0,1.197521901,-4101000.0,-0.0036494207,1344553000.0,1340452000.0,1.1928488796,192020000.0,1148432000.0,1.0219730543,0.9,0.9,1250714600,1276191882,https://www.sec.gov/Archives/edgar/data/1594805/000159480521000040/0001594805-21-000040-index.htm,https://www.sec.gov/Archives/edgar/data/1594805/000159480521000040/exhibit991financialstateme.htm,0.8984783578923601,0.918220671606456,0.0334736637758926,0.0243892571494727,6.011518535083863,9.091024443146342,8.698160235756422,9.091024443146342,0.8803415263562127,169569384038.80002,168479955038.80002,36.91323997389484,150.89734639578552,4050.288636096116,5558.922896629951,14.913390767771094,14.913390767771094,149.92787925925927,125.19844450224603,4024.26682842402,5523.208596865986,0.0067726376816773,0.000179890964238,0.0967596479839497,0.0812752585266018,-0.8095610908978841,13.96807178526109,-4.702981651376147,0.0364549228861613,0.0,0.0,0.1145478491465997,0.1966896257141331,0.0362989211849014,0.2713896718100607,0.0101108797408653,0.835195530726257,0.0723832915087119,13.704752745670833,-0.0002711982985929,0.0880351229195631,4.7191635485825465,7736194000.0,10878916000.0,6166510000.0,8442756000.0,679431000.0,320062500.0,0.0,58.71896524107,61.28791778272871,0.0,1.5327245572279091,1.4684786701199128,0.0,0.101002992275386,0.0090844066264198,2021-10-28,0.13,bmo,1142680000.0,2025-04-25,2021-09-30,-0.3846153846153846,149.841578125,10439106.25
2021-06-30,SHOP,USD,1594805,2021-06-30,2021-06-30 00:00:00,2021,Q2,1119445000.0,498585000.0,620860000.0,0.5546141168,183557000,77966000.0,201910000.0,279876000.0,779874000.0,481419000.0,980004000.0,3092000.0,284000.0,14538611.0,926917545.0,0.828015262,139441000.0,0.1245626181,779874000.0,919315000.0,0.8212239101,40222000.0,879093000.0,0.7852936053,0.69,0.69,1245475010,1274750630,,,0.8988096838651143,0.7058294971329855,0.0533298536435508,0.0466954371087702,6.226850749899832,8.125850714579974,7.775728876326471,8.125850714579974,0.8647937464437765,181961408010.98,180673533010.98,51.746916427209634,162.54609025988773,2739.516237499887,3128.7425291615946,17.979409803561946,17.979409803561946,161.39563177376291,194.91866777748825,2720.126661913853,3106.5981122284124,0.0048312057463687,0.0003196172234306,0.1063969486225246,0.0900655738637323,-1.3894170058028192,16.553409133154496,490.98943661971833,0.0755562835786429,0.0,0.0,0.0696470125821277,0.163971432272242,0.0364737156688228,0.1244034266271209,0.007381336287178,0.5635272454477256,0.0732130654029452,11.359928049161145,0.011634823142564,0.0763127397542104,5.13019185346802,7949083000.0,9684476000.0,6625032000.0,8596164000.0,579250499.5,314206500.0,0.5,50.30415071754307,52.2645687295045,0.0,1.789116776970323,1.7220078953639777,0.0,0.0868622279592875,0.0066344165347805,2021-07-28,0.1,bmo,1142680000.0,2025-04-25,2021-06-30,1.2,123.2175873015873,14031162.698412698
2021-03-31,SHOP,USD,1594805,2021-04-28,2021-04-28 07:19:52,2021,Q1,988647000.0,429931000.0,558716000.0,0.5651319429,175886000,67102000.0,186223000.0,253325000.0,2.9802322387695312e-08,439817000.0,869748000.0,2830000.0,873000.0,15918028.0,137529000.0,0.1391082965,118899000.0,0.1202643613,1250645000.0,1369544000.0,1.3852709815,111099000.0,1258445000.0,1.2728961905,0.99,0.99,1232436500,1266743880,https://www.sec.gov/Archives/edgar/data/1594805/000159480521000020/0001594805-21-000020-index.htm,https://www.sec.gov/Archives/edgar/data/1594805/000159480521000020/exhibit991pressreleaseq120.htm,0.8021889971613142,1.021103318507688,0.1100932989245287,0.105883751414373,6.387710847577137,7.417721724405274,7.059442007762672,7.417721724405274,0.8759583150937188,136369098725.0,134662217725.0,27.090794338449435,137.93507563872646,1005.0566299757523,1045.013975439672,14.91697910909047,14.91697910909047,136.20859389144962,979.1550707487148,992.4767120788898,1031.9339263956474,0.0092282270086551,0.0009569250014855,0.1179944455571512,0.0996490679626431,-12.41106239411324,17.134022617515953,136.1958762886598,0.1078179817155298,0.0,0.0,0.0678725571412243,0.1779057641402846,0.0407909070283221,0.0382361828674189,0.0052475757272312,0.3283544303797468,0.0699501439846578,13.054533926668077,0.0105606628966589,0.1211985826128436,5.346347661522521,7988003000.0,8700314000.0,6800089000.0,8644738000.0,477172999.5,253798000.0,1.0,48.503014635152894,70.93891810546344,2.0933591669360897e-07,1.8555547665850007,1.2686971045456157,429931000.0,0.1376572695020527,0.0042095475101556,2021-04-28,0.08,bmo,849900000.0,2025-04-25,2021-03-31,1.5,120.82201639344262,14334748.196721312
2020-12-31,SHOP,USD,1594805,2021-02-17,2021-02-17 07:42:49,2020,Q4,977744000.0,473356000.0,504388000.0,0.5158691846,159077000,65395000.0,154728000.0,220123000.0,-2788000.0,391847000.0,865203000.0,3227000.0,7337000.0,17893000.0,134983000.0,0.1380555646,112541000.0,0.1151027263,-2788000.0,109753000.0,0.1122512641,-14119000.0,123872000.0,0.1266916493,0.0987,0.0987,1222001260,1254549190,https://www.sec.gov/Archives/edgar/data/1594805/000159480521000007/0001594805-21-000007-index.htm,https://www.sec.gov/Archives/edgar/data/1594805/000159480521000007/exhibit991pressrelease2020.htm,0.8001170146092975,0.1013681442521589,0.2007903003307869,0.1955889963648646,5.227463513417327,5.23790212785869,4.871666007938486,5.23790212785869,0.7530532333493666,138324432625.69998,136533730625.69998,279.1680779871561,141.4730569818889,563.747351408508,578.7391014003597,21.610751258209422,21.610751258209422,139.64159394043838,1011.4883402035812,556.4492660992149,571.2469378925567,0.0008955178607903,0.0017278943095089,0.1426237317253066,0.1175970851118234,-13.266129808938905,15.690745827363733,15.338830584707646,1.980802764143632,0.0,0.0,0.0668835605229998,0.1626980068402363,0.0576512272145543,0.0259041595005012,0.0065006791143694,0.3552227127927122,0.0685833919717226,3.45637373784984,0.017317678155358,0.0169331286864194,4.371469715587691,6439424000.0,5953182000.0,5515574000.0,7098442000.0,425261000.0,215140500.0,1.0,38.80236544535175,32.07902720151429,1.9013174017018904e-07,2.31944622362659,2.8055713608345187,473356000.0,0.0193528137368231,0.0052013039659222,2021-02-17,0.12,bmo,906170000.0,2025-04-25,2020-12-31,0.3333333333333334,104.9706875,14790077.8125
2020-09-30,SHOP,USD,1594805,2020-10-29,2020-10-29 07:22:31,2020,Q3,767405000.0,362257000.0,405148000.0,0.5279454786,143427000,51799000.0,147608000.0,199407000.0,0.0,354587000.0,716844000.0,3788000.0,1238000.0,17870000.0,72219000.0,0.0941080655,50561000.0,0.0658856797,124053000.0,186367000.0,0.2428535128,-4701000.0,191068000.0,0.2489793525,0.15,0.15,1205114840,1249082790,https://www.sec.gov/Archives/edgar/data/1594805/000159480520000047/0001594805-20-000047-index.htm,https://www.sec.gov/Archives/edgar/data/1594805/000159480520000047/exhibit991pressrelease.htm,0.6367899344762861,0.1585475455600563,0.0741481201907695,0.0658103255951939,5.079317586031884,5.125510694067962,4.747297776201976,5.125510694067962,0.7503210233474513,123279632787.48,121092733787.48,161.30334852968576,160.64481308758738,1379.6303903161474,1554.42172751491,19.95840143664006,19.95840143664006,157.79508054740324,1676.7434302258407,1355.156661341361,1526.847316035759,0.0015498748307385,0.0006433260564356,0.1461890882846198,0.1210106202989507,-30.2814910203686,17.86723349300653,40.84087237479806,0.4676711955952854,0.0,0.0,0.0674989086597038,0.1868987040741199,0.0610812257413564,0.1124478216591873,0.0130934773685342,0.5622831561275882,0.0831464480945524,4.276018668860283,0.0072979227959919,0.0272711144249819,4.279836103005752,6243086000.0,5721039000.0,5328015000.0,6916284000.0,375528500.0,251278500.0,0.5,50.31007095340792,64.98284367175789,2.484424041495403e-07,1.7889062427152782,1.3849809413482896,362257000.0,0.0309330240484235,0.0083377945955756,2020-10-29,0.05,bmo,564422757.0,2025-04-25,2020-09-30,1.2,99.415890625,23790250.15625
2020-06-30,SHOP,USD,1594805,2020-06-30,2020-06-30 00:00:00,2020,Q2,714341000.0,339307000.0,375034000.0,0.5250069645,133227000,83307000.0,144850000.0,228157000.0,4084000.0,374750000.0,714057000.0,5952000.0,0.0,19931000.0,24299000.0,0.0340159672,284000.0,0.0003975692,4084000.0,4368000.0,0.0061147267,-31630000.0,35998000.0,0.0503932996,0.0293,0.0293,1187406450,1227499800,,,0.6015977090237298,0.0303164935646088,0.1475400441020006,0.1402704187769908,3.369490708089045,3.898361003513161,3.50833533033276,3.898361003513161,0.1289541588728948,112708620234.0,110979379234.0,782.7422373048503,157.77985616673269,643.350763365489,676.6929251912247,24.34869421135167,24.34869421135167,155.3591061327853,4567.240595662373,633.4801029396655,666.3107099869114,0.0003193899448441,0.0014777751662135,0.0330790706034363,0.0300329179186021,-71.16510967529528,13.694576700592188,0.0,4.866659258847713,0.0,0.0,0.116620773552127,0.1865033646395769,0.0908354498308207,0.049272218733946,0.0120838647088715,0.4330941749034168,0.0872468470940349,1.6306913614168057,0.000488737830576,0.0077660226262696,3.1775242167498754,4068688000.0,4165820000.0,3919694000.0,4753526000.0,315240500.0,227713500.0,0.5,40.578561219361625,63.92334965090611,0.0,2.217919938399824,1.4079362313067436,0.0,0.0077767281011912,0.0072696253250098,2020-07-29,0.00138,bmo,6803247.62,2025-04-25,2020-06-30,78.71014492753623,69.41031746031747,36128866.34920635
2020-03-31,SHOP,USD,1594805,2020-05-06,2020-05-06 07:26:22,2020,Q1,470001000.0,213051000.0,256950000.0,0.5467009645,116396000,44842000.0,154862000.0,199704000.0,14083000.0,330183000.0,543234000.0,10467000.0,10467000.0,14366000.0,-44784000.0,-0.0952849036,-73233000.0,-0.1558145621,-974000.0,-60124000.0,-0.1279231321,-28695000.0,-31429000.0,-0.0668700705,-0.027,-0.0269,1164080151,1168065490,https://www.sec.gov/Archives/edgar/data/1594805/000159480520000027/0001594805-20-000027-index.htm,https://www.sec.gov/Archives/edgar/data/1594805/000159480520000027/exhibit991financialstateme.htm,0.4037531261023967,-0.0269990000027068,-0.0729803698886366,-0.0875489543503091,2.027843184141708,2.6122350745245204,2.207736295299137,2.6122350745245204,0.1305382622231482,48533993735.643,47706120735.643,-386.0605947981402,103.26359674903458,-571.29060956557,-476.2249910281512,15.960661583103876,15.960661583103876,101.50216858186046,-1065.2492125679482,-561.5457681789535,-468.1017400518378,-0.0006475667378866,-0.0020998478005974,0.0465297378924518,0.0407644552619539,18.485910146480887,9.453549905218033,-6.996560619088564,2.7030767762257786,0.0,0.0,0.0954083076418986,0.2476505369137512,0.1356613066982894,-0.1996233299982343,0.0360829019512724,1.1804956146456913,0.1143657141155018,,-0.0119924410411594,-0.0104761692066824,1.8570972098810403,2439331000.0,2569982000.0,2297823000.0,3160818000.0,274552500.0,152474000.0,1.0,59.05595945540541,90.58295900981454,4.2243406508300826e-07,1.5239782882193489,0.9935643633616408,213051000.0,-0.0103355935558828,0.0145685844616725,2020-05-06,0.00661,bmo,445264105.0,2025-04-25,2020-03-31,2.02571860816944,45.07770967741936,26582820.80645161
2019-12-31,SHOP,USD,1594805,2020-02-12,2020-02-12 07:50:11,2019,Q4,505160000.0,241269000.0,263891000.0,0.5223909256,102753000,59154000.0,132063000.0,191217000.0,11539000.0,293970000.0,535239000.0,12286000.0,0.0,12701000.0,-16206000.0,-0.0320809249,-30079000.0,-0.059543511,11539000.0,-18540000.0,-0.0367012432,-19311000.0,771000.0,0.0015262491,0.0007,0.0007,1160272400,1160272400,https://www.sec.gov/Archives/edgar/data/1594805/000159480520000009/0001594805-20-000009-index.htm,https://www.sec.gov/Archives/edgar/data/1594805/000159480520000009/exhibit991pressreleaseq420.htm,0.4353805192642693,0.0006644991296871,0.045582399443441,0.0338989361463739,2.116049644893734,2.5991603351075145,2.186199551070938,2.5991603351075145,0.1307511925647805,46130110079.200005,45631901079.200005,14957.882645654996,91.31782025338508,872.222622886099,1172.8391660530867,15.29647842919833,15.29647842919833,90.33158025021775,-2815.741150141923,862.8025464982605,1160.1724061629209,1.6713595494922583e-05,0.0008526318262079,0.0503051661718175,0.0434755446300149,30.74225595458472,8.675360798022643,0.0,68.59662775616083,0.0,0.0,0.1170995328212843,0.2034068413967851,0.137311902435865,0.2563152321887763,0.026835062158524,1.0673175340524368,0.0950035632274922,0.1971310352618679,0.0003930842293794,0.0002561179298495,1.8633337744653755,2428346000.0,2536587000.0,2270983000.0,3153665000.0,226583499.5,114923500.0,1.0,42.88362103096048,33.76534076072765,3.730276164778733e-07,2.0987033705717884,2.6654551078802875,241269000.0,0.0002556591529624,0.0116834632970671,2020-02-12,0.02217,bmo,390709686.0,2025-04-25,2019-12-31,0.8042399639152009,33.8188125,22736599.375
2019-09-30,SHOP,USD,1594805,2019-10-29,2019-10-29 07:28:24,2019,Q3,390552000.0,173856000.0,216696000.0,0.5548454495,90387000,45421000.0,116546000.0,161967000.0,0.0,252354000.0,426210000.0,11644000.0,0.0,8743000.0,-15662748.0,-0.0401041295,-35658000.0,-0.0913015424,3813000.0,-24446000.0,-0.0625934575,48338000.0,-72784000.0,-0.1863618673,-0.0644,-0.0644,1130869970,1130869970,https://www.sec.gov/Archives/edgar/data/1594805/000159480519000045/0001594805-19-000045-index.htm,https://www.sec.gov/Archives/edgar/data/1594805/000159480519000045/exhibit991financialstateme.htm,0.3453553550458149,-0.0643610688503825,-0.0262408595039445,-0.0408039838567824,2.3585222622898017,2.4937075656894487,2.429037000602289,2.4937075656894487,0.0981730905808737,35244693485.02,34231185485.02,-121.05920767277148,90.24327998581494,-1187.6897551818029,-763.7979690755027,12.497856777117075,12.497856777117075,87.64821453998442,-2185.515944265974,-1153.536157877675,-741.8339434166954,-0.0020651052060059,-0.0013092467386505,0.0393683252726272,0.0348144443207528,64.70818530694613,11.206671260986909,0.0,0.4077132336777314,0.0,0.0,0.1162994940494479,0.2314339703803846,0.0229336753492937,-0.5549789385004212,0.0421685204531022,1.8836783712684435,0.1025010754009709,,-0.0361770557954217,-0.023359643314833,2.173243224196677,2651091000.0,2746925000.0,2541956000.0,2913154000.0,186930999.5,140665000.0,0.5,48.96131606034536,72.12693263390392,5.176697956929874e-07,1.8381858830974644,1.2478001866073352,173856000.0,-0.0258093890943416,0.0145631243528378,2019-10-29,0.00611,bmo,148140413.0,2025-04-25,2019-09-30,0.6366612111292963,34.240953125,23484574.375
2019-06-30,SHOP,USD,1594805,2019-06-30,2019-06-30 00:00:00,2019,Q2,361979000.0,157214000.0,204765000.0,0.5656819871,85520000,39655000.0,119210000.0,158865000.0,0.0,244385000.0,401599000.0,12174000.0,0.0,7375000.0,-32245000.0,-0.0890797532,-39620000.0,-0.1094538633,6209000.0,-28678000.0,-0.0792255904,-10942000.0,-28678000.0,-0.0792255904,-0.026,-0.0256,1103042424,1120134090,,,0.3281641685977438,-0.0259990000167028,0.0209040010595276,0.0015212470195978,1.8252525525709065,1.959293634566498,1.8924884071367325,1.959293634566498,0.1038192162951658,33607496574.432,33053023574.432,-292.9728064581909,92.8437742919672,1457.5200179734584,20028.30546748033,15.550502212875903,15.550502212875903,91.31199206150632,-1025.0588796536515,1433.4731361970682,19697.868637921336,-0.000853321518206,4.992933633969611e-05,0.0529880843093415,0.0464139313532455,17.195627229027757,11.43601532963367,0.0,-0.8040309645024061,0.0,0.0,0.1095505540376651,0.2362567994275911,0.0298662747669718,0.9272269928007632,0.0590641998568977,2.8989830508474577,0.1084814312432489,,-0.0107489082833749,-0.0119810712610121,1.6574738742777495,2017814000.0,2087495000.0,1905051000.0,2273947000.0,154321500.0,133512500.0,0.0,40.12840523897795,81.2904703143486,0.0,2.2428003172321493,1.1071408450704223,0.0,-0.0132695781571583,0.0193827540399298,2019-08-01,0.00193,bmo,108593699.0,2025-04-25,2019-06-30,4.181347150259068,26.031984126984128,19610021.587301586
2019-03-31,SHOP,USD,1594805,2019-04-30,2019-04-30 07:12:29,2019,Q1,320482000.0,140191000.0,180291000.0,0.562562016,76355000,34704000.0,105022000.0,139726000.0,11639000.0,216081000.0,356272000.0,12078000.0,0.0,6832000.0,-24557000.0,-0.0766252083,-35790000.0,-0.1116755387,11639000.0,-24151000.0,-0.0753583665,-18471000.0,-24151000.0,-0.0753583665,-0.0218,-0.0218,1109212760,1109212760,https://www.sec.gov/Archives/edgar/data/1594805/000159480519000023/0001594805-19-000023-index.htm,https://www.sec.gov/Archives/edgar/data/1594805/000159480519000023/exhibit991pressreleaseq120.htm,0.2889274371492084,-0.0217730996891885,0.0219470969663205,0.0120373660324643,1.8003885927168743,1.918403823627128,1.8572541484286569,1.918403823627128,0.0938557540574993,22854219707.04,22547879707.04,-236.57632921038464,71.31202285008207,938.8029784357542,1711.670139832235,10.740178760196589,10.740178760196589,70.35615013336162,-918.1854341751844,926.2191795530726,1688.7267605632117,-0.00105674139435,0.0005842247152234,0.0489238777058138,0.0433278354685941,12.474650812395652,12.5652374952316,0.0,-1.0079913875201856,0.0,0.0,0.1082868928676181,0.2382505101690578,0.0282293088214301,0.4515280972724285,0.0342983381281944,1.6088992974238876,0.0972410306975118,,-0.0037661817541352,-0.010343381773189,1.6521773965167872,2000948000.0,2060090000.0,1899129000.0,2229737000.0,140233500.0,93148000.0,11255500.0,41.35093390580438,80.26371165053392,0.0,2.1764925601200704,1.1213037392521497,0.0,-0.011349591478619,0.0099097309338561,2019-04-30,0.00251,bmo,213654666.0,2025-04-25,2019-03-31,2.9840637450199203,17.65572131147541,13581000.49180328
2018-12-31,SHOP,USD,1594805,2019-02-12,2019-02-12 07:28:30,2018,Q4,343862000.0,158119000.0,185743000.0,0.5401672764,67024000,33014000.0,95163000.0,128177000.0,7944000.0,195201000.0,353320000.0,0.0,0.0,5848000.0,-3610000.0,-0.0104983976,-9458000.0,-0.0275052201,7944000.0,-1514000.0,-0.0044029291,-5848000.0,-1514000.0,-0.0044029291,-0.0014,-0.0014,1077344990,1077344990,https://www.sec.gov/Archives/edgar/data/1594805/000159480519000009/0001594805-19-000009-index.htm,https://www.sec.gov/Archives/edgar/data/1594805/000159480519000009/exhibit991pressreleaseq420.htm,0.3191753831797185,-0.0014053065768654,0.0085924194068976,0.0004381140715194,1.8282630153596389,1.9406671209377413,1.8811773561967369,1.9406671209377413,0.0230826710392926,14915841386.55,14530026386.55,-2462.985697911163,43.37740543168481,1611.3040279302152,31601.358869809323,7.134144671503487,7.134144671503487,42.25540009233355,-4024.938057216066,1569.6258384519824,30783.954208792376,-0.0001015028224532,3.1644208849365655e-05,0.0118941939038669,0.0110289894601924,106.87396121883656,15.35159494693124,0.0,-6.114266842800529,0.0,0.0,0.0960094456497083,0.1949154021089855,0.0284244395807139,0.9490115588203522,0.0255480396205454,1.5022229822161424,0.0797383834212562,,0.0127791900545369,-0.0006911051931488,1.7792104829855848,1990394000.0,2026677000.0,1965065000.0,2116097000.0,134268500.0,84555000.0,11255500.5,34.86805753470869,34.874935965949696,12.813071167917837,2.581158985137366,2.5806498996262506,7.024077117853494,-0.0007241358199475,0.0081543053353782,2019-02-12,0.02345,bmo,264509230.0,2025-04-25,2018-12-31,0.279317697228145,14.076222222222222,18933016.507936507
2018-09-30,SHOP,USD,1594805,2018-10-25,2018-10-25 07:21:58,2018,Q3,270064000.0,120337000.0,149727000.0,0.554413028,61629000,27831000.0,91635000.0,119466000.0,8184000.0,181095000.0,301432000.0,8078000.0,0.0,6196000.0,-25172000.0,-0.093207536,-31368000.0,-0.1161502459,8184000.0,-23184000.0,-0.0858463179,0.0,-23184000.0,-0.0858463179,-0.0217,-0.0217,1066472220,1066472220,https://www.sec.gov/Archives/edgar/data/1594805/000159480518000039/0001594805-18-000039-index.htm,https://www.sec.gov/Archives/edgar/data/1594805/000159480518000039/exhibit991financialstateme.htm,0.2532311624582213,-0.0217389628770639,0.0026854895479602,-0.0050971791839078,1.4798557059460955,1.5678589358848936,1.5219561931017762,1.5678589358848936,0.0203718386588635,17428289019.239998,17206594019.239998,-187.93444853390267,64.53392166019906,6085.296445265362,-3206.0870160485647,10.42313158790439,10.42313158790439,63.71302365083831,-683.5608620387732,6007.888973198324,-3165.3042713833697,-0.0013302510633376,-0.0003119066934223,0.0129934129867147,0.0117967479939664,8.807206419831559,11.820493102955488,0.0,-0.1235334713595583,0.0,0.0,0.1030533503169619,0.2282014633568339,0.0265809629612736,2.89804469273743,0.0307334557734462,1.3395739186571982,0.0969584987262278,,-0.0184858221146252,-0.0129321597108336,1.415973826772534,1590039000.0,1623124000.0,1567370000.0,1694747000.0,123904000.0,101784000.0,0.5,45.09497748681794,80.65275019320741,7.478996484871652e-07,1.99578766895512,1.1158949916078598,120337000.0,-0.0138653818781181,0.0077826687318681,2018-10-25,-0.00573,bmo,135050000.0,2025-04-25,2018-09-30,2.7940663176265272,15.232126984126984,14031413.492063493
2018-06-30,SHOP,USD,1594805,2018-06-30,2018-06-30 00:00:00,2018,Q2,244963000.0,108008000.0,136955000.0,0.5590844332,54305000,25924000.0,87487000.0,113411000.0,6808000.0,167716000.0,275724000.0,7444000.0,0.0,7426000.0,-23335000.0,-0.0952592841,-30761000.0,-0.1255740663,6808000.0,-23953000.0,-0.097782114,0.0,-23953000.0,-0.097782114,-0.0226,-0.0226,1059780760,1059780760,,,0.2311449775706439,-0.0226018445550945,-0.0008699912612114,-0.0137103828908915,1.4853713705842329,1.5627770030473096,1.517909232471818,1.5627770030473096,0.0178857747898725,15461141507.64,15260295507.64,-161.3695727846199,63.116231870282455,-16769.1339562256,-1064.0840679724708,9.335305018919804,9.335305018919804,62.29632845629749,-653.9659527593744,-16551.29664603037,-1050.2612186951137,-0.0015492387795664,-0.0009397753712311,0.0114448668971942,0.0104778345845376,8.607070923505464,12.892430880797704,0.0,0.0384920469252285,0.0,0.0,0.105828227120014,0.2216865404163077,0.0262844122656168,-14.759219088937094,0.0555512465147797,1.8324804740102345,0.0987536893326747,,-0.0183286768329123,-0.0135980157898889,1.420746919391139,1574320000.0,1608651000.0,1553844000.0,1676677000.0,63531500.0,87391000.0,0.0,41.32946608263289,79.76825790682172,0.0,2.177623098736788,1.128268340837155,0.0,-0.0144626165543916,0.01284039162968,2018-07-31,-0.00813,bmo,367500000.0,2025-04-25,2018-06-30,1.7798277982779829,14.153125,17345902.65625
2018-03-31,SHOP,USD,1594805,2018-05-01,2018-05-01 07:27:36,2018,Q1,214340000.0,90498000.0,123842000.0,0.5777829616,47716000,20675000.0,75784000.0,96459000.0,4431000.0,144175000.0,234673000.0,4649000.0,0.0,7582000.0,-12751000.0,-0.059489596,-20333000.0,-0.0948633013,4431000.0,-15902000.0,-0.0741905384,0.0,-15902000.0,-0.0741905384,-0.0156,-0.0156,1022566440,1022566440,https://www.sec.gov/Archives/edgar/data/1594805/000159480518000022/0001594805-18-000022-index.htm,https://www.sec.gov/Archives/edgar/data/1594805/000159480518000022/exhibit991financialstateme.htm,0.2096098518547117,-0.0155510677624037,-0.0018336216862348,-0.0124461350403793,1.545164146008938,1.6134785334828707,1.5729872769929747,1.6134785334828707,0.0174903060577657,12483491099.52,12304798099.52,-196.256620228902,58.24153727498367,-6657.861919744,-980.8667478211676,7.566261184552416,7.566261184552416,57.407847809648224,-965.0065170982668,-6562.558986410667,-966.826282668343,-0.0012738423789649,-0.001019506474474,0.0108401231840445,0.0100334579497973,14.014038114657676,14.875299359019513,0.0,0.1179096968934725,0.0,0.0,0.0964588970794065,0.222618270038257,0.0232281423769281,-5.787733333333334,0.0506298404404217,1.431284621471907,0.0836288140337781,,-0.0121718777125274,-0.0091331439162245,1.4261322716595315,1575901000.0,1608484000.0,1556830000.0,1668960000.0,41806000.0,61693000.0,0.0,6.118689931883923,78.61798050785653,0.0,14.709031018391435,1.1447762893248834,0.0,-0.0096382241472002,0.0106125133541444,2018-05-01,-0.00558,bmo,267875000.0,2025-04-25,2018-03-31,1.7867383512544803,12.943163934426227,18049842.62295082
2017-12-31,SHOP,USD,1594805,2018-02-15,2018-02-15 07:30:56,2017,Q4,222814000.0,101669000.0,121145000.0,0.5437046146,40339000,19745000.0,67174000.0,86919000.0,3126000.0,127258000.0,228927000.0,0.0,0.0,7758000.0,1645000.0,0.0073828395,-6113000.0,-0.0274354394,3126000.0,-2987000.0,-0.0134058004,-7758000.0,-2987000.0,-0.0134058004,-0.003,-0.003,995517910,995517910,https://www.sec.gov/Archives/edgar/data/1594805/000159480518000008/0001594805-18-000008-index.htm,https://www.sec.gov/Archives/edgar/data/1594805/000159480518000008/pressreleaseq42017.htm,0.22381716869363,-0.0030004482792278,0.0190805206106236,0.0069039440988058,0.942262304452162,1.0056072220739856,0.9679112654035528,1.0056072220739856,0.0165280803436273,10501718432.59,10376495432.59,-878.9519946928357,47.13221984520722,552.867514219005,1527.9671806474612,10.490179235431023,10.490179235431023,46.57021296951718,6307.899959021277,546.2750951613583,1509.747625867889,-0.000284429640651,0.0006544643187795,0.0164359204874637,0.014775980545348,-76.12340425531914,10.824630094771726,0.0,-6.359223300970874,0.0,0.0,0.0886165142226251,0.1810433814751317,0.0336999040917271,0.6381679389312978,0.0544041218235838,1.562516112400103,0.0672219878463651,,0.0095698087150601,-0.002775926850099,0.881305088725124,930923000.0,963573000.0,913213000.0,1018810000.0,68552500.0,54789500.0,0.5,27.88693708653855,39.24470585920979,0.0,3.2273174971031287,2.293302957165092,0.0,-0.0029837179102986,0.0121765765118178,2018-02-15,0.00635,bmo,74266666.0,2025-04-25,2017-12-31,2.1496062992125986,10.244301587301589,28614756.19047619
2017-09-30,SHOP,USD,1594805,2017-10-31,2017-10-31 07:20:34,2017,Q3,171456000.0,71429000.0,100027000.0,0.5833974897,36350000,18039000.0,58314000.0,76353000.0,3296000.0,112703000.0,184132000.0,0.0,0.0,5737000.0,-6939000.0,-0.0404710246,-12676000.0,-0.0739315043,3296000.0,-9380000.0,-0.0547079134,0.0,-9380000.0,-0.0547079134,-0.0095,-0.0095,987779750,987779750,https://www.sec.gov/Archives/edgar/data/1594805/000159480517000048/0001594805-17-000048-index.htm,https://www.sec.gov/Archives/edgar/data/1594805/000159480517000048/financials-q32017.htm,0.1735771562435857,-0.009496044032083,-0.0063121358784688,-0.0111978404092612,0.938021861654888,1.0001440098362009,0.9617984171066476,1.0001440098362009,0.0169582338572946,11506646307.75,11403548307.75,-306.6803386926972,67.11136564337205,-1845.4925914595024,-1040.289875033903,11.647322670969974,11.647322670969974,66.51005685277856,-1643.399381431042,-1828.9572265838008,-1030.969017968538,-0.0008151810483374,-0.0009612705304542,0.0169557920564578,0.0152087146634126,14.857760484219629,10.6375222722985,0.0,0.6647121535181236,0.0,0.0,0.105210666293393,0.2120077454273982,0.0343896176530404,-0.7740176423416198,0.0281471631205673,0.8412062053337982,0.0780200167973124,,-0.012582486956936,-0.0088196770945087,0.874812173968944,919516000.0,950045000.0,901440000.0,1005998000.0,56751500.0,61182000.0,1.0,35.72840845464726,82.20946674319954,1.2599924400453598e-06,2.519003893337251,1.094764430003372,71429000.0,-0.0094946767052459,0.0048857045307924,2017-10-31,0.00217,bmo,68600000.0,2025-04-25,2017-09-30,3.608294930875576,10.212333333333332,16456375.714285716
2017-06-30,SHOP,USD,1594805,2017-06-30,2017-06-30 00:00:00,2017,Q2,151655000.0,64815000.0,86840000.0,0.5726154759,32714000,15161000.0,54872000.0,70033000.0,1877000.0,102747000.0,167562000.0,1435000.0,0.0,5353000.0,-10554000.0,-0.0695921664,-15907000.0,-0.1048893871,1877000.0,-14030000.0,-0.0925126109,0.0,-14030000.0,-0.0925126109,-0.0149,-0.0149,942905380,942905380,,,0.160837983552496,-0.0148795417839274,-0.009394367863295,-0.0133788609839091,0.9888765296895432,1.0366299956841905,0.9955219472817092,1.0366299956841905,0.0149346904776383,8193847752.2,8008532752.2,-146.00584020313613,54.029525912103125,-925.0223247008354,-649.5321246294094,8.382933193308261,8.382933193308261,52.80757477300452,-758.8149281978397,-904.1016879882592,-634.8420731034482,-0.0017122602743299,-0.0015395697334763,0.0144069634679838,0.0130723808126932,17.558745499336744,11.80201322365063,0.0,0.6313613684960798,0.0,0.0,0.099970327387821,0.215713296627213,0.0359820020366995,-0.4241363738993001,0.0247733342125218,0.7018494302260415,0.0764959941973558,,-0.0159974817568165,-0.0135102342672696,0.9191871410257516,909994000.0,938683000.0,894448000.0,992990000.0,35967999.5,54714000.0,1.0,26.96528304375062,79.31219625086786,1.3885674612358251e-06,3.337624895461948,1.1347561189117266,64815000.0,-0.0143537634892638,0.003984493120614,2017-08-01,-0.00803,bmo,1061900000.0,2025-04-25,2017-06-30,0.8530510585305106,8.458365079365079,21924003.65079365
2017-03-31,SHOP,USD,1594805,2017-05-02,2017-05-02 07:30:14,2017,Q1,127379000.0,55138000.0,72241000.0,0.5671343,26594000,14774000.0,45334000.0,60108000.0,863000.0,86702000.0,141840000.0,715000.0,0.0,4534000.0,-9927000.0,-0.0779327833,-14461000.0,-0.1135273475,863000.0,-13598000.0,-0.1067522904,0.0,-13598000.0,-0.1067522904,-0.0151,-0.0151,902428890,902428890,https://www.sec.gov/Archives/edgar/data/1594805/000159480517000024/0001594805-17-000024-index.htm,https://www.sec.gov/Archives/edgar/data/1594805/000159480517000024/financials-q12017.htm,0.141151287831665,-0.0150682232702013,0.0044313740886553,0.0004897892841174,0.4384722213403429,0.4552868426009721,0.4306577552055098,0.4552868426009721,0.0154649304279254,6144638312.01,6057326312.01,-112.96952331243564,48.23902144003329,1536.543713930983,13901.896633506787,14.955406927864209,14.955406927864209,47.55357093406292,-610.1869962737987,1514.7102555663917,13704.358171968326,-0.0022129862344252,7.193263094690033e-05,0.0339674442151174,0.0278375068317183,8.795406467210638,5.652237854158804,0.0,-0.2940873657890866,0.0,0.0,0.1159845814459212,0.2087785270727514,0.044333363918155,0.889472368092023,0.0279245401518303,0.7845169827966475,0.0722803601849598,,-0.0339592423338671,-0.028381672761275,0.3602383560105218,357464000.0,388638000.0,343827000.0,424501000.0,23996499.5,43314500.0,1.0,18.722237652988326,85.38394573615292,1.6322681272443685e-06,4.807117699717628,1.0540623207799655,55138000.0,-0.0330961096615911,0.0039415848045378,2017-05-02,-0.00939,bmo,318500000.0,2025-04-25,2017-03-31,0.604898828541001,5.758564516129033,13830262.258064516
2016-12-31,SHOP,USD,1594805,2017-02-15,2017-02-15 07:34:04,2016,Q4,130383000.0,62248000.0,68135000.0,0.5225757959,24472000,13952000.0,39016000.0,52968000.0,438000.0,77440000.0,139688000.0,0.0,0.0,4440000.0,-4865000.0,-0.0373131467,-9305000.0,-0.0713666659,438000.0,-8867000.0,-0.0680073322,-4440000.0,-8867000.0,-0.0680073322,-0.0099,-0.0099,891371550,891371550,https://www.sec.gov/Archives/edgar/data/1594805/000159480517000006/0001594805-17-000006-index.htm,https://www.sec.gov/Archives/edgar/data/1594805/000159480517000006/q42016pressrelease-final.htm,0.1462723372761897,-0.0099475914392825,0.0075333344439813,-0.002502884459348,0.440236173119952,0.4604993282543065,0.4358844524485889,0.4604993282543065,0.0156376990044162,3821309834.85,3751235834.85,-107.7396479883275,29.308344146476152,569.0707125614297,-1712.8237717839534,9.309459834070688,9.309459834070688,28.77089677987161,-771.0659475539568,558.6352695234549,-1681.4145382563872,-0.0023204085466019,-0.0005838312244805,0.0339581364074878,0.0284145809465955,14.403699897225078,6.356309745686287,0.0,-0.7573023570542461,0.0,0.0,0.1070078154360614,0.1876931808594678,0.0447266174438088,1.332241250930752,0.068613239456064,2.014864864864865,0.0618332144528044,,-0.0109223484480424,-0.0189216353653409,0.3684807424019759,356366000.0,388535000.0,342816000.0,424026000.0,19139000.0,38326500.0,1.0,14.837440463864151,49.6194255237116,1.445829584886261e-06,6.0657362177250524,1.8138057635711995,62248000.0,-0.0216017501632251,0.0100362189033293,2017-02-15,-0.00497,bmo,352034100.0,2025-04-25,2016-12-31,1.002012072434608,4.199587301587302,7466336.349206349
2016-09-30,SHOP,USD,1594805,2016-11-02,2016-11-02 07:16:18,2016,Q3,99578000.0,47123000.0,52455000.0,0.526772982,19462000,9705000.0,32777000.0,42482000.0,369000.0,61944000.0,109067000.0,0.0,0.0,3693000.0,-5796000.0,-0.0582056277,-9489000.0,-0.0952921328,369000.0,-9120000.0,-0.091586495,0.0,-9120000.0,-0.091586495,-0.0107,-0.0107,849127570,849127570,https://www.sec.gov/Archives/edgar/data/1594805/000159480516000063/0001594805-16-000063-index.htm,https://www.sec.gov/Archives/edgar/data/1594805/000159480516000063/exhibit991fsq3.htm,0.1172709537625777,-0.0107404356214696,0.0012919142408719,-0.0057470752009618,0.4714097317556183,0.4846409591906196,0.4655990618700556,0.4846409591906196,0.0156866888681991,3644455530.44,3470415530.44,-99.90283800548244,36.59900309747133,3322.201942060164,-746.8146578770492,8.856040577271688,8.856040577271688,34.851227484384104,-598.7604434851622,3163.5510760619877,-711.1507234508197,-0.0025024314122715,-0.0013390203170926,0.0323676498461807,0.0273880779614387,30.02760524499655,6.909862570735651,0.0,-0.1202850877192982,0.0,0.0,0.0974612866295768,0.195444776958766,0.0332460835254131,5.448495897903372,0.0600232983189057,1.6184673707013268,0.0648637249191588,,-0.0222895075590299,-0.0193970742746302,0.398118330441208,365525000.0,395353000.0,352554000.0,424493000.0,12937500.0,37296000.0,1.0,15.168711964490148,80.85351102434056,1.909895380175286e-06,5.933265804683311,1.1131242027684602,47123000.0,-0.0221616341289165,0.0070389894418338,2016-11-02,-0.00789,bmo,149400000.0,2025-04-25,2016-09-30,0.3612167300380228,3.815421875,10814728.75
2016-06-30,SHOP,USD,1594805,2016-06-30,2016-06-30 00:00:00,2016,Q2,86647000.0,40481000.0,46166000.0,0.5328055213,16732000,8680000.0,29413000.0,38093000.0,220000.0,54825000.0,95306000.0,231000.0,0.0,2776000.0,-5883000.0,-0.0678961764,-8659000.0,-0.0999342158,220000.0,-8439000.0,-0.0973951781,0.0,-8439000.0,-0.0973951781,-0.0104,-0.0104,813492480,813492480,,,0.1065123552217716,-0.0103737898105708,0.0068224355313032,-0.0033411495088436,0.2208330186408115,0.2320255007151387,0.2122453547450125,0.2320255007151387,0.0157346260902129,2502302868.48,2446962868.48,-74.1291287024529,28.879278780338616,450.8653817081081,-920.64123196468,13.257163503663556,13.257163503663556,28.240595386799317,-415.9379344688084,440.89421053693695,-900.2806727299485,-0.0033724934364664,-0.0010861994502092,0.0678142102558397,0.0509738798689015,9.40676525582186,3.935010145247805,0.0,-0.6576608602915037,0.0,0.0,0.1001765785312821,0.1931053585236649,0.0640797422633199,1.4897297297297298,0.0954216533751889,2.978386167146974,0.0577169434602467,,-0.0427843685612218,-0.0359078879064582,0.1525607225035442,146096000.0,172660000.0,133515000.0,201332000.0,7820000.0,29664000.0,0.5,9.443835331863768,71.7180899681332,2.2232652355426e-06,9.53002639683238,1.2549135098270197,40481000.0,-0.044709696902268,0.0101635850401468,2016-08-03,-0.00705,bmo,173200000.0,2025-04-25,2016-06-30,0.4709219858156029,2.92115625,6539397.03125
2016-03-31,SHOP,USD,1594805,2016-05-04,2016-05-04 07:30:13,2016,Q1,72722000.0,33451000.0,39271000.0,0.5400154011,13670000,7305000.0,28008000.0,35313000.0,783000.0,48983000.0,82434000.0,203000.0,0.0,3058000.0,-6654000.0,-0.0914991337,-9712000.0,-0.1335496824,783000.0,-8929000.0,-0.1227826517,0.0,-8929000.0,-0.1227826517,-0.0111,-0.0111,804884950,804884950,https://www.sec.gov/Archives/edgar/data/1594805/000159480516000038/0001594805-16-000038-index.htm,https://www.sec.gov/Archives/edgar/data/1594805/000159480516000038/exhibit991shopify6kq1.htm,0.0903508010679041,-0.0110935109421539,0.0008137809012331,-0.0029693684793087,0.2353926483530348,0.2372724201142039,0.2278859854442551,0.2372724201142039,0.014819509297571,2270580443.9500003,2198644443.9500003,-63.57320091695599,31.22274475330712,3466.535028931298,-950.0336585564854,11.889287421783775,11.889287421783775,30.23355303690768,-330.42447309137367,3356.709074732825,-919.934913786611,-0.0039324746338723,-0.0010525942854692,0.0624577828743775,0.0486313265980087,10.810940787496245,4.77722388129894,0.0,-0.0733564788890133,0.0,0.0,0.1004510326998707,0.1879761282692995,0.0308022864225315,4.648854961832061,0.0418717857044635,0.9957488554610856,0.0463958637001182,,-0.047682171227698,-0.0375611541357653,0.1740348108136448,160634000.0,183422000.0,148864000.0,202747000.0,6318500.0,22761500.0,0.0,8.10373752097027,72.83190338106485,0.0,11.105986560781918,1.235722201699298,0.0,-0.0467543212009823,0.0037831493805419,2016-05-04,-0.00757,bmo,109050000.0,2025-04-25,2016-03-31,0.321003963011889,2.367622950819672,7091411.147540984
2015-12-31,SHOP,USD,1594805,2016-02-17,2016-02-17 07:41:49,2015,Q4,70173000.0,34663000.0,35510000.0,0.5060350847,13541000,5961000.0,22527000.0,28488000.0,212000.0,42029000.0,76692000.0,102000.0,0.0,2202000.0,-5828000.0,-0.0830518861,-6519000.0,-0.0928989782,212000.0,-6307000.0,-0.0898778733,-2202000.0,-6307000.0,-0.0898778733,-0.0081,-0.0081,779966290,779966290,https://www.sec.gov/Archives/edgar/data/1594805/000159480516000019/0001594805-16-000019-index.htm,https://www.sec.gov/Archives/edgar/data/1594805/000159480516000019/shopify20fbody.htm,0.0899692729028071,-0.0080862469069015,0.0063554028726036,-0.0029680769921479,0.2438220759515132,0.2504172327755344,0.2399052400072316,0.2504172327755344,0.0145121656475692,2012313028.2,1913562028.2,-79.76506374663074,28.676457158736262,405.9538083921727,-869.2496882073434,10.302805327749248,10.302805327749248,27.26920650677611,-328.3394008579273,386.0322832761751,-826.5926687688985,-0.0031342042274812,-0.001150417438817,0.0579519447871921,0.0464441636029411,16.94423472889499,5.437199559577839,0.0,-0.785952116695735,0.0,0.0,0.0849472019152665,0.1929659555669559,0.0336421678046218,1.4670163405285457,0.1036296011286392,3.302452316076294,0.0398016331067504,,-0.0204681360235667,-0.0267798380556487,0.1876295833246844,165228000.0,187118000.0,154070000.0,206475000.0,4962500.0,17583000.0,0.0,7.80941387713223,47.911894527305776,0.0,11.524552471670225,1.8784479488430064,0.0,-0.0322910960131478,0.0093234798647515,2016-02-17,-0.00445,bmo,351000000.0,2025-04-25,2015-12-31,0.8179775280898877,2.9428125,4700767.34375
2015-09-30,SHOP,USD,1594805,2015-09-30,2015-09-30 00:00:00,2015,Q3,52786000.0,24043000.0,28743000.0,0.5445193801,10068000,4759000.0,18216000.0,22975000.0,0.0,33043000.0,57086000.0,57000.0,0.0,1909000.0,-2391000.0,-0.0452961012,-4300000.0,-0.0814609934,-357000.0,-4657000.0,-0.0882241503,357000.0,-4657000.0,-0.0882241503,-0.0061,-0.0061,759018400,759018400,,,0.0695450861270293,-0.0061355561340805,0.0001752263186241,-0.0086941238842167,0.2462865195362852,0.2599489024244998,0.2513680827763859,0.2599489024244998,0.0131880860859236,2671744768.0,2566439768.0,-143.4262812969723,50.614647217065134,20088.30652631579,-404.8711574480982,13.541122763626042,13.541122763626042,48.61970537642557,-1073.375059807612,19296.539609022555,-388.9134365813002,-0.0017430557199092,-0.0024699215580161,0.050733378609875,0.0424802345961407,44.0422417398578,6.8564012627148365,0.0,-0.0285591582563882,0.0,0.0,0.0901564808850831,0.1907323911643238,0.027639737055411,50.61654135338346,0.1275338157844883,3.526453640649555,0.041336718069185,,-0.022267163721472,-0.0203250613199724,0.1995735544750957,166966000.0,190793000.0,157143000.0,202584000.0,3564500.0,17256500.0,0.5,6.54037055279809,62.56166035852432,0.0,13.760688216892596,1.4385807455274338,0.0,-0.0236029314871316,0.0088693502028409,2015-11-04,-0.00407,bmo,105600000.0,2025-04-25,2015-09-30,0.5085995085995085,3.168640625,3563536.875
2015-06-30,SHOP,USD,1594805,2015-07-30,2015-07-30 07:29:58,2015,Q2,44926000.0,19674000.0,25252000.0,0.5620798647,8800000,3822000.0,16091000.0,19913000.0,0.0,28713000.0,48387000.0,30000.0,0.0,1655000.0,-1806000.0,-0.0401994391,-3461000.0,-0.0770377955,165000.0,-3296000.0,-0.0733650893,-165000.0,-3296000.0,-0.0733650893,-0.0062,-0.0062,530405390,530405390,https://www.sec.gov/Archives/edgar/data/1594805/000119312515269314/0001193125-15-269314-index.htm,https://www.sec.gov/Archives/edgar/data/1594805/000119312515269314/d27677dex991.htm,0.084701250867756,-0.0062141148301679,0.0126318475006447,0.0060557453988165,0.3748623293590587,0.3762235523285312,0.3645268386130088,0.3762235523285312,0.0176808158001561,1800726299.05,1663436299.05,-136.58421564396238,40.08205268775319,268.76511926119406,560.6246261052304,9.02389012858868,9.02389012858868,37.0261385177848,-921.0610736710964,248.2740744850746,517.881786752802,-0.0018303725567504,0.0017837247124643,0.0469955049085196,0.0395896656534954,76.0188261351052,7.278651286601597,0.0,-2.032766990291262,0.0,0.0,0.0850732315363041,0.1958776654943685,0.0261904761904761,0.5205970149253731,0.0776387837777678,2.1075528700906343,0.0330543560521746,,-0.0156948428618815,-0.0142884391961018,0.3091404303036966,176901000.0,193347000.0,167747000.0,208705000.0,4316000.0,16874000.0,0.5,6.596848150291591,81.42726440988106,4.574565416285453e-06,13.64287883389007,1.1052808988764045,19674000.0,-0.0165170808465003,0.0065761021018281,2015-07-30,-0.00375,bmo,134700000.0,2025-04-25,2015-06-30,0.6560000000000001,3.0749310344827587,10533403.448275862
2015-03-31,SHOP,USD,1594805,2015-05-21,2015-05-21 14:12:00,2015,Q1,37348000.0,15782000.0,21566000.0,0.5774338653,7313000,4189000.0,13540000.0,17729000.0,0.0,25042000.0,40824000.0,11000.0,0.0,1470000.0,-2006000.0,-0.0537110421,-3476000.0,-0.0930705794,-1054000.0,-4530000.0,-0.1212916354,1054000.0,-4530000.0,-0.1212916354,-0.0068,-0.0068,667374170,667374170,https://www.sec.gov/Archives/edgar/data/1594805/000119312515196709/0001193125-15-196709-index.htm,https://www.sec.gov/Archives/edgar/data/1594805/000119312515196709/d932091d6k.htm,0.0559626094009601,-0.0067877964171133,0.0059426932870356,0.0006323289377531,0.0886474224796563,0.0970295269293985,0.088437645106942,0.0970295269293985,0.0124622743490357,1134536089.0,1096705089.0,-62.61236694260485,30.377425538181427,286.06557967725666,2688.474144549763,17.52043995058297,17.52043995058297,29.364493118774767,-546.7124072781655,276.5267496217852,2598.8272251184835,-0.0039928214218313,0.0003719581986783,0.1284379584588062,0.0854550685325606,18.85892323030907,2.783546947299455,0.0,-0.8754966887417218,0.0,0.0,0.1121612937774445,0.195807004391132,0.0589153977354458,0.8935955622793746,0.0948912927064367,2.410884353741497,0.0360126378922566,,-0.0582636173007125,-0.0494584679884706,0.0458427241797506,43556000.0,59021000.0,35406000.0,72905000.0,6283000.0,12067000.0,602500.0,12.86574916996894,90.94664808009124,0.0,6.995317475182619,0.9895911713067468,0.0,-0.0699559879545981,0.0053103643492825,2015-05-27,,bmo,,2025-04-25,2015-03-31,,,
2014-12-31,SHOP,USD,1594805,2014-12-31,2014-12-30 19:00:00,2014,Q4,35182000.0,15569000.0,19613000.0,0.5574725712,6619000,5280000.0,12209000.0,17489000.0,0.0,24108000.0,39677000.0,19000.0,0.0,1309000.0,-3186000.0,-0.0905576715,-4495000.0,-0.1277641976,-303000.0,-4798000.0,-0.1363765562,303000.0,-4798000.0,-0.1363765562,-0.0072,-0.0072,665038960,665038960,,,0.0529021638070647,-0.0072146149151923,0.0065725472685089,-0.008638591639804,0.0897120373218435,0.1018466647427693,0.0942065108486275,0.1018466647427693,0.011695555400243,1130566232.0,1096391232.0,-58.90820300125052,32.134791427434486,258.651620224205,-196.7913371627502,16.691759168487568,16.691759168487568,31.163414018532205,-344.1278192090396,250.83304323953328,-190.8426861618799,-0.0042438911265837,-0.0050815244940024,0.1148349376956239,0.0817076885905476,10.72661644695543,3.4582785475877413,0.0,-0.9110045852438516,0.0,0.0,0.1500767437894377,0.1881359786254334,0.0533757734287185,2.3143445435827044,0.2875333977602183,7.7280366692131395,0.038769825478938,,-0.0629593322110393,-0.0532448508522727,0.0574759559951194,48610000.0,62651000.0,40923000.0,75419000.0,,,,18.487578875561365,47.32095831459953,6.965765302845399,4.868133388681334,1.901905692645981,12.92033195020747,-0.0708380086222169,0.0152111389083129,2015-05-21,,bmo,,2025-04-25,2014-12-31,,,
2014-09-30,SHOP,USD,1594805,2014-09-30,2014-09-29 20:00:00,2014,Q3,27346000.0,11107000.0,16239000.0,0.5938345645,6563000,2352000.0,11433000.0,13785000.0,0.0,20348000.0,31455000.0,15000.0,0.0,1300000.0,-2809000.0,-0.1027206904,-4109000.0,-0.1502596358,-159000.0,-4268000.0,-0.1560740145,159000.0,-4268000.0,-0.1560740145,-0.0035,-0.0035,1222001260,1236542780,,,0.0223780456658448,-0.0034926314233096,-0.0014599002950291,-0.0069558029751949,,,,,,2077402142.0,,-121.68475527179008,75.96731302567103,-1164.4630840807174,-244.400252,0.0,0.0,,,,,-0.002054489072535,-0.0040916488089382,0.0,0.0,,0.0,0.0,0.4179943767572633,0.0,0.0,0.0860089226943611,0.2399985372632194,0.0,-3.7645739910313902,0.2455935054486945,5.166153846153846,0.0282308198639654,,0.0,0.0,,,,,,,,,,,,0.0,0.0,0.0,0.0,0.0054959026801658,2014-09-29,,bmo,,2025-04-25,2014-09-30,,,
2014-06-30,SHOP,USD,1594805,2014-06-30,2014-06-29 20:00:00,2014,Q2,23680000.0,9365000.0,14315000.0,0.6045185811,6647000,2138000.0,12569000.0,14707000.0,0.0,21354000.0,30719000.0,13000.0,0.0,1069000.0,-5970000.0,-0.2521114865,-7039000.0,-0.2972550676,159000.0,-6880000.0,-0.2905405405,-159000.0,-6880000.0,-0.2905405405,-0.0056,-0.0056,1222001260,1236542780,,,0.0193780487591313,-0.0056301087610989,-0.0023076899282411,-0.0056080138575307,,,,,,2077402142.0,,-75.48699643895348,87.72813099662162,-736.6674262411348,-303.13762468991683,0.0,0.0,,,,,-0.0033118286829994,-0.0032988316809004,0.0,0.0,,0.0,0.0,0.4098837209302325,0.0,0.0,0.0902871621621621,0.2807010135135135,0.0,-1.4301418439716311,0.1703125,3.772684752104771,0.034375,,0.0,0.0,,,,,,,,,,,,0.0,0.0,0.0,0.0,0.0033003239292895,2014-06-29,,bmo,,2025-04-25,2014-06-30,,,
2014-03-31,SHOP,USD,1594805,2014-03-31,2014-03-30 20:00:00,2014,Q1,18810000.0,7182000.0,11628000.0,0.6181818182,6086000,1796000.0,9718000.0,11514000.0,0.0,17600000.0,24782000.0,10000.0,0.0,994000.0,-4978000.0,-0.2646464646,-5972000.0,-0.3174906964,-393000.0,-6365000.0,-0.3383838384,393000.0,-6365000.0,-0.3383838384,-0.0096,-0.0096,665038960,665038960,,,0.0282840572227527,-0.0095708678481032,-0.0008540853005063,-0.003613322142811,0.1258723248334202,0.0,0.0,0.1283849595819168,0.0,1130566232.0,1214276232.0,-44.40558648860959,60.10453120680489,-1990.4335070422533,-470.4811618809821,13.241426453192163,13.241426453192163,64.55482360446571,-243.9285319405384,-2137.8102676056337,-505.3167840199751,-0.0056299222635901,-0.0021254836134182,0.0,0.0,-16.815990357573323,0.0,0.0,0.0892380204241948,0.0,0.0,0.0954811270600744,0.3235513024986709,0.0,-3.230633802816901,0.0975544922913344,1.8460764587525151,0.0447634237107921,,0.0,0.0,0.1258723248334202,83710000.0,0.0,83710000.0,83710000.0,,,,0.0,0.0,0.0,0.0,0.0,0.0,-0.0745482015905178,0.0027592368423046,2014-03-30,,bmo,,2025-04-25,2014-03-31,,,
