date,symbol,reportedCurrency,cik,fillingDate,acceptedDate,calendarYear,period,revenue,costOfRevenue,grossProfit,grossProfitRatio,researchAndDevelopmentExpenses,generalAndAdministrativeExpenses,sellingAndMarketingExpenses,sellingGeneralAndAdministrativeExpenses,otherExpenses,operatingExpenses,costAndExpenses,interestIncome,interestExpense,depreciationAndAmortization,ebitda,ebitdaratio,operatingIncome,operatingIncomeRatio,totalOtherIncomeExpensesNet,incomeBeforeTax,incomeBeforeTaxRatio,incomeTaxExpense,netIncome,netIncomeRatio,eps,epsdiluted,weightedAverageShsOut,weightedAverageShsOutDil,link,finalLink,revenuePerShare,netIncomePerShare,operatingCashFlowPerShare,freeCashFlowPerShare,cashPerShare,bookValuePerShare,tangibleBookValuePerShare,shareholdersEquityPerShare,interestDebtPerShare,marketCap,enterpriseValue,peRatio,priceToSalesRatio,pocfratio,pfcfRatio,pbRatio,ptbRatio,evToSales,enterpriseValueOverEBITDA,evToOperatingCashFlow,evToFreeCashFlow,earningsYield,freeCashFlowYield,debtToEquity,debtToAssets,netDebtToEBITDA,currentRatio,interestCoverage,incomeQuality,dividendYield,payoutRatio,salesGeneralAndAdministrativeToRevenue,researchAndDdevelopementToRevenue,intangiblesToTotalAssets,capexToOperatingCashFlow,capexToRevenue,capexToDepreciation,stockBasedCompensationToRevenue,grahamNumber,roic,returnOnTangibleAssets,grahamNetNet,workingCapital,tangibleAssetValue,netCurrentAssetValue,investedCapital,averageReceivables,averagePayables,averageInventory,daysSalesOutstanding,daysPayablesOutstanding,daysOfInventoryOnHand,receivablesTurnover,payablesTurnover,inventoryTurnover,roe,capexPerShare,report_date,epsEstimated,time,revenueEstimated,updatedFromDate,fiscalDateEnding,surprise(%),QuarterAvgPrice,QuarterAvgVolume
2024-12-31,SMCI,USD,1375365,2025-02-25,2025-02-25 16:49:29,2025,Q2,5677962000.0,5007940000.0,670022000.0,0.1180039599,158229000,63601000.0,79568000.0,143169000.0,0.0,301398000.0,5309338000.0,0.0,6535000.0,14883000.0,396466000.0,0.0698254057,368624000.0,0.0649218857,6424000.0,375048000.0,0.0660532776,56969000.0,320596000.0,0.0564632169,0.54,0.51,592507000,636047000,https://www.sec.gov/Archives/edgar/data/1375365/000137536525000006/0001375365-25-000006-index.htm,https://www.sec.gov/Archives/edgar/data/1375365/000137536525000006/smci-20241231.htm,9.582945011620115,0.5410839028062115,-0.4046483839009497,-0.4511220964478056,2.413476971580083,10.528932147637075,10.528932147637075,10.528663796377089,3.2445287566222847,18059613360.0,18545482360.0,14.082843641218233,3.180650620768508,-75.32465521340357,-67.56485714178822,2.894954249606504,2.894954249606504,3.2662216407929465,46.77698052292,-77.35116121739928,-69.38259647652576,0.0177520965487602,-0.0148005937154791,0.3071139333155614,0.1969369311212962,1.2254997906503962,6.383124295740936,56.407651109410864,-0.7478477585497012,0.0,0.0,0.0112013782409956,0.0278672171458702,0.0,-0.1148496185721376,0.0048496273839099,1.8501646173486528,0.0144632880600468,11.321662254777742,0.0366699711018359,0.0329548243956733,3.430887736347419,7309260000.0,6238466000.0,5177188000.0,7786752000.0,2895625000.0,274661500.0,4263384000.0,48.495551749025445,9.872137046370364,64.62798076654273,1.8558403142986948,9.116567119891211,1.3925856716011171,0.0513915073432583,0.0464737125468559,2025-02-25,0.47,amc,5650000000.0,2025-02-28,2024-12-31,0.0851063829787234,33.18071428571428,45885950.64285714
2024-09-30,SMCI,USD,1375365,2025-02-25,2025-02-25 16:47:28,2025,Q1,5937256000.0,5161676000.0,775580000.0,0.1306293682,132243000,65284000.0,68854000.0,134138000.0,0.0,266381000.0,5428057000.0,0.0,17354000.0,14080000.0,530512000.0,0.0893530614,509199000.0,0.085763356,-10121000.0,499078000.0,0.0840586965,74732000.0,424327000.0,0.071468537,0.72,0.67,589558000,639148000,https://www.sec.gov/Archives/edgar/data/1375365/000137536525000005/0001375365-25-000005-index.htm,https://www.sec.gov/Archives/edgar/data/1375365/000137536525000005/smci-20240930.htm,10.07069024591304,0.7197374982614094,0.6935772222580306,0.6184361843957676,3.542854138184877,9.968344081498342,9.968344081498342,9.968067603187473,3.749145970371024,24549195120.0,24653462120.0,14.463606558149728,4.134771200702816,60.03657367010349,67.33111847374137,4.177339245440595,4.177339245440595,4.152332680281935,46.47107345356938,60.29156506172598,67.6170917488563,0.0172847622060857,0.0148519736886591,0.3731626336579683,0.2020926733486413,0.1965403233103115,3.4312913408479884,29.34188083438977,0.9636530317420292,0.0,0.0,0.0109956518634197,0.0222734205835153,0.0,0.1083383874943752,0.0074613592541739,3.1463068181818183,0.0107817483362684,12.705267446316194,0.0510912062814482,0.0391034949185739,2.762015781314137,6980483000.0,5876917000.0,4877118000.0,7431543000.0,2700077500.0,772525000.0,4669297500.0,41.40912906568287,0.0,85.97131435603475,2.1734337821315357,0.0,1.0468608125180123,0.0722043155115902,0.0751410378622629,2024-11-05,0.732,amc,6343325179.0,2024-11-13,2024-09-30,0.0245901639344262,37.944,73618222.9
2024-06-30,SMCI,USD,1375365,2024-08-06,2024-08-06 16:26:52,2024,Q4,5354589000.0,4808560000.0,546029000.0,0.1019740264,127471000,74109000.0,55963000.0,130072000.0,0.0,257543000.0,5066103000.0,0.0,3112000.0,11811000.0,314252000.0,0.0586883512,288486000.0,0.053876404,10843000.0,299329000.0,0.055901396,1559000.0,297244000.0,0.0555120104,0.6,0.55,586880000,642080000,https://www.sec.gov/Archives/edgar/data/1375365/000137536525000004/0001375365-25-000004-index.htm,https://www.sec.gov/Archives/edgar/data/1375365/000137536525000004/smci-20240630.htm,9.123822587241005,0.50648173391494,-1.0936034623773174,-1.117429457470011,2.8451574427480915,9.31989503816794,9.31989503816794,9.319615594329337,3.709884473827699,47672262400.0,48176641400.0,40.09522681702575,8.903066584568862,-74.27738005091818,-72.69362683879311,8.716024730615032,8.716024730615032,8.997262236186568,153.30575907233683,-75.06324480301146,-73.46273526716347,0.0062351561481588,-0.0137563641200296,0.3975037188069979,0.218655589123867,1.605014447004315,3.7665687026949457,92.70115681233932,-2.1592159976315752,0.0,0.0,0.0138402779372982,0.0238059354322059,0.0,-0.0217866858622591,0.0026114049089481,1.1838963677927357,0.0139992070353112,10.305573199818838,0.0361365458057931,0.0298940787912189,2.388023531215921,6650679000.0,5469660000.0,4581044000.0,7064687000.0,2159284000.0,1318747500.0,4266279500.0,44.850753251089856,28.918116858269418,82.50234581662701,2.0066552616440845,3.112235849972493,1.0908780727282297,0.0543457751865985,0.0238259950926935,2024-08-06,0.812,amc,5317522631.0,2025-05-07,2024-06-30,-0.2241379310344828,36.34515625,77872074.765625
2024-03-31,SMCI,USD,1375365,2024-05-06,2024-05-03 20:13:15,2024,Q3,3850066000.0,3252698000.0,597368000.0,0.1551578596,116226000,53137000.0,49691000.0,102828000.0,10035000.0,219054000.0,3471752000.0,0.0,6246000.0,10399000.0,398748000.0,0.1035691336,378314000.0,0.0982616921,3789000.0,382103000.0,0.0992458311,-19983000.0,402459000.0,0.1045330132,0.71,0.66,564780000,614310000,https://www.sec.gov/Archives/edgar/data/1375365/000137536524000022/0001375365-24-000022-index.htm,https://www.sec.gov/Archives/edgar/data/1375365/000137536524000022/smci-20240331.htm,6.816930486207019,0.7125942845001594,-2.69049541414356,-2.8550639186940048,3.7458408583873366,9.019717412089664,9.019717412089664,9.019428804136124,3.324953079075038,58578981600.0,58335126600.0,36.38816724188054,15.2150590665199,-38.55052101362388,-36.32843360209069,11.499619571522771,11.499619571522771,15.151721191273085,146.2957221102049,-38.39004131518922,-36.17720410075641,0.0068703652574253,-0.0275266478855958,0.3674172697135626,0.2111776202074721,-0.6115516566854253,4.694623900052105,60.56900416266411,-3.7756342882132095,0.0,0.0,0.0138015815832767,0.0301880539190756,0.0,-0.0611666177482892,0.0241411445933654,8.937878642177132,0.0145729969304422,12.025466803574776,0.0550255038056683,0.0454100129519165,2.9159305393250468,6346237000.0,5094156000.0,4295307000.0,6731803000.0,1576562000.0,1176989000.0,3295792000.0,38.57434392033799,30.22722982582459,114.1245913392513,2.3331569860491723,2.977447834902444,0.7886118052546837,0.0790065867777988,0.1645685045504444,2024-04-30,0.58,amc,5294180000.0,2025-05-07,2024-03-31,0.1551724137931036,60.863125,77766598.59375
2023-12-31,SMCI,USD,1375365,2024-02-02,2024-02-02 16:14:38,2024,Q2,3664924000.0,3100602000.0,564322000.0,0.1539791821,108824000,37180000.0,46854000.0,84034000.0,-7886000.0,192858000.0,3293460000.0,0.0,8131000.0,9620000.0,373198000.0,0.1018296696,371464000.0,0.1013565356,-16017000.0,355447000.0,0.0969861858,61503000.0,295968000.0,0.080756927,0.55,0.51,541350000,580780000,https://www.sec.gov/Archives/edgar/data/1375365/000137536524000011/0001375365-24-000011-index.htm,https://www.sec.gov/Archives/edgar/data/1375365/000137536524000011/smci-20231231.htm,6.769971367876605,0.5467220836796897,-1.0992611064930269,-1.1264523875496444,1.340648379052369,5.684074997690958,5.685015239678581,5.683772051353099,0.7254087004710447,15390580500.0,15049489500.0,13.00020652570548,4.199426918539102,-25.862827159145333,-25.238527890063217,5.001959920829664,5.001959920829664,4.106357867175418,40.325750673905006,-25.289646857171665,-24.67918350948253,0.019230463724224,-0.0396219622775112,0.1249854561881888,0.0711506012950971,-0.9139679205140436,2.430792499732693,45.68490960521461,-2.010639663747432,0.0,0.0,0.010144821557009,0.0296933851834308,-9.417206290471786e-05,-0.0247359620894494,0.0040164543657658,1.5301455301455302,0.011749493304636,8.361667490950198,0.0830655635151623,0.0547530306581674,1.4012390320495058,2850266000.0,3077583000.0,2514429000.0,3146859000.0,1174350000.0,1172795500.0,2259900999.5,36.90864803744907,36.61804062565914,71.60858762266166,2.438452904280921,2.457804908789544,1.2568324971615288,0.0961900088075374,0.0271912810566177,2024-01-29,0.55,amc,3055340000.0,2025-05-07,2023-12-31,0.0181818181818181,85.47730158730158,64277213.17460317
2023-09-30,SMCI,USD,1375365,2023-11-03,2023-11-03 16:38:39,2024,Q1,2119672000.0,1765981000.0,353691000.0,0.1668611936,111027000,32924000.0,37230000.0,70154000.0,6613000.0,181181000.0,1947162000.0,50000.0,1863000.0,9155000.0,188278000.0,0.08882412,172510000.0,0.0813852332,4750000.0,177260000.0,0.0836261459,20215000.0,156995000.0,0.0740657045,0.3,0.28,530930000,571850000,https://www.sec.gov/Archives/edgar/data/1375365/000137536523000041/0001375365-23-000041-index.htm,https://www.sec.gov/Archives/edgar/data/1375365/000137536523000041/smci-20230930.htm,3.9923756427400976,0.2956981146290471,0.5094174373269545,0.504461981805511,1.0232158664984083,4.078765562315183,4.079696005123086,4.078462320833255,0.278935076187068,14558100600.0,14161176600.0,23.18242714736138,6.868091195241528,53.82619044978094,54.35493850668698,6.723122059982137,6.723122059982137,6.680833921474643,75.21418646894486,52.35862902778548,52.87296086381863,0.0107840304386961,0.0183975923342637,0.0675318581790338,0.0357014856575887,-2.108180456558918,2.225066845461269,92.5979602791197,1.7227618713971782,0.0,0.0,0.0155325918349631,0.0523793303869655,-0.0001206065287683,0.0097276911984914,0.0012412297751727,0.2873839432004369,0.0270697541883838,5.209112825065323,0.0601610564171341,0.038324572105951,0.5151907963385004,1966013000.0,2166033000.0,1640409000.0,2257188000.0,996994000.0,930444500.0,1749184499.5,35.909145377209306,55.24703833166948,104.61746185830992,2.506325312245412,1.629046600827631,0.8602770359874791,0.0725023529379166,0.0049554555214435,2023-11-01,0.32,amc,2063960000.0,2025-05-07,2023-09-30,0.0625,73.2722950819672,109519524.26229508
2023-06-30,SMCI,USD,1375365,2023-08-28,2023-08-25 19:32:29,2023,Q4,2184861000.0,1813165000.0,371696000.0,0.1701234083,84802000,28234000.0,31905000.0,60139000.0,2005000.0,144941000.0,1958106000.0,5550000.0,3509000.0,8972000.0,235727000.0,0.1078910741,226755000.0,0.1037846344,-1504000.0,225251000.0,0.103096261,31302000.0,193569000.0,0.0885955674,0.37,0.34,526790000,565050000,https://www.sec.gov/Archives/edgar/data/1375365/000137536523000036/0001375365-23-000036-index.htm,https://www.sec.gov/Archives/edgar/data/1375365/000137536523000036/smci-20230630.htm,4.147499003397939,0.3674500275251998,-0.0177281269576111,-0.0332466447730594,0.8363085859640464,3.7437498813568975,3.740332960003037,3.743436663566127,0.5577383777216728,13132874700.0,12982717700.0,16.961490088805544,6.010851353930525,-1406.239929328622,-749.8501027749229,6.659655883225448,6.659655883225448,5.942125242749997,55.07522557874151,-1390.1614412678016,-741.2765616078566,0.0147392710599759,-0.0013335998705599,0.1472115942910895,0.078999567042903,-0.6369953378272324,2.312895190928322,64.62097463664861,-0.0640521799962963,0.0,0.0,0.0129225612064108,0.038813453121274,0.000489832039315,-0.875361387728879,0.0037416567918966,0.9111680784663396,0.0058520885310324,5.563212459001529,0.0790397525199662,0.0527015360220684,0.6112041800337895,1804774000.0,1970370000.0,1476867000.0,2096814000.0,910157000.0,709335000.0,1492991500.0,47.29971838025394,38.5595298828292,71.75340357882487,1.9027597432286616,2.334053352659716,1.2542959011154124,0.0981584732290232,0.0155185178154482,2023-08-08,0.34,amc,2083000000.0,2025-05-07,2023-06-30,0.0294117647058822,27.71873015873016,31925501.111111112
2023-03-31,SMCI,USD,1375365,2023-05-05,2023-05-05 16:08:51,2023,Q3,1283296000.0,1056937000.0,226359000.0,0.1763887677,77515000,24450000.0,25312000.0,49762000.0,-78000.0,127277000.0,1184214000.0,166000.0,1288000.0,8736000.0,107818000.0,0.0840164701,73623000.0,0.0573702404,-1366000.0,97716000.0,0.0761445528,10857000.0,85846000.0,0.066894933,0.16,0.15,532800000,562330000,https://www.sec.gov/Archives/edgar/data/1375365/000137536523000028/0001375365-23-000028-index.htm,https://www.sec.gov/Archives/edgar/data/1375365/000137536523000028/smci-20230331.htm,2.4085885885885885,0.1611223723723723,0.3720814564564564,0.3570908408408408,0.6813081831831832,3.319393768768769,3.319393768768769,3.3190822072072077,0.3537819069069069,5679648000.0,5504054000.0,16.54022319036414,4.425828491634042,28.649640596231936,29.85234786447876,3.2117312360785726,3.2117312360785726,4.288998017604668,51.04949080858484,27.76389820676436,28.92942215307635,0.0151146690780837,0.0334982027055197,0.10586194241484,0.058637713916289,-1.628614888052088,2.48555905454146,57.160714285714285,2.3093096941033946,0.0,0.0,0.0190525023065606,0.0604030558811061,0.0,0.0402885318671341,0.0062238174201431,0.9142628205128204,0.010638231553749,3.468791429993088,0.0302788770354143,0.0268890222526815,0.4001890953453453,1622795000.0,1768573000.0,1291144000.0,1912833000.0,720111000.0,600900500.0,1481118000.0,47.13250099743161,54.65369269880797,131.16932229640935,1.9095103823347792,1.6467322802135738,0.6861360448033944,0.0485442548010723,0.0149906156156156,2023-05-02,0.17,amc,1706310000.0,2025-05-07,2023-03-31,-0.0588235294117647,27.887777777777774,32131860.0
2022-12-31,SMCI,USD,1375365,2023-02-03,2023-02-03 16:17:12,2023,Q2,1803195000.0,1465773000.0,337422000.0,0.1871245206,70700000,23095000.0,28445000.0,51540000.0,-6335000.0,122240000.0,1588013000.0,1191000.0,1756000.0,8649000.0,223831000.0,0.1241302244,215182000.0,0.1193337382,-8091000.0,207091000.0,0.1148467027,29573000.0,176167000.0,0.0976971431,0.33,0.31,531600000,561440000,https://www.sec.gov/Archives/edgar/data/1375365/000137536523000012/0001375365-23-000012-index.htm,https://www.sec.gov/Archives/edgar/data/1375365/000137536523000012/smci-20221231.htm,3.3920146726862304,0.331390142964635,0.303022949586155,0.2844281414597441,0.5759687735139203,3.421448457486832,3.421448457486832,3.421138073739654,0.323359668924003,4364436000.0,4229983000.0,6.193606066970546,2.4203904735760693,27.09365746459988,28.864935648999356,2.399786218223467,2.399786218223467,2.3458267131397323,18.89811062810781,26.25899669122896,27.975707993280512,0.0403642074256559,0.0346441098002124,0.093552620943686,0.0553317753635678,-0.6006898061483887,2.889505311143586,122.54100227790433,0.914399405109924,0.0,0.0,0.0128078216720876,0.0392081832525045,0.0,0.0613643559070564,0.0054819362298586,1.1429066944155393,0.009417173406093,5.050639295729072,0.0841106241205719,0.0572911619145987,0.6341586719337848,1732563000.0,1818842000.0,1393403000.0,2021818000.0,752239500.0,672493500.0,1578936000.0,38.340295974645,34.3822542781181,87.3010554840347,2.347399719071504,2.6176294105671456,1.0309153709654617,0.0968654686896023,0.0185948081264108,2023-01-31,0.32,amc,1747260000.0,2025-05-07,2022-12-31,0.03125,16.751774193548385,24744061.29032258
2022-09-30,SMCI,USD,1375365,2022-11-04,2022-11-04 16:31:57,2023,Q1,1852130000.0,1504595000.0,347535000.0,0.1876407164,74243000,23806000.0,29363000.0,53169000.0,8054000.0,127412000.0,1632007000.0,3684000.0,3938000.0,8547000.0,228670000.0,0.1234632558,220123000.0,0.1188485689,4116000.0,224239000.0,0.1210708752,38934000.0,184416000.0,0.0995696846,0.35,0.34,525980000,550170000,https://www.sec.gov/Archives/edgar/data/1375365/000137536522000119/0001375365-22-000119-index.htm,https://www.sec.gov/Archives/edgar/data/1375365/000137536522000119/smci-20220930.htm,3.521293585307426,0.3506140917905623,0.5961956728392714,0.5757652382219857,0.4560211414882695,3.0898570287843645,3.0898570287843645,3.089539526217727,0.4822654853796722,2898149800.0,2909605800.0,3.928820980825958,1.564765864167202,9.24193222295567,9.569872639437856,1.783437290004652,1.783437290004652,1.570951175133495,12.724038133554904,9.27846434960633,9.607701070858964,0.0636323215590857,0.1044945985883821,0.1536729032464511,0.0756445297176885,0.0500983950671273,2.1279560795208945,55.89715591670899,1.7004327173347216,0.0,0.0,0.0128533094329231,0.0400851992030797,0.0,0.0342680021812128,0.0058019685443246,1.2572832572832573,0.005946666810645,4.936882836194022,0.0884719129171002,0.0558619179270604,-0.0303443096695691,1526525000.0,1625203000.0,1203800000.0,1817277000.0,785412500.0,720214000.0,1640830500.0,35.779389135751806,46.95765305613803,103.84518757539404,2.5154146611762407,1.9166204897933188,0.8666747309273035,0.1134842551180404,0.0204304346172858,2022-11-01,0.31,amc,1654274800.0,2025-05-07,2022-09-30,0.0967741935483871,9.02306451612903,15443058.387096774
2022-06-30,SMCI,USD,1375365,2022-08-29,2022-08-26 19:14:09,2022,Q4,1635460000.0,1348116000.0,287344000.0,0.1756961344,70790000,27155000.0,24186000.0,51341000.0,3973000.0,122131000.0,1470247000.0,0.0,2928000.0,8422000.0,173635000.0,0.1061689066,165213000.0,0.1010192851,1045000.0,166258000.0,0.1016582491,25760000.0,140822000.0,0.0861054382,0.27,0.26,521110000,542600000,https://www.sec.gov/Archives/edgar/data/1375365/000137536522000103/0001375365-22-000103-index.htm,https://www.sec.gov/Archives/edgar/data/1375365/000137536522000103/smci-20220630.htm,3.13841607338182,0.2702346913319645,-0.0482489301682946,-0.0694056916965707,0.5137053597129205,2.735980886952851,2.735980886952851,2.735650822283203,1.1507973364548751,2105284400.0,2434651400.0,3.7374920111914327,1.2872735499492498,-83.73242652030386,-58.208482636584826,1.47679666099644,1.47679666099644,1.48866459589351,14.021662683214789,-96.83217595354571,-67.31506856890068,0.0668897750821694,-0.017179626657567,0.4186128404328078,0.1861933426248417,1.896892907535923,1.909026655347124,56.42520491803279,-0.1785445455965687,0.0,0.0,0.0166038912599513,0.0432844581952478,0.0,-0.4384918267509843,0.0067412226529539,1.309071479458561,0.0054321108434324,4.078421814858545,0.063712175943983,0.043937165940163,-0.2167397478459442,1336291000.0,1425747000.0,1026985000.0,1622263000.0,757149000.0,717482000.0,1567074000.0,45.92357501864919,43.75459530188797,103.18439956205548,1.959777738633191,2.0569268068653943,0.8722248749034359,0.0987825964961506,0.0211567615282761,2022-08-09,0.24,amc,1556200000.0,2025-05-07,2022-06-30,0.0833333333333334,7.613333333333333,10104714.444444444
2022-03-31,SMCI,USD,1375365,2022-05-06,2022-05-06 16:21:31,2022,Q3,1355490000.0,1144715000.0,210775000.0,0.155497274,70869000,27773000.0,22356000.0,50129000.0,4663000.0,120998000.0,1265713000.0,0.0,1531000.0,8368000.0,98145000.0,0.0724055508,89777000.0,0.0662321375,3132000.0,92909000.0,0.068542741,16192000.0,76972000.0,0.0567853691,0.15,0.14,517080000,537860000,https://www.sec.gov/Archives/edgar/data/1375365/000137536522000058/0001375365-22-000058-index.htm,https://www.sec.gov/Archives/edgar/data/1375365/000137536522000058/smci-20220331.htm,2.621431886748665,0.1488589773342616,-0.4408138005724453,-0.4619923416105825,0.4815115649415951,2.4636787344318094,2.4636787344318094,2.46333836156881,1.0617293262164462,1970074800.0,2270118800.0,6.398673543626254,1.4534041564305158,-8.643105082128317,-8.24688995215311,1.5466815519300203,1.5466815519300203,1.6747587957122516,23.130254215701257,-9.959457040572792,-9.5028980229146,0.0390705977255279,-0.1212578324437224,0.429810409164172,0.178259996086191,3.0571501350043304,1.7903993904374882,58.63945133899412,-2.9612846229797847,0.0,0.0,0.0204892695630362,0.0522829382732443,0.0,-0.0480441878422013,0.0080789972629823,1.3086759082217974,0.0057108499509402,2.8723728274644715,0.0373387766209407,0.0250627039731021,-0.4722059449214821,1182560000.0,1273919000.0,881457000.0,1464879000.0,588608000.0,737370500.0,1491107000.0,45.135449173361664,61.29079290478416,124.8946506335638,1.9939981023411817,1.4684097844812658,0.7206073242004303,0.0604297727249531,0.0211785410381372,2022-05-03,0.15,amc,1233600000.0,2025-05-07,2022-03-31,0.0666666666666667,5.6965625,6045579.6875
2021-12-31,SMCI,USD,1375365,2022-02-04,2022-02-04 17:02:26,2022,Q2,1172419000.0,1008676000.0,163743000.0,0.1396625268,65471000,25263000.0,21960000.0,47223000.0,-607000.0,112694000.0,1121370000.0,0.0,1150000.0,8133000.0,51049000.0,0.0435416007,51049000.0,0.0435416007,-1757000.0,49292000.0,0.0420429898,7599000.0,41932000.0,0.0357653706,0.082,0.078,513140000,535110000,https://www.sec.gov/Archives/edgar/data/1375365/000137536522000013/0001375365-22-000013-index.htm,https://www.sec.gov/Archives/edgar/data/1375365/000137536522000013/smci-20211231.htm,2.284793623572514,0.0817164906263397,-0.1035799197100206,-0.1277526600927622,0.4851755856101649,2.312906809057957,2.312906809057957,2.312561873952528,0.6179327279105118,2252684600.0,2321213600.0,13.4305816560145,1.921398919669504,-42.38273221576264,-34.36327663793761,1.8983275861487792,1.8983275861487792,1.9798498659608896,45.4703050010774,-43.672058851197534,-35.40864312409427,0.01861423476682,-0.0291008337341143,0.2662379031034796,0.1180362265290095,1.3424161100119494,1.9117440368662677,44.39043478260869,-1.2675522274158162,0.0,0.0,0.021547757243784,0.0558426637575815,0.0,-0.2333728434084024,0.0105798353660252,1.5251444731341448,0.0078265534761889,2.062019620578968,0.0260059190256159,0.0156661319090398,-0.3330177924153252,1093709000.0,1186845000.0,803531000.0,1373991000.0,477753500.0,629904000.0,1289122500.0,38.18497482555298,62.02804468431884,124.35160547093416,2.3569479988179265,1.4509565867832792,0.7237542262454868,0.0353359153529041,0.0241727403827415,2022-02-01,0.08,amc,1152625000.0,2025-05-07,2021-12-31,0.1249999999999999,4.561774193548387,4731032.903225807
2021-09-30,SMCI,USD,1375365,2021-11-05,2021-11-05 16:31:45,2022,Q1,1032730000.0,894591000.0,138139000.0,0.1337610024,65143000,22244000.0,21624000.0,43868000.0,50000.0,109011000.0,1003602000.0,0.0,804000.0,7548000.0,36676000.0,0.0355136386,29128000.0,0.0282048551,-754000.0,28374000.0,0.0274747514,3325000.0,25437000.0,0.0246308328,0.05,0.048,507960000,529160000,https://www.sec.gov/Archives/edgar/data/1375365/000137536521000083/0001375365-21-000083-index.htm,https://www.sec.gov/Archives/edgar/data/1375365/000137536521000083/smci-20210930.htm,2.0330931569414914,0.0500767776990314,-0.2649244034963383,-0.286189857469092,0.5346936766674542,2.2300929207024174,2.2300929207024174,2.229746436727301,0.5504606661941885,1859133600.0,1867894600.0,18.27194244604317,1.8002126402835203,-13.815261832044053,-12.788713172322232,1.6414422463981806,1.6414422463981806,1.8086959805563896,50.92961609772058,-13.880365011778167,-12.848978833758675,0.0136821796991889,-0.0781939501281672,0.2461615614035397,0.1148921598240898,0.2388755589486312,1.849290817164921,36.22885572139303,-5.290364429767661,0.0,0.0,0.0215390276258073,0.0630784425745354,0.0,-0.0802698947024247,0.0104596554762619,1.4311075781664018,0.0067926757235676,1.5850289033128109,0.0164280584154892,0.0104821664709957,-0.1701876131978896,935476000.0,1132798000.0,743060000.0,1219624000.0,460955000.0,588482000.0,1112768500.0,39.92025021060684,56.80419320113885,119.17353293292688,2.254494887311276,1.5843900762980228,0.7552012412911657,0.0224585077810602,0.0212654539727537,2021-11-02,0.03879,amc,750132414.0,2025-05-07,2021-09-30,0.5467904098994586,4.138709677419355,2491762.741935484
2021-06-30,SMCI,USD,1375365,2021-08-27,2021-08-27 16:41:42,2021,Q4,1068985000.0,923474000.0,145511000.0,0.1361207126,58930000,24675000.0,22825000.0,47500000.0,-1471000.0,106430000.0,1029904000.0,0.0,635000.0,6881000.0,45962000.0,0.042995926,39081000.0,0.0365589788,-2106000.0,36975000.0,0.0345888857,-1605000.0,39162000.0,0.0366347517,0.078,0.074,502300000,527820000,https://www.sec.gov/Archives/edgar/data/1375365/000137536521000060/0001375365-21-000060-index.htm,https://www.sec.gov/Archives/edgar/data/1375365/000137536521000060/smci-20210630.htm,2.1281803702966355,0.0779653593470037,0.1265438980688831,0.0998885128409317,0.4655026876368704,2.182755325502688,2.182755325502688,2.182410909814852,0.1967449731236313,1768096000.0,1634020000.0,11.287063990603135,1.6539951449271972,27.81643408901405,35.23928728026468,1.612895162945563,1.612895162945563,1.5285714953904872,35.55154257865193,25.707093749508363,32.567066608203454,0.0221492498144897,0.0283774184207192,0.0895710278455609,0.0437964213519931,-2.917105434924503,1.927202713191096,61.54488188976378,1.6230784944589145,0.0,0.0,0.0230826438163304,0.0551270597810072,0.0,0.2106414108836902,0.0125249652707942,1.945792762679843,0.0069523894161283,1.9566374583956705,0.0303656444603092,0.0174677202666947,-0.0863756719092176,898363000.0,1096398000.0,721693000.0,1173076000.0,435599500.0,538674000.0,972433500.0,39.0511185844516,59.67708890558912,101.45034944134864,2.304671498855194,1.5081164589375768,0.8871334647499818,0.0357244178886633,0.0266553852279514,2021-08-10,0.08,amc,1068980000.0,2025-05-07,2021-06-30,0.0,4.05375,2136669.6875
2021-03-31,SMCI,USD,1375365,2021-05-07,2021-05-07 16:04:27,2021,Q3,895881000.0,772864000.0,123017000.0,0.1373139959,57912000,26224000.0,21826000.0,48050000.0,2017000.0,105962000.0,878826000.0,0.0,607000.0,6877000.0,23932000.0,0.0267133693,17055000.0,0.0190371266,1410000.0,18465000.0,0.0206109963,-227000.0,18428000.0,0.0205696962,0.036,0.035,505530000,532180000,https://www.sec.gov/Archives/edgar/data/1375365/000137536521000034/0001375365-21-000034-index.htm,https://www.sec.gov/Archives/edgar/data/1375365/000137536521000034/smci-20210331.htm,1.7721618895021067,0.0364528316816014,-0.246098154412201,-0.283832809131011,0.3552568591379344,2.08483769509228,2.08483769509228,2.084505370601151,0.1700729927007299,1976622300.0,1884098300.0,26.815475092250924,2.2063447042631776,-15.887969616590306,-13.775715400805652,1.875744747480499,1.875744747480499,2.103067594914949,78.72715610897544,-15.14426734185355,-13.130885940091716,0.0093229748546295,-0.0725915112867035,0.0810131146918711,0.0427097716675671,-3.866120675246532,2.096749855497982,28.097199341021412,-6.751139570219231,0.0,0.0,0.0292717447964629,0.0646425139053066,0.0,-0.1533317257455188,0.0212930065488608,2.7738839610295187,0.0083649502556701,1.3075502960931014,0.0134759762564563,0.0092193472213884,-0.0154763317706169,857654000.0,1053948000.0,694758000.0,1123220000.0,365193000.0,430650000.0,855667000.0,40.92379456646586,54.15063969857569,105.2594893797615,2.199209554085402,1.6620302271769332,0.8550297985513933,0.0174875211144641,0.0377346547188099,2021-05-04,0.05,amc,820820000.0,2025-05-07,2021-03-31,0.0,3.62734375,1896224.6875
2020-12-31,SMCI,USD,1375365,2021-02-05,2021-02-05 17:08:14,2021,Q2,830306000.0,694211000.0,136095000.0,0.1639094503,52729000,25261000.0,20740000.0,46001000.0,-2539000.0,98730000.0,792941000.0,0.0,569000.0,6910000.0,44275000.0,0.0533237144,37365000.0,0.0450014814,-3108000.0,34257000.0,0.0412582831,5108000.0,27674000.0,0.0333298808,0.054,0.052,514990000,535840000,https://www.sec.gov/Archives/edgar/data/1375365/000137536521000011/0001375365-21-000011-index.htm,https://www.sec.gov/Archives/edgar/data/1375365/000137536521000011/smci-20201231.htm,1.612275966523622,0.0537369657663255,0.1228120934387075,0.0962096351385463,0.6161459445814482,2.066486727897629,2.066486727897629,2.066150799044641,0.0894522223732499,1632518300.0,1362406300.0,14.74776234010262,1.9661646429147808,25.811790282543043,32.94888287888268,1.534253938030933,1.534253938030933,1.6408484341917318,30.77145793337098,21.54104226287413,27.49725109491997,0.0169517242165064,0.0303500426304562,0.0427593893878747,0.0240212621273108,-6.100779220779221,2.29470957886744,65.66783831282953,2.285430367854304,0.0,0.0,0.0304237233020115,0.0635055027905374,0.0,0.2166110645564216,0.0164999409856125,1.982633863965268,0.0077718335167998,1.5805521763033898,0.0253647087046312,0.0146108490067959,0.2591084292898891,871302000.0,1064220000.0,714421000.0,1126708000.0,322933000.0,364823500.0,790643500.0,35.013464915344464,51.376195421853005,104.67824623925578,2.5704396927753925,1.7517840560400515,0.8597774918228307,0.0260082496355894,0.0266024583001611,2021-02-02,0.05,amc,821650000.0,2025-05-07,2020-12-31,0.1999999999999999,3.677619047619048,2119933.9682539683
2020-09-30,SMCI,USD,1375365,2020-11-06,2020-11-06 16:05:01,2021,Q1,762250000.0,632335000.0,129915000.0,0.1704362086,54798000,24379000.0,20292000.0,44671000.0,-841000.0,99469000.0,731804000.0,0.0,674000.0,7517000.0,37963000.0,0.0498038701,30446000.0,0.0399422762,-1515000.0,28931000.0,0.0379547393,3660000.0,26601000.0,0.0348979993,0.051,0.049,523290000,544260000,https://www.sec.gov/Archives/edgar/data/1375365/000137536520000074/0001375365-20-000074-index.htm,https://www.sec.gov/Archives/edgar/data/1375365/000137536520000074/smci-20200930.htm,1.4566492766917003,0.0508341455024938,0.2303789485753597,0.2077318504079955,0.5767127214355329,2.04999522253435,2.04999522253435,2.0496722658564086,0.0701351067285826,1381485600.0,1117423600.0,12.983399120333823,1.8123786159396524,11.45938036580814,12.708691492493376,1.2880107927385829,1.2880107927385829,1.4659542144965565,29.43454416142033,9.268994234996477,10.279507653812187,0.019255358144884,0.0786863069727255,0.0335893221253938,0.0198310886869713,-6.955772726075389,2.508989499531956,45.17210682492582,4.53197248223751,0.0,0.0,0.0319829452279435,0.0718897999344047,0.0,0.0983036788187964,0.0155473925877336,1.576559797791672,0.0094063627418825,1.5311270716001482,0.0211388478262294,0.0146425400439149,0.3571609432628179,889833000.0,1072742000.0,735570000.0,1131685000.0,363295000.0,375516000.0,812677000.0,38.11879304690063,47.44685965508789,110.1426300932259,2.361040127615419,1.8968589418614767,0.8171223069925154,0.0248011091086574,0.0226470981673641,2020-11-03,0.01782,amc,986160937.0,2025-05-07,2020-09-30,2.3670033670033668,3.402131147540984,3160680.9836065574
2020-06-30,SMCI,USD,1375365,2020-08-31,2020-08-28 21:58:36,2020,Q4,896126000.0,772609000.0,123517000.0,0.1378344117,66748000,26261000.0,21080000.0,47341000.0,-700000.0,114089000.0,886698000.0,0.0,606000.0,7500000.0,34428000.0,0.0384187045,9428000.0,0.0105208419,-1306000.0,8122000.0,0.0090634576,-6860000.0,18450000.0,0.0205886226,0.035,0.034,522400000,542180000,https://www.sec.gov/Archives/edgar/data/1375365/000137536520000064/0001375365-20-000064-index.htm,https://www.sec.gov/Archives/edgar/data/1375365/000137536520000064/smci-2020630x10k.htm,1.715401990811639,0.0353177641653905,-0.1838629402756508,-0.2019563552833078,0.4062633996937212,2.040021056661562,2.040021056661562,2.0397013782542115,0.0574406584992343,1483616000.0,1302484000.0,20.10319783197832,1.6555886114229472,-15.44628839146278,-14.06244431385187,1.3923606809692737,1.3923606809692737,1.4534607856484467,37.83211339607296,-13.56047891723061,-12.345585865670794,0.0124358324526022,-0.07111139270539,0.0275925821649116,0.0153238273240608,-5.261182758220054,2.250822811195037,15.557755775577558,-5.205962059620596,0.0,0.0,0.0293050307657628,0.074485061252547,0.0,-0.0984070796460176,0.0105476238832485,1.2602666666666666,0.0059879972236047,1.2731253180706898,0.0140134752601244,0.0096161563936234,0.168167591883614,885126000.0,1065707000.0,739822000.0,1118911000.0,368458500.0,440240500.0,858862000.0,40.54904109466749,48.65406693424488,99.1896547930454,2.219534607239718,1.849793977585336,0.9073526890256935,0.0173151641421251,0.0180934150076569,2020-08-11,0.05,amc,711629470.0,2025-05-07,2020-06-30,0.4000000000000001,2.820625,2991216.25
2020-03-31,SMCI,USD,1375365,2020-05-11,2020-05-08 17:37:14,2020,Q3,772408000.0,639048000.0,133360000.0,0.1726548663,49586000,46342000.0,21886000.0,68228000.0,937000.0,117814000.0,756862000.0,0.0,518000.0,7083000.0,22629000.0,0.0292966929,15546000.0,0.0201266688,419000.0,15965000.0,0.0206691282,-899000.0,15807000.0,0.0204645731,0.031,0.029,515260000,536930000,https://www.sec.gov/Archives/edgar/data/1375365/000137536520000033/0001375365-20-000033-index.htm,https://www.sec.gov/Archives/edgar/data/1375365/000137536520000033/smci-20200331x10q.htm,1.4990645499359547,0.0306777161044909,-0.0416042386368047,-0.0625587082249738,0.5838974498311532,2.015283546170865,2.0185809106082364,2.0149613787214222,0.0653572953460388,1097503800.0,829802800.0,17.357876257354334,1.420886112002983,-51.19670662872603,-34.04801762114538,1.0570922214655918,1.0570922214655918,1.0743063251545817,36.66988377745371,-38.70890516396883,-25.743091145994917,0.0144026836171318,-0.0293702855516308,0.0319370774655687,0.0169153101973435,-11.829996906624244,2.1002939516298578,30.01158301158301,-1.3561713165053455,0.0,0.0,0.0599967892616337,0.0641966421891021,-0.0008667323730407,-0.5036618929887577,0.0139783637662996,1.5243540872511647,0.0062208055846133,1.1793321396465934,0.0135191877205264,0.0080568418423648,0.1203470092768699,863536000.0,1040094000.0,726518000.0,1092314000.0,346672000.0,427672500.0,785328000.0,38.82077865583992,65.17932925226275,121.994498065873,2.3183460795024797,1.380805863338577,0.7377381884173414,0.0152249648199,0.020954469588169,2020-05-07,0.08,amc,73562666.0,2025-05-07,2020-03-31,0.0,2.7321875,3909071.71875
2019-12-31,SMCI,USD,1375365,2020-02-07,2020-02-07 17:32:34,2020,Q2,870943000.0,732539000.0,138404000.0,0.1589128106,55572000,33040000.0,21977000.0,55017000.0,-416000.0,110589000.0,843128000.0,0.0,560000.0,7063000.0,34878000.0,0.0400462487,27815000.0,0.031936648,-976000.0,26839000.0,0.0308160236,2113000.0,23706000.0,0.0272187732,0.047,0.046,501810000,520090000,https://www.sec.gov/Archives/edgar/data/1375365/000137536520000011/0001375365-20-000011-index.htm,https://www.sec.gov/Archives/edgar/data/1375365/000137536520000011/smci-20191231x10q.htm,1.7356031167174828,0.0472409876247982,0.1625973974213347,0.1411470476873717,0.6192323787887846,1.9958809111018112,1.9958809111018112,1.9955521013929576,0.0474482373806819,1204344000.0,918556000.0,12.70083523158694,1.382804615227403,14.760383856458274,17.00354374620565,1.202674687533703,1.202674687533703,1.054668330763322,26.33625781294799,11.257779466375792,12.968642787558768,0.0196837448436659,0.0588112698697382,0.0232177737300626,0.0128663520820524,-8.193933138368026,2.2638148688480664,49.66964285714285,3.4418712562220537,0.0,0.0,0.0379358924751677,0.0638067014718529,0.0,0.1319230816369051,0.0123590177543191,1.5239983010052385,0.005699569317395,1.4564053944033777,0.0220260965905976,0.0131186986003069,0.2542695442498157,848955000.0,1001553000.0,715209000.0,1069506000.0,406220000.0,362355000.0,694830500.0,37.21883062381809,48.2272343178998,86.54651834236812,2.4181307819597304,1.8661654824895488,1.0399031841346904,0.023673141679349,0.021450349733963,2020-02-06,0.68,amc,1039019719.0,2025-05-07,2019-12-31,-0.911764705882353,2.5169841269841267,6040589.523809524
2019-09-30,SMCI,USD,1375365,2019-12-20,2019-12-20 16:06:46,2020,Q1,799804000.0,668875000.0,130929000.0,0.1637013568,49572000,28298000.0,20194000.0,48492000.0,1589000.0,98064000.0,766939000.0,0.0,552000.0,6826000.0,41280000.0,0.0516126451,32865000.0,0.0410913174,1037000.0,33902000.0,0.042387885,8568000.0,26345000.0,0.0329393201,0.052,0.051,502740000,517040000,https://www.sec.gov/Archives/edgar/data/1375365/000137536519000084/0001375365-19-000084-index.htm,https://www.sec.gov/Archives/edgar/data/1375365/000137536519000084/smci-20190930x10q.htm,1.5908899232207503,0.0524028324780204,0.0110593945180411,-0.0154453594303218,0.4759915662171301,1.93311851056212,1.9210128495842784,1.932796276405299,0.0733560090702947,965260800.0,762287800.0,9.15981021066616,1.2068716835624729,173.60805755395683,-124.30918222794593,0.9933793972176423,0.9933793972176423,0.9530932578481728,18.4662742248062,137.10212230215828,-98.16971023824856,0.0272931419156356,-0.0080444580366259,0.0373852262131905,0.0213528340248743,-4.916981589147287,2.4138375831900096,59.53804347826087,0.2110457392294553,0.0,0.0,0.0353811683862546,0.0619801851453606,0.0035773212176999,2.396582733812949,0.0166603317812864,1.9520949311456195,0.0063190481668008,1.5095992807525755,0.0215323992387492,0.0155410583021224,0.3813094243545371,831919000.0,965770000.0,690914000.0,1064117000.0,464471000.0,346321500.0,677709500.0,50.89261869157943,44.695301812745285,92.20076994954216,1.7684293383569034,2.013634461560693,0.9761306771001312,0.0271124448643297,0.0265047539483629,2019-12-20,,amc,,2025-05-07,2019-09-30,,2.526935483870968,3636298.2258064514
2019-06-30,SMCI,USD,1375365,2019-12-19,2019-12-19 17:28:59,2019,Q4,854234000.0,722200000.0,132034000.0,0.1545642061,46189000,35014000.0,20691000.0,55705000.0,-1727000.0,101894000.0,824094000.0,0.0,1210000.0,6017000.0,34430000.0,0.0403051155,30140000.0,0.0352830723,-2937000.0,27203000.0,0.0318449043,4344000.0,23710000.0,0.0277558608,0.0473,0.0459,500955000,517100000,https://www.sec.gov/Archives/edgar/data/1375365/000137536519000079/0001375365-19-000079-index.htm,https://www.sec.gov/Archives/edgar/data/1375365/000137536519000079/smci-2019630x10k.htm,1.7052110469004202,0.0473296004631154,0.1633959138046331,0.1452944875288199,0.4953818207224201,1.878763561597349,1.8669720833208567,1.8784421754449003,0.049619227275903,966843150.0,742326150.0,10.194465942640235,1.1318247107935295,11.811800889388424,13.283366993652626,1.0274471182712284,1.0274471182712284,0.8689962586363924,21.560445832123147,9.068905001588194,10.198749072623857,0.0245231090482463,0.0752821178905802,0.0251292487367363,0.0140538953544348,-6.52097008422887,2.346276789736769,24.90909090909091,3.452298608182202,0.0,0.0,0.0409887688853405,0.0540706644783513,0.0035106508165368,0.1107826129449996,0.0106153583210221,1.507063320591657,0.0059737729942849,1.414349018905741,0.0230188494771848,0.0141409815904817,0.3979309518819056,815802000.0,935269000.0,680353000.0,1029046000.0,432390500.0,346226500.0,715650500.0,50.22120402606312,44.92148989199668,83.51830517862088,1.7920717303649871,2.003495436513441,1.0776080741523275,0.0251961977226717,0.0181014262758131,2019-12-19,0.6,bmo,854028000.0,2025-05-07,2019-06-30,-0.2666666666666666,2.115625,1154243.90625
2019-03-31,SMCI,USD,1375365,2019-12-19,2019-12-19 17:26:00,2019,Q3,743499000.0,631172000.0,112327000.0,0.1510788851,44800000,36174000.0,18494000.0,54668000.0,-86000.0,99468000.0,730640000.0,0.0,1271000.0,6076000.0,18849000.0,0.025351749,12859000.0,0.0172952485,-1357000.0,11502000.0,0.0154700948,497000.0,10646000.0,0.0143187819,0.021,0.021,499880000,515580000,https://www.sec.gov/Archives/edgar/data/1375365/000137536519000078/0001375365-19-000078-index.htm,https://www.sec.gov/Archives/edgar/data/1375365/000137536519000078/smci-20190331x10q.htm,1.487354965191646,0.0212971113067136,0.1992438185164439,0.1862907097703448,0.3395514923581659,1.826754421061055,1.8150656157477791,1.8264343442426183,0.047873489637513,1094737200.0,947662200.0,25.70771181664475,1.4724124713012392,10.991558063414926,11.75581972230276,1.19905761020287,1.19905761020287,1.2745978138504557,50.27652395352538,9.514871784573987,10.176456944041751,0.0097247083592299,0.0850642510366871,0.0248193314771773,0.0140985981040931,-7.802801209613242,2.4040870886363197,10.11723052714398,9.355438662408416,0.0,0.0,0.0486537305362885,0.0602556291266027,0.0036353975605567,0.0650113456093495,0.0087088213972043,1.0656682027649769,0.0066711589390167,0.9355212179764494,0.0115433175406986,0.0066478956968519,0.2946262102904697,792002000.0,907315000.0,661977000.0,1001287000.0,408840500.0,395787500.0,795139500.0,46.98006318771108,47.33807900223711,108.52853105017331,1.9157062356515084,1.9012178334432788,0.8292750222371711,0.0116604855651381,0.012953108746099,2019-12-19,,amc,,2025-05-07,2019-03-31,,1.8796875,835011.71875
2018-12-31,SMCI,USD,1375365,2019-12-19,2019-12-19 17:23:33,2019,Q2,931509000.0,803587000.0,127922000.0,0.1373277123,45924000,36580000.0,19677000.0,56257000.0,624000.0,102181000.0,905768000.0,0.0,1831000.0,6163000.0,32528000.0,0.0349196841,25741000.0,0.0276336568,-1207000.0,24534000.0,0.0263379098,4520000.0,18220000.0,0.0195596607,0.037,0.036,498440000,508100000,https://www.sec.gov/Archives/edgar/data/1375365/000137536519000077/0001375365-19-000077-index.htm,https://www.sec.gov/Archives/edgar/data/1375365/000137536519000077/smci-20181231x10q.htm,1.8688488082818395,0.036554048631731,0.0871519139715913,0.0748435117566808,0.2202531899526522,1.8020443784607976,1.7904381670812937,1.8017293957146296,0.1003189952652275,687847200.0,626236200.0,9.43807903402854,0.7384224951127686,15.834419889502762,18.43847205468436,0.7659307792181761,0.7659307792181761,0.6722814272325871,19.252219626168223,14.416118784530386,16.78692400482509,0.0264884410374862,0.054234428809189,0.0536404269676433,0.0277466582418322,-1.894091244466306,2.1048370926610507,14.058438012015293,2.3841931942919867,0.0,0.0,0.0392696152157413,0.0493006508793795,0.003332110311571,0.1412292817679558,0.0065860877350621,0.9954567580723672,0.0056327958183978,1.2173172712665614,0.0195133693074106,0.0105296494586072,0.0172949602760613,782439000.0,892426000.0,652707000.0,986476000.0,486734500.0,462801500.0,825069500.0,41.50433329146578,51.47330656170397,92.86479248668782,2.168448276664789,1.748479085797838,0.9691509299705968,0.0202883122841165,0.0123084022149105,2019-12-19,,amc,,2025-05-07,2018-12-31,,2.045555555555556,1347700.1587301588
2018-09-30,SMCI,USD,1375365,2019-12-19,2019-12-19 17:20:51,2019,Q1,971118000.0,847879000.0,123239000.0,0.1269042485,42994000,33460000.0,18292000.0,51752000.0,169000.0,94746000.0,942625000.0,0.0,2378000.0,5946000.0,34608000.0,0.0356372758,28493000.0,0.0293404097,-2209000.0,26284000.0,0.0270657119,5523000.0,19342000.0,0.01991725,0.039,0.037,497040000,522180000,https://www.sec.gov/Archives/edgar/data/1375365/000137536519000076/0001375365-19-000076-index.htm,https://www.sec.gov/Archives/edgar/data/1375365/000137536519000076/smci-20180930x10q.htm,1.9538025108643169,0.038914373088685,0.0757725736359246,0.0693928054080154,0.2127816674714308,1.7610091743119265,1.749251569290198,1.760693304361822,0.1643268147432802,1068636000.0,1042174000.0,13.81237721021611,1.100418280785651,28.37438266687908,30.98303905366617,1.2211098859033176,1.2211098859033176,1.0731692750005664,30.11367313915857,27.671764643407148,30.215824417964107,0.0180997084133418,0.0322757234455885,0.0906134482108474,0.0455970674908359,-0.7646208969024503,2.024260978072277,11.981917577796468,1.94716161720608,0.0,0.0,0.0344551331558059,0.0442726836491548,0.0033603105009703,0.0841962721045085,0.0032653086442636,0.5332996972754793,0.0060486985103767,1.2416183846759945,0.0208475701860209,0.0111591830753351,0.1213901295670368,756808000.0,869448000.0,631857000.0,960810000.0,544145500.0,496584500.0,837112500.0,50.40638727734426,49.46577282843425,87.1440028588985,1.7854880077956223,1.8194398844662465,1.0327733067957168,0.0221017328754992,0.0063797682279092,2019-12-19,,amc,,2025-05-07,2018-09-30,,1.761311475409836,1671217.8688524591
2018-06-30,SMCI,USD,1375365,2018-06-30,2018-06-30 00:00:00,2018,Q4,981662000.0,849333000.0,132329000.0,0.1348009804,42608000,30311000.0,17895000.0,48206000.0,805000.0,90814000.0,940147000.0,0.0,2229000.0,5660000.0,47980000.0,0.0488762935,41515000.0,0.0422905236,-1424000.0,40091000.0,0.0408399225,12718000.0,26274000.0,0.0267648131,0.0531,0.0503,495245000,521845000,,,1.982174479298125,0.0530525295560783,0.1311714403981867,0.1146361901685024,0.2329695403285242,1.7035043261416067,1.6899251885430444,1.7031873113307554,0.2390937818655413,1173730650.0,1174534650.0,11.168176238867323,1.1956566007444518,18.06795742126166,20.674099483909604,1.3915087226361746,1.3915087226361746,1.1964756199180573,24.47967173822426,18.080333887503464,20.688261145262715,0.0223850335679655,0.048369700493039,0.1377376273718279,0.0656573448506785,0.0167569820758649,1.8863468616498904,18.624943921040824,2.47248230189541,0.0,0.0,0.0308772265810431,0.0434039414788389,0.0038004978793504,0.126058311012592,0.0083419751401195,1.4468197879858655,0.0061192141490655,1.4258554945761617,0.0263890714176964,0.0149048661772881,0.0493634463750265,719321000.0,836927000.0,605025000.0,922677000.0,,,,49.910906197856285,55.86056352455397,90.41527881290376,1.8032131022270552,1.6111545305202617,0.9954069841031724,0.0311489694663276,0.0165352502296842,2018-06-30,,amc,,2025-05-07,2018-06-30,,1.42984126984127,7312857.46031746
2018-03-31,SMCI,USD,1375365,2018-03-31,2018-03-31 00:00:00,2018,Q3,835110000.0,729193000.0,105917000.0,0.1268299984,42284000,23555000.0,18893000.0,42448000.0,-388000.0,84732000.0,813925000.0,0.0,1326000.0,5982000.0,26779000.0,0.0320664344,21185000.0,0.0253679156,-1714000.0,19471000.0,0.0233154914,4159000.0,14595000.0,0.0174767396,0.03,0.028,494250000,516790000,,,1.689650986342944,0.0295295902883156,0.0064137582195245,-0.0027597369752149,,,,,,810570000.0,,13.88437821171634,0.9706146495671228,255.7003154574132,-594.2595307917888,0.0,0.0,,,,,0.0180058477367778,-0.0016827664483018,0.0,0.0,,0.0,15.976621417797888,0.2171976704350805,0.0,0.0,0.0282058650956161,0.050632850762175,0.0,1.4302839116719244,0.0054292248925291,0.7579404881310599,0.0072900575972027,,0.0,0.0,,,,,,,,,,,,0.0,0.0,0.0,0.0,0.0091734951947395,2018-03-31,,amc,,2025-05-07,2018-03-31,,2.1153968253968256,11813451.42857143
2017-12-31,SMCI,USD,1375365,2017-12-31,2017-12-31 00:00:00,2018,Q2,826983000.0,721289000.0,105694000.0,0.1278067385,39544000,25460000.0,17995000.0,43455000.0,-394000.0,82999000.0,804288000.0,0.0,1088000.0,5602000.0,27903000.0,0.0337407178,22695000.0,0.0274431276,-1482000.0,21213000.0,0.0256510714,20840000.0,-783000.0,-0.0009468151,-0.0016,-0.0016,493350000,493350000,,,1.6762602614776527,-0.0015871085436302,0.0088719975676497,-0.0056106212627951,,,,,,1031101500.0,,-329.21503831417624,1.2468230906802191,235.5726525017135,-372.5077673410404,0.0,0.0,,,,,-0.000759382078292,-0.0026845077812417,0.0,0.0,,0.0,20.859375,-5.590038314176245,0.0,0.0,0.0307866062543002,0.0478171860848409,0.0,1.6323966186885994,0.0086398390293391,1.2754373438057836,0.0078598955480342,,0.0,0.0,,,,,,,,,,,,0.0,0.0,0.0,0.0,0.0144826188304449,2017-12-31,,amc,,2025-05-07,2017-12-31,,2.185,3862668.125
2017-09-30,SMCI,USD,1375365,2017-09-30,2017-09-30 00:00:00,2018,Q1,716737000.0,630683000.0,86054000.0,0.1200635659,40668000,19271000.0,16796000.0,36067000.0,-796000.0,76735000.0,707418000.0,0.0,1083000.0,4602000.0,13125000.0,0.0183121563,9319000.0,0.0130019798,-1879000.0,7440000.0,0.0103803766,726000.0,6079000.0,0.0084814932,0.012,0.012,490970000,524490000,,,1.4598386866814672,0.0123816119111147,0.0241114528382589,0.0140171497240157,,,,,,1085043700.0,,44.62262296430334,1.5138658950214654,91.657687109309,157.66400755594304,0.0,0.0,,,,,0.0056025393262962,0.0063426016850749,0.0,0.0,,0.0,8.604801477377654,1.947359763118934,0.0,0.0,0.0268871287515504,0.0567404780275052,0.0,0.4186517992904207,0.0069146702346885,1.0769230769230769,0.0084563793971847,,0.0,0.0,,,,,,,,,,,,0.0,0.0,0.0,0.0,0.0100943031142432,2017-09-30,,amc,,2025-05-07,2017-09-30,,2.004754098360656,5230294.262295082
2017-06-30,SMCI,USD,1375365,2019-05-17,2019-05-16 18:49:48,2017,Q4,717869000.0,621071000.0,96798000.0,0.1348407579,38264000,12247000.0,18790000.0,31037000.0,0.0,69301000.0,690372000.0,0.0,599000.0,4158000.0,21995000.0,0.0306392949,27497000.0,0.0383036459,-2225000.0,26691000.0,0.0371808784,9561000.0,17130000.0,0.0238622924,0.035,0.033,488040000,518660000,https://www.sec.gov/Archives/edgar/data/1375365/000137536519000039/0001375365-19-000039-index.htm,https://www.sec.gov/Archives/edgar/data/1375365/000137536519000039/smci-2017630x10kxa.htm,1.4709224653716908,0.0350995820014752,-0.0126465043848864,-0.0251352348168182,0.2475043029259896,1.6396586345381523,1.6396586345381523,1.6393103024342266,0.3320322104745513,1205458800.0,1253708800.0,17.592802101576183,1.6792183532092904,-195.3108878807518,-98.26842748838348,1.5067312127132215,1.5067312127132215,1.7464311733756437,56.99971811775404,-203.12845106934543,-102.20174451781202,0.0142103570856175,-0.0101762084278616,0.201795140047672,0.1084555069488483,2.1936803819049784,2.33823827316107,45.904841402337226,-0.3603035610040864,0.0,0.0,0.0170602157218099,0.0533022041625979,0.0,-0.9875243033052497,0.0084904070241227,1.465848965848966,0.0071684388098664,1.1378180406762988,0.0158001923443353,0.0115075185141395,-0.0135204081632653,713463000.0,800219000.0,558226000.0,909470000.0,357669000.0,345532000.0,639136500.0,40.620726065619216,49.60751669293849,92.15743449621702,2.215617708423353,1.8142411876225053,0.9765896858130791,0.0214111885647004,0.0124887304319318,2017-08-03,0.03713,amc,616809416.0,2025-05-07,2017-06-30,0.077295987072448,2.147777777777778,4469133.492063492
2017-03-31,SMCI,USD,1375365,2017-05-10,2017-05-10 16:51:11,2017,Q3,631124000.0,542798000.0,88326000.0,0.1399503109,35870000,12874000.0,17167000.0,30041000.0,0.0,65911000.0,608709000.0,0.0,609000.0,4057000.0,25582000.0,0.0405340313,22415000.0,0.035516,-2152000.0,21806000.0,0.0345510549,5140000.0,16666000.0,0.0264068551,0.034,0.032,484450000,519180000,https://www.sec.gov/Archives/edgar/data/1375365/000162828017005370/0001628280-17-005370-index.htm,https://www.sec.gov/Archives/edgar/data/1375365/000162828017005370/smci-20170331x10q.htm,1.302763959128909,0.0344018990607905,-0.0730766849004025,-0.085251315925276,0.2392465682732996,1.603934358550934,1.603934358550934,1.6035917019300236,0.3016203942615337,1230503000.0,1268235000.0,18.45828333133325,1.9497008511797995,-34.75800802214564,-29.79426150121065,1.5839443400355278,1.5839443400355278,2.0094862499286985,49.57528731139082,-35.82382351279589,-30.707869249394676,0.0135440547483427,-0.0335635102068016,0.1873065932085575,0.1036066633628963,1.474943319521539,2.163962120134997,36.80623973727422,-2.124204968198728,0.0,0.0,0.0203985270723344,0.0568351068886621,0.0,-0.1666007570193774,0.0093452316818881,1.4537835839290116,0.0076577661442125,1.1141133232089349,0.0174244593087634,0.0118665162881571,0.212881618330065,622175000.0,777026000.0,529277000.0,817728000.0,379109500.0,345336500.0,620791500.0,55.80529341302184,57.82256014207864,106.50050294953186,1.6127502338156152,1.556485907556784,0.8450664316829464,0.0214530288597688,0.0121746310248735,2017-04-27,0.04045,amc,614800000.0,2025-05-07,2017-03-31,-0.011124845488257,2.5565079365079364,5166040.634920635
2016-12-31,SMCI,USD,1375365,2017-02-07,2017-02-07 17:24:04,2017,Q2,651954000.0,558576000.0,93378000.0,0.1432278964,34033000,9429000.0,18153000.0,27582000.0,0.0,61615000.0,620191000.0,45000.0,452000.0,3909000.0,37430000.0,0.057412026,31763000.0,0.0487196949,193000.0,31311000.0,0.0480263945,9315000.0,21996000.0,0.0337385766,0.046,0.043,481240000,515210000,https://www.sec.gov/Archives/edgar/data/1375365/000162828017000961/0001628280-17-000961-index.htm,https://www.sec.gov/Archives/edgar/data/1375365/000162828017000961/smci-20161231x10q.htm,1.3547377607846396,0.0457069237802343,-0.0910709832931593,-0.1029694123514254,0.2704741916715152,1.5633800182860942,1.5633800182860942,1.5630454658798103,0.2652044717812318,1352284400.0,1350707400.0,15.369662665939265,2.074202167637594,-30.855052821320196,-27.28965753839324,1.7977724009571925,1.7977724009571925,2.071783285323811,36.08622495324606,-30.819070436032582,-27.25783302726374,0.0162658091744606,-0.0366439189862724,0.169070725870779,0.0942137531707085,-0.0421319796954314,2.184956901455973,70.27212389380531,-1.9924986361156576,0.0,0.0,0.0144626768146218,0.0522015356911683,0.0,-0.1306500559016131,0.0087828282363479,1.4648247633665898,0.0072229022292983,1.2678505430117593,0.0239277694341414,0.0162950714742905,0.2233111337378439,604046000.0,752361000.0,516313000.0,797716000.0,347576000.0,314789000.0,549628000.0,50.64720823861806,55.09474091260634,96.55661897396236,1.7769982419559265,1.633549745569398,0.9320956031431628,0.0292422228130816,0.0118984290582661,2017-01-26,0.05,amc,635566666.0,2025-05-07,2016-12-31,0.0,2.443809523809524,4161005.714285714
2016-09-30,SMCI,USD,1375365,2016-11-07,2016-11-07 17:04:35,2017,Q1,528968000.0,448904000.0,80064000.0,0.1513588724,33191000,10755000.0,15916000.0,26671000.0,0.0,59862000.0,508766000.0,29000.0,301000.0,3802000.0,26225000.0,0.0495776682,20202000.0,0.0381913462,-779000.0,19901000.0,0.0376223136,6369000.0,13532000.0,0.0255818878,0.028,0.026,481650000,511200000,https://www.sec.gov/Archives/edgar/data/1375365/000162828016020941/0001628280-16-020941-index.htm,https://www.sec.gov/Archives/edgar/data/1375365/000162828016020941/smci-20160930x10q.htm,1.098241461642271,0.0280950897954946,-0.0229274369355341,-0.0471068203052008,0.3074992214263469,1.5015363853420534,1.5015363853420534,1.5011439842209071,0.2044970414201183,1127061000.0,1078560000.0,20.82214380727165,2.130678982471529,-102.06112469437652,-49.674335581118605,1.5588111630840384,1.5588111630840384,2.03898912599628,41.12716873212583,-97.66911165444172,-47.53669178897263,0.0120064486305532,-0.0201311197885473,0.1358111603178862,0.0804493925433871,-1.8494184938036224,2.381197757844296,67.11627906976744,-0.816065622228791,0.0,0.0,0.020332042770073,0.062746706795118,0.0,-1.0546047269763652,0.0220164546815686,3.063124671225671,0.0085146927602425,0.9741316329093788,0.0158609048393142,0.0110865235490311,0.3050654001868577,573878000.0,723215000.0,492005000.0,764726000.0,251600000.0,277514500.0,474483500.0,55.85220656069933,57.66805374868569,100.24154384901895,1.6113956017510136,1.5606561024621226,0.897831343614934,0.0187157861543015,0.0241793833696667,2016-10-27,0.01795,amc,413430250.0,2025-05-07,2016-09-30,0.671309192200557,2.650161290322581,3627821.6129032257
2016-06-30,SMCI,USD,1375365,2016-08-26,2016-08-26 17:30:40,2016,Q4,524270000.0,450474000.0,73796000.0,0.1407595323,34148000,10145000.0,17664000.0,27809000.0,0.0,61957000.0,512431000.0,40000.0,413000.0,3744000.0,15583000.0,0.0297232342,11839000.0,0.0225818758,-413000.0,11426000.0,0.0217941137,4455000.0,6971000.0,0.0132965838,0.014,0.013,484630000,522740000,https://www.sec.gov/Archives/edgar/data/1375365/000162828016019274/0001628280-16-019274-index.htm,https://www.sec.gov/Archives/edgar/data/1375365/000162828016019274/smci-2016630x10k.htm,1.0817943585828365,0.0143841693663206,0.0302973402389451,0.0117512328993252,0.3763180158058725,1.4885149495491403,1.4885149495491403,1.488135278459856,0.1939665311681076,1206728700.0,1119353700.0,43.2767429350165,2.301731359795525,82.18543213239802,211.8926602282704,1.6732349780572522,1.6732349780572522,2.1350710511759208,71.83172046460886,76.23467275080024,196.5502546093064,0.0057767748459119,0.0047193706422993,0.1297693411629309,0.0802925531914893,-5.607071809022653,2.579635771606466,28.66585956416465,2.106297518290059,0.0,0.0,0.0193507162340015,0.0651343773246609,0.0,0.6121364843696793,0.0171438380986896,2.400641025641025,0.0083220477997978,0.6939926313878816,0.0084422814775411,0.0059806108442004,0.1936399933970245,574384000.0,721379000.0,493781000.0,762333000.0,230319000.0,272335000.0,464128000.0,30.03027066206344,53.421928901557024,89.70151440482691,2.996975985091435,1.6847014297414646,1.003327542429507,0.0096659017325411,0.0185461073396199,2016-08-04,0.02071,amc,557759999.0,2025-05-07,2016-06-30,-0.0342829550941573,2.51968253968254,3325115.714285714
2016-03-31,SMCI,USD,1375365,2016-05-06,2016-05-05 20:06:44,2016,Q3,532721000.0,453569000.0,79152000.0,0.1485805891,31256000,8984000.0,14467000.0,23451000.0,0.0,54707000.0,508276000.0,20000.0,397000.0,3585000.0,28030000.0,0.0526166605,24445000.0,0.0458870591,-270000.0,24048000.0,0.0451418285,7386000.0,16662000.0,0.0312771601,0.035,0.032,480470000,522380000,https://www.sec.gov/Archives/edgar/data/1375365/000162828016015755/0001628280-16-015755-index.htm,https://www.sec.gov/Archives/edgar/data/1375365/000162828016015755/smci-20160331x10q.htm,1.1087497658542678,0.0346785439257393,0.0122879680313026,-0.0082856369804566,0.3700897038316648,1.4756405186588133,1.4756405186588133,1.475280454554915,0.1960413761525173,1638402700.0,1555791700.0,24.582923718641226,3.0755361624565203,277.50723238482385,-411.5555639286611,2.311424915494309,2.311424915494309,2.92046249350035,55.50452015697467,263.51485433604336,-390.8042451645315,0.0101696609752901,-0.0024298055661163,0.1323240616905652,0.0794123847591212,-2.947235105244381,2.2637923852178496,61.5743073047859,0.3543392149801944,0.0,0.0,0.0168643623960759,0.058672363207007,0.0,1.6742886178861789,0.0185556792392265,2.757322175732217,0.0072946251414905,1.072899345715392,0.0201533144089837,0.0141070329426566,0.3322200137365496,549114000.0,709001000.0,511499000.0,728736000.0,299940500.0,299255500.0,482903500.0,48.268136604338856,55.01943474972936,95.10094384757336,1.864584098983217,1.6357856166532625,0.9463628472946696,0.0235064077604157,0.0205736050117593,2016-04-28,0.03826,amc,484972222.0,2025-05-07,2016-03-31,0.0454783063251437,2.225625,5229885.0
2015-12-31,SMCI,USD,1375365,2016-02-04,2016-02-04 17:06:31,2016,Q2,638964000.0,532602000.0,106362000.0,0.1664600823,30264000,10511000.0,16461000.0,26972000.0,0.0,57236000.0,589838000.0,24000.0,400000.0,3200000.0,50814000.0,0.0795256071,49126000.0,0.0768838307,-1042000.0,48750000.0,0.0762953781,14061000.0,34689000.0,0.0542894435,0.073,0.067,476510000,514890000,https://www.sec.gov/Archives/edgar/data/1375365/000162828016010768/0001628280-16-010768-index.htm,https://www.sec.gov/Archives/edgar/data/1375365/000162828016010768/smci-20151231x10q.htm,1.3409246395668506,0.0727980525067679,0.1397997943379992,0.1239071582967828,0.3594950788021238,1.4231558624163188,1.4231558624163188,1.4228200877211392,0.1985960420557805,1167449500.0,1091790500.0,8.413686615353571,1.8270974577597483,17.525061546775554,19.77286892603696,1.721932394083671,1.721932394083671,1.7086885959146367,21.486017632935805,16.389313378167408,18.49144691157292,0.0297134908190889,0.0505743503252174,0.1389891856493035,0.0790122400929703,-1.488940055890109,2.0823744094389776,122.815,2.388183838818384,0.0,0.0,0.0164500660444093,0.0473641707514038,0.0,0.1136813978623754,0.0118519979216356,2.3665625,0.0062695237916377,1.5266030779826736,0.0433263842705355,0.0290859422557389,0.2848009485635139,519596000.0,678148000.0,485158000.0,692788000.0,305627000.0,292227500.0,473951000.0,44.25263395120851,54.28233465139072,82.2148433539491,2.033777245874924,1.6579979578622304,1.094692835605542,0.051164622382697,0.0158926360412163,2016-01-28,0.07,amc,579715068.0,2025-05-07,2015-12-31,0.0,2.745,4612558.90625
2015-09-30,SMCI,USD,1375365,2015-11-16,2015-11-16 17:08:38,2016,Q1,530235000.0,447403000.0,82832000.0,0.1562175262,28326000,8200000.0,14249000.0,22449000.0,0.0,50775000.0,498178000.0,87000.0,324000.0,2753000.0,27958000.0,0.0527275642,32057000.0,0.0604580988,-237000.0,31820000.0,0.0600111271,11326000.0,20494000.0,0.0386507869,0.043,0.04,475170000,513520000,https://www.sec.gov/Archives/edgar/data/1375365/000162828015008828/0001628280-15-008828-index.htm,https://www.sec.gov/Archives/edgar/data/1375365/000162828015008828/smci-2015930x10q.htm,1.115884841214723,0.0431298272197318,0.0427341793463392,0.0266094239956226,0.2363469916030052,1.357217416924469,1.357217416924469,1.3568659637603384,0.2002041374665909,1297214100.0,1281127100.0,15.82431565336196,2.4464890095900875,63.88329065300896,102.59523093957608,2.011989446941567,2.011989446941567,2.4161496317670466,45.8232741970098,63.09106175514626,101.32292787092692,0.0157984715090593,0.0097470417566383,0.1470464154654109,0.087623049075451,-0.575398812504471,2.140557157495889,98.94135802469135,0.9908265833902604,0.0,0.0,0.0154648410610389,0.0534215960847548,0.0,0.377326898453659,0.0144501966109366,2.7831456592807844,0.0073099663356813,1.147489162471552,0.0272767825606825,0.0189410778502884,0.2708946271860597,478612000.0,644909000.0,461164000.0,647761000.0,309836000.0,281498500.0,462432000.0,50.42484935924637,52.95018138009804,92.80981575894664,1.7848342859451054,1.6997108915254366,0.969725015226358,0.0317863579540343,0.0161247553507165,2015-10-22,0.05,amc,551080000.0,2025-05-07,2015-09-30,0.0,2.992131147540984,6289628.524590164
2015-06-30,SMCI,USD,1375365,2015-09-10,2015-09-10 09:01:43,2015,Q4,573594000.0,483828000.0,89766000.0,0.1564974529,27741000,7043000.0,14195000.0,21238000.0,0.0,48979000.0,532807000.0,23000.0,309000.0,2203000.0,39790000.0,0.0693696238,40787000.0,0.071107787,-286000.0,40501000.0,0.0706091765,13799000.0,26702000.0,0.0465520909,0.056,0.051,473270000,519900000,https://www.sec.gov/Archives/edgar/data/1375365/000162828015008827/0001628280-15-008827-index.htm,https://www.sec.gov/Archives/edgar/data/1375365/000162828015008827/smci-2015630x10ka_20151116.htm,1.211980476260908,0.0564202252414055,-0.1134658862805586,-0.1355737739556701,0.2016650115156253,1.3081010839478522,1.3081010839478522,1.3077545587085595,0.2001415682380036,1400879200.0,1399849200.0,13.1158639802262,2.4422835664250324,-26.087135940409684,-21.833131243863285,2.263421664477373,2.263421664477373,2.440487871212042,35.18092988187987,-26.06795530726257,-21.817078378504743,0.0190608869058802,-0.0458019506606993,0.1525428931963853,0.0866316941776036,-0.0258859009801457,2.013655371971804,131.9967637540453,-2.0110853119616507,0.0,0.0,0.0122787197913506,0.0483634766054038,0.0,-0.1948417132216015,0.0182411252558429,4.749432591920109,0.0069247586271822,1.288462514845995,0.0368777541047577,0.0245015410957332,0.2079362731633106,460308000.0,619085000.0,443691000.0,623346000.0,272077500.0,280688500.0,446937500.0,50.61674285295871,55.76291574691832,86.21735410104417,1.7780677879935771,1.6139758618159012,1.0438733702558616,0.0431428243669224,0.0221078876751114,2015-08-04,0.06,amc,527382456.0,2025-05-07,2015-06-30,0.0,2.61171875,5924969.21875
2015-03-31,SMCI,USD,1375365,2015-05-07,2015-05-07 17:05:57,2015,Q3,471225000.0,394405000.0,76820000.0,0.163021911,25542000,7334000.0,12496000.0,19830000.0,0.0,45372000.0,439777000.0,21000.0,277000.0,2085000.0,33533000.0,0.0711613348,31448000.0,0.0667366969,-256000.0,31192000.0,0.066193432,8136000.0,23056000.0,0.0489277946,0.049,0.044,468240000,520080000,https://www.sec.gov/Archives/edgar/data/1375365/000162828015003900/0001628280-15-003900-index.htm,https://www.sec.gov/Archives/edgar/data/1375365/000162828015003900/smci-20150331x10q.htm,1.0063749359302925,0.0492397061336066,0.0379100461301896,0.0088522979668546,0.2363232530326328,1.2509674525884162,1.2509674525884162,1.25059798393986,0.0998334187596104,1554556800.0,1491780800.0,16.856315058986816,3.2989692821900367,87.5757309447355,375.04386007237633,2.6547300112708765,2.6547300112708765,3.165750543795427,44.48694718635374,84.03925412652808,359.89886610373946,0.0148312367872309,0.0026663548092935,0.0793555107756412,0.0483568011605049,-1.872066322726866,2.2141566457942963,113.5306859205776,0.7699080499653018,0.0,0.0,0.0155636903814525,0.0542034060162342,0.0,0.7664920286181061,0.0288736803013422,6.525659472422063,0.0075675102127433,1.1770850595691005,0.0359482640078146,0.0239926490252986,0.2494655518537502,436085000.0,585753000.0,420044000.0,589417000.0,240172500.0,272685500.0,419793500.0,42.31628203087697,59.69566815836513,98.20965758547683,2.126840915143008,1.5076470835579103,0.9164068199878248,0.0393729294033266,0.029057748163335,2015-04-21,0.05,amc,491251063.0,2025-05-07,2015-03-31,0.0,2.66,6710503.4375
2014-12-31,SMCI,USD,1375365,2015-02-09,2015-02-09 16:54:08,2015,Q2,503014000.0,418562000.0,84452000.0,0.1678919473,25465000,4944000.0,11158000.0,16102000.0,0.0,41567000.0,460129000.0,36000.0,183000.0,1998000.0,44883000.0,0.0892281328,42885000.0,0.0852560764,-147000.0,42738000.0,0.084963838,11496000.0,31242000.0,0.0621096033,0.068,0.061,461310000,510910000,https://www.sec.gov/Archives/edgar/data/1375365/000162828015000533/0001628280-15-000533-index.htm,https://www.sec.gov/Archives/edgar/data/1375365/000162828015000533/smci-20141231x10q.htm,1.0904034163577638,0.0677245236392014,-0.0774598426220979,-0.0953762112245561,0.1834167913116993,1.1818993735232273,1.1818993735232273,1.181535193253994,0.0779844356289696,1609971900.0,1562562900.0,12.88307326675629,3.200650280111488,-45.05560406347074,-36.591933724260194,2.953784212206497,2.953784212206497,3.1064004182786165,34.81413675556447,-43.728847284023175,-35.51440747306696,0.019405307633009,-0.0273284272849731,0.0656668880514591,0.038278535379732,-1.0562796604505047,2.0950760184706256,234.344262295082,-1.1437487996927214,0.0,0.0,0.0098287522812486,0.05062483350364,0.0,-0.2312987994290991,0.0164309542080339,4.136636636636637,0.006323879653449,1.3417993265897723,0.0526556876606384,0.0334124385989491,0.2026478940408835,408609000.0,545222000.0,391923000.0,551269000.0,226577000.0,253162000.0,375373000.0,46.30201147482973,61.01633688676946,87.98804000363148,1.9437600469889944,1.4750148008232078,1.0228662895125915,0.0573190913193922,0.0179163686024582,2015-01-20,0.05,amc,363707692.0,2025-05-07,2014-12-31,0.4000000000000001,3.2911111111111118,6630953.333333333
2014-09-30,SMCI,USD,1375365,2014-11-06,2014-11-06 17:10:25,2015,Q1,443322000.0,374129000.0,69193000.0,0.1560784261,21509000,5056000.0,11002000.0,16058000.0,0.0,37567000.0,411696000.0,35000.0,196000.0,1847000.0,33473000.0,0.0755049377,31626000.0,0.0713386658,-161000.0,31465000.0,0.0709754986,10602000.0,20863000.0,0.0470606015,0.046,0.042,454730000,496870000,https://www.sec.gov/Archives/edgar/data/1375365/000144530514004894/0001445305-14-004894-index.htm,https://www.sec.gov/Archives/edgar/data/1375365/000144530514004894/smci-2014930x10q.htm,0.9749125854902908,0.0458799727310711,0.0594770523167594,0.0533943219053064,0.2600708112506322,1.0961977437160513,1.0961977437160513,1.0958063026411278,0.0828513623468871,1336906200.0,1256873200.0,16.0200618319513,3.015654986668832,49.43082895807143,55.06203459637562,2.682955913754073,2.682955913754073,2.835124807701851,37.54886625041078,46.47168527693559,51.76578253706754,0.0156054329017248,0.0181613339813967,0.0752143304381331,0.0452494642479852,-2.3909718280405103,2.182173184606662,161.35714285714286,1.2963619805397115,0.0,0.0,0.011404802829546,0.0485177816575762,0.0,0.1022702063151667,0.0062392572441701,1.4975636166756905,0.0067219763512751,1.0635789457691869,0.0382124867642149,0.0251884941595484,0.2309260440261254,371148000.0,498474000.0,355301000.0,504215000.0,203554000.0,220955000.0,328689000.0,39.45958016971863,53.53779044126491,82.16067185382582,2.2808149405772498,1.6810555545570554,1.095414606152702,0.0418686884903752,0.0060827304114529,2014-10-21,0.04131,amc,366204347.0,2025-05-07,2014-09-30,0.2103606874848705,3.679508196721312,5557592.786885246
2014-06-30,SMCI,USD,1375365,2014-09-15,2014-09-15 16:22:04,2014,Q4,428069000.0,361672000.0,66397000.0,0.1551081718,23023000,6079000.0,10755000.0,16834000.0,0.0,39857000.0,401529000.0,19000.0,222000.0,1774000.0,28314000.0,0.0661435423,26540000.0,0.0619993506,-203000.0,26337000.0,0.061525128,9788000.0,16549000.0,0.0386596553,0.037,0.034,450170000,483170000,https://www.sec.gov/Archives/edgar/data/1375365/000144530514003958/0001445305-14-003958-index.htm,https://www.sec.gov/Archives/edgar/data/1375365/000144530514003958/smci-2014630x10k.htm,0.9509052135859788,0.0367616678143812,-0.0131861296843414,-0.0216007286136348,0.2168558544549836,1.042341781993469,1.042341781993469,1.0419530399626808,0.1033143034853499,1138930100.0,1088345100.0,17.20542177775092,2.6606227033492265,-191.8682783018868,-117.12567873303168,2.428132461795606,2.428132461795606,2.542452501816296,38.43840856113584,-183.3465464959569,-111.9236013986014,0.0145303034839451,-0.0085378373966936,0.0986811809250921,0.0581257652340438,-1.7865720138447412,2.10392555470494,119.54954954954955,-0.3586923681189196,0.0,0.0,0.0142009816174495,0.0537833853888041,0.0,-0.6381401617250674,0.0088490406920379,2.1352874859075537,0.0067255512545874,0.9283525512966976,0.0315848054343947,0.0207817160079113,0.1954817069107226,343195000.0,469231000.0,326987000.0,473784000.0,197383000.0,212300000.0,305463000.0,44.7274154400342,54.58498307859055,78.59422349532173,2.012188701595389,1.648805127784312,1.1451223257566403,0.035281501569109,0.0084145989292933,2014-08-05,0.03933,amc,417397500.0,2025-05-07,2014-06-30,0.0170353419781338,3.12203125,4870872.96875
2014-03-31,SMCI,USD,1375365,2014-05-07,2014-05-07 17:06:06,2014,Q3,373755000.0,316491000.0,57264000.0,0.1532126661,20570000,5806000.0,9416000.0,15222000.0,0.0,35792000.0,352283000.0,10000.0,156000.0,1670000.0,23142000.0,0.0619175663,21472000.0,0.0574493987,-146000.0,21326000.0,0.0570587684,4752000.0,16574000.0,0.0443445573,0.038,0.035,439920000,474240000,https://www.sec.gov/Archives/edgar/data/1375365/000144530514001932/0001445305-14-001932-index.htm,https://www.sec.gov/Archives/edgar/data/1375365/000144530514001932/smci-2014331x10q.htm,0.8495976541189307,0.0376750318239679,-0.0134592653209674,-0.0198763411529368,0.2329150754682669,1.005953355155483,1.002980087288598,1.0055578286961266,0.1061988543371522,765460800.0,710309800.0,11.546108362495474,2.0480282538026247,-129.27897314642797,-87.54126258005489,1.730382828659591,1.730382828659591,1.900469023825768,30.693535563045543,-119.96449923999324,-81.23396614821591,0.0216523171402114,-0.0114231845706533,0.1052592316299888,0.0620392490217056,-2.383156166277763,2.0881448056609577,137.64102564102564,-0.357246289368891,0.0,0.0,0.0155342403446107,0.0550360530293909,0.0017427429014537,-0.4767775713561898,0.0075530762130272,1.6904191616766466,0.0075075918716806,0.9232548521030104,0.0333655255555736,0.022121289371931,0.1785040461902164,318315000.0,441231000.0,302843000.0,448127000.0,171601000.0,205502000.0,293008000.0,43.83224304691576,58.36545115026968,83.91395015972019,2.053283011404839,1.542008126833166,1.0725272714333642,0.0374667977801137,0.0064170758319694,2014-04-22,0.02955,amc,272772972.0,2025-05-07,2014-03-31,0.3536379018612521,2.5928125,3989158.125
2013-12-31,SMCI,USD,1375365,2014-02-07,2014-02-07 17:05:58,2014,Q2,356362000.0,301270000.0,55092000.0,0.1545956078,20428000,5484000.0,8976000.0,14460000.0,0.0,34888000.0,336158000.0,46000.0,184000.0,1527000.0,21731000.0,0.0609801269,20204000.0,0.0566951583,-138000.0,20066000.0,0.0563079116,6731000.0,13335000.0,0.0374198147,0.031,0.03,429150000,450390000,https://www.sec.gov/Archives/edgar/data/1375365/000144530514000277/0001445305-14-000277-index.htm,https://www.sec.gov/Archives/edgar/data/1375365/000144530514000277/smci-20131231x10q.htm,0.8303903064196668,0.0310730513806361,0.0002050565070488,-0.0743795875567983,0.2111918909472212,0.9455598275661192,0.9423651403938016,0.9451683560526624,0.0990912268437609,738138000.0,690596000.0,13.83835770528684,2.0713151233857707,8387.931818181818,-23.12462406015037,1.819781617725008,1.819781617725008,1.9379058373227225,31.77930145874557,7847.681818181818,-21.63521303258145,0.0180657275468814,-0.0432439462539525,0.1043861357579403,0.059741989555981,-2.187750218581749,1.9801110793254304,109.80434782608695,0.0065991751031121,0.0,0.0,0.0153888461732732,0.0573237326089762,0.001934443392486,363.7272727272728,0.0898187797801112,20.96136214800262,0.0078235053120141,0.8129012609456051,0.0292331734384493,0.0188517869260348,0.125907025515554,280941000.0,404416000.0,264639000.0,410384000.0,147615000.0,185709000.0,272618500.0,40.70484507326819,61.46718890032197,86.91018023699671,2.211039001327757,1.4641958028363418,1.035551873837767,0.0328756789006432,0.0745846440638471,2014-01-21,0.0301,amc,264754285.0,2025-05-07,2013-12-31,0.3289036544850499,2.070793650793651,4988491.111111111
2013-09-30,SMCI,USD,1375365,2013-11-07,2013-11-07 17:05:21,2014,Q1,309016000.0,262224000.0,46792000.0,0.1514225801,20236000,5648000.0,8865000.0,14513000.0,0.0,34749000.0,296973000.0,17000.0,195000.0,1393000.0,13436000.0,0.0434799493,12043000.0,0.0389720921,-178000.0,11865000.0,0.0383960701,4166000.0,7699000.0,0.0249145675,0.018,0.017,424960000,446020000,https://www.sec.gov/Archives/edgar/data/1375365/000144530513002839/0001445305-13-002839-index.htm,https://www.sec.gov/Archives/edgar/data/1375365/000144530513002839/smci-20130930x10q.htm,0.7271649096385542,0.0181169992469879,0.0430793486445783,0.0384953878012048,0.2640436746987952,0.9082360692771084,0.9048639871987952,0.907824265813253,0.0822289156626506,573696000.0,496987000.0,18.62891284582413,1.8565252284671343,31.337521166766816,35.069136255272326,1.4870719486558714,1.4870719486558714,1.6082888911901,36.98920809764811,27.147375320915497,30.38003545448988,0.0134199994422132,0.0285151020749665,0.0900725526129568,0.0546540651998508,-5.709214051801132,2.2450620985010707,61.75897435897435,2.377841278088064,0.0,0.0,0.018277370751029,0.0654852823154788,0.0022538569579379,0.10640738515322,0.0063038807052062,1.3984206748025845,0.0083782069536852,0.6083244690566558,0.0187849490191821,0.0121365268630412,0.211949359939759,290722000.0,384531000.0,274387000.0,388922000.0,141698000.0,169257500.0,254240000.0,39.04341522769048,56.857495881383855,87.28377265238879,2.305126215909769,1.582904744657733,1.0311194998230506,0.0199565047214928,0.0045839608433734,2013-10-22,0.01954,amc,309000000.0,2025-05-07,2013-09-30,0.0235414534288639,1.9555737704918037,4951809.180327869
2013-06-30,SMCI,USD,1375365,2013-09-11,2013-09-11 17:08:56,2013,Q4,322333000.0,276310000.0,46023000.0,0.1427809129,19557000,5677000.0,8361000.0,14038000.0,0.0,33595000.0,309905000.0,24000.0,161000.0,1935000.0,14387000.0,0.0446339655,12428000.0,0.0385563997,-137000.0,12291000.0,0.0381313735,3865000.0,8426000.0,0.0261406682,0.02,0.019,422670000,439180000,https://www.sec.gov/Archives/edgar/data/1375365/000144530513002262/0001445305-13-002262-index.htm,https://www.sec.gov/Archives/edgar/data/1375365/000144530513002262/smci-2013630x10k.htm,0.7626114936002082,0.0199351740128232,3.312276717060591e-05,-0.0015165495540255,0.2201197151442023,0.8841980741476803,0.8841980741476803,0.8837698440864031,0.0835924006908462,456483600.00000006,398616600.00000006,13.543899833847616,1.4161863662733882,32605.97142857143,-712.1429017160688,1.222037623513223,1.222037623513223,1.2366608445303462,27.70672134565928,28472.61428571429,-621.8667706708269,0.0184584944563178,-0.0014042125500237,0.0941551575052939,0.0556276956996917,-4.022172794884271,2.1649563029661016,77.19254658385093,0.0016615238547353,0.0,0.0,0.0176122209019864,0.0606732788761932,0.0,46.785714285714285,0.0020320600124715,0.3385012919896641,0.0083733282040622,0.6296089077005126,0.0203227320750082,0.013326859172773,0.174119289280053,281528000.0,373724000.0,264659000.0,377440000.0,135839500.0,168231000.0,255755500.0,41.69787145591671,56.302522529043465,82.78853461691578,2.158383554305612,1.598507419513465,1.0871070543337136,0.0225569746990306,0.0015496723211962,2013-08-06,0.02385,amc,260319230.0,2025-05-07,2013-06-30,0.2578616352201258,1.510625,1740466.5625
2013-03-31,SMCI,USD,1375365,2013-05-10,2013-05-09 21:13:09,2013,Q3,278034000.0,239141000.0,38893000.0,0.1398857694,18606000,6134000.0,8713000.0,14847000.0,0.0,33453000.0,272594000.0,2000.0,142000.0,1926000.0,7368000.0,0.0265003561,5440000.0,0.0195659524,-140000.0,5300000.0,0.0190624168,-1740000.0,7040000.0,0.0253206442,0.017,0.016,421470000,441480000,https://www.sec.gov/Archives/edgar/data/1375365/000144530513001270/0001445305-13-001270-index.htm,https://www.sec.gov/Archives/edgar/data/1375365/000144530513001270/smci-20130331x10q.htm,0.6596768453270695,0.0167034427124113,0.0189005148646404,0.0152086744014995,0.2231072199682065,0.8592948489809477,0.8555982632215816,0.8588796355612499,0.0857000498256103,459402300.00000006,401406300.00000006,16.314002130681818,1.652324176179892,57.67038664323375,71.66962558502341,1.2690951733739972,1.2690951733739972,1.4437309825417035,54.47968241042346,50.38994476525233,62.62188767550703,0.0153242593691847,0.0139529122949536,0.0993889367720833,0.0591692815746021,-7.871335504885994,2.1811734927665887,38.309859154929576,1.131534090909091,0.0,0.0,0.0220620499651121,0.0669198731090442,0.0025622808575582,0.1953301531508912,0.005596437845731,0.8078920041536864,0.0102505448973866,0.5681465944302723,0.0177258108979005,0.0116076993342061,0.1626990058604408,270660000.0,360609000.0,253920000.0,367660000.0,120625500.0,156524000.0,250469000.0,39.601307753727966,61.573005047231554,96.84951555776718,2.272652220469352,1.4616795124902968,0.9292767184397356,0.0194479436009635,0.0036918404631409,2013-04-23,0.01739,amc,241739130.0,2025-05-07,2013-03-31,0.1500862564692352,1.26125,1265872.03125
2012-12-31,SMCI,USD,1375365,2013-02-06,2013-02-06 17:04:49,2013,Q2,291487000.0,251365000.0,40122000.0,0.1376459328,18824000,5745000.0,7945000.0,13690000.0,0.0,32514000.0,283879000.0,7000.0,152000.0,2019000.0,9634000.0,0.0330512167,7608000.0,0.0261006494,-145000.0,7463000.0,0.0256032001,2549000.0,4914000.0,0.0168583848,0.012,0.011,418930000,434310000,https://www.sec.gov/Archives/edgar/data/1375365/000144530513000170/0001445305-13-000170-index.htm,https://www.sec.gov/Archives/edgar/data/1375365/000144530513000170/smci-20121231x10q.htm,0.6957892726708519,0.0117298832740553,0.0767598405461533,0.0722937006182417,0.2111498341011624,0.8388513594156541,0.8349843649297018,0.8384503377652591,0.0889886138495691,427308600.0,376038600.0,21.739346764346763,1.4659610891737882,13.2881985259819,14.109113121574325,1.2165300126404974,1.2165300126404974,1.2900698830479576,39.03244758148225,11.693833379979475,12.416251733474212,0.0114998855627993,0.0708761770767075,0.1057018892419117,0.0636225146384219,-5.321777039651235,2.2276645584446007,50.05263157894737,6.541293734743694,0.0,0.0,0.0197092837759488,0.064579209364397,0.0027760308584961,0.0581832882420623,0.0064188111305135,0.9266963843486876,0.0099798618806327,0.4704102500416759,0.0125452653815802,0.0084440679305847,0.1606294607691022,262045000.0,349800000.0,243348000.0,360377000.0,115849500.0,120812500.0,253374500.0,36.71546243914823,53.50661388817059,87.2187058659718,2.4512833019375675,1.6820350506219846,1.0318887342619163,0.0139899559290765,0.0044661399279115,2013-01-22,0.01556,amc,226722222.0,2025-05-07,2012-12-31,0.2853470437017996,1.0327265625,1663419.21875
2012-09-30,SMCI,USD,1375365,2012-11-07,2012-11-07 14:59:18,2013,Q1,270707000.0,235692000.0,35015000.0,0.129346489,18221000,6348000.0,8766000.0,15114000.0,0.0,33335000.0,269027000.0,15000.0,155000.0,1955000.0,3652000.0,0.0134906005,1680000.0,0.0062059718,-140000.0,1540000.0,0.0056888075,643000.0,899000.0,0.0033209337,0.002,0.002,416670000,441740000,https://www.sec.gov/Archives/edgar/data/1375365/000144530512003503/0001445305-12-003503-index.htm,https://www.sec.gov/Archives/edgar/data/1375365/000144530512003503/smci-2012930x10q.htm,0.6496916024671803,0.002157582739338,-0.0637290901672786,-0.0659346725226198,0.1399740802073583,0.8219334245326038,0.8219334245326038,0.8215350277197783,0.0917056663546691,504170700.0,483903700.0,140.2031979977753,1.862422102125176,-18.986619718309857,-18.35149783423725,1.4728525980911982,1.4728525980911982,1.7875551795853082,132.50375136911282,-18.223382541236724,-17.613791722782366,0.0017831262308579,-0.0544914648947271,0.1111744067494573,0.0671720692972314,-5.5495618838992335,2.240619084189776,10.838709677419354,-29.603121516164997,0.0,0.0,0.0234497076174609,0.0673089354911398,0.0,-0.0346087218498154,0.003394814319541,0.4700767263427109,0.0107237714577015,0.199704582822531,0.0024992413349069,0.0015868112859525,0.1210052319581443,253621000.0,342475000.0,233982000.0,350742000.0,107400500.0,133087500.0,269875500.0,37.49747882396835,35.20085535359707,100.48571864976326,2.4001613661148893,2.556756053111169,0.8956496625524412,0.0026262821018436,0.0022055823553411,2012-10-23,0.015,amc,425385714.0,2025-05-07,2012-09-30,-0.3333333333333333,1.16145,2060430.6666666667
2012-06-30,SMCI,USD,1375365,2012-09-13,2012-09-13 16:48:22,2012,Q4,275896000.0,233448000.0,42448000.0,0.1538550758,16032000,8265000.0,8959000.0,17224000.0,0.0,33256000.0,266704000.0,8000.0,161000.0,1957000.0,11157000.0,0.040439151,9192000.0,0.033316902,-153000.0,9039000.0,0.0327623452,3529000.0,5510000.0,0.0199712935,0.013,0.012,415350000,447380000,https://www.sec.gov/Archives/edgar/data/1375365/000144530512002860/0001445305-12-002860-index.htm,https://www.sec.gov/Archives/edgar/data/1375365/000144530512002860/smci-2012630x10k.htm,0.6642494281930902,0.0132659203081738,-0.0061658841940532,-0.0137546647405802,0.194597327555074,0.8146165884194053,0.8146165884194053,0.8146165884194053,0.0792536415071626,660406500.0,612337500.0,29.963997277676956,2.3936791399657844,-257.8705583756345,-115.59714685804306,1.9518384754293616,1.9518384754293616,2.219450445095253,54.88370529712288,-239.1009371339321,-107.18317871521091,0.0083433461057697,-0.0086507325412454,0.0968136639170565,0.055604877245575,-4.30841624092498,2.185462658951149,57.09316770186335,-0.4647912885662432,0.0,0.0,0.0299569402963435,0.0581088526111288,0.0,-1.2307692307692308,0.0114245947748426,1.610628513030148,0.0102284918954968,0.4931017863818646,0.0146698865264729,0.0093532030901217,0.1080630793306849,261404000.0,338351000.0,231160000.0,358823000.0,101497000.0,158073500.0,252766000.0,33.27797430915997,67.07785031356019,106.6357818443508,2.704491540376811,1.3417245719606186,0.843994374527746,0.016284863943065,0.007588780546527,2012-08-07,0.19,amc,291227777.0,2025-05-07,2012-06-30,-0.8947368421052632,0.9142403225806452,2412062.419354839
2012-03-31,SMCI,USD,1375365,2012-05-07,2012-05-07 16:30:21,2012,Q3,240178000.0,199449000.0,40729000.0,0.169578396,17162000,5802000.0,8175000.0,13977000.0,0.0,31139000.0,230588000.0,9000.0,189000.0,1967000.0,11566000.0,0.048155951,9590000.0,0.0399287195,-180000.0,9410000.0,0.0391792754,2333000.0,7077000.0,0.0294656463,0.017,0.016,411260000,446100000,https://www.sec.gov/Archives/edgar/data/1375365/000119312512215132/0001193125-12-215132-index.htm,https://www.sec.gov/Archives/edgar/data/1375365/000119312512215132/d316315d10q.htm,0.5840052521519233,0.0172080922044448,-0.0434323785439867,-0.0518212323104605,0.2160701259543841,0.7996231094684628,0.7996231094684628,0.7996231094684628,0.088277488693284,719705000.0,666960000.0,25.424085064292782,2.996548393274988,-40.29252043444183,-33.76994181681682,2.188531045786415,2.188531045786415,2.776940435843416,57.66557150268027,-37.33960362781323,-31.295045045045047,0.009833195545397,-0.0296121327488345,0.1098241463511052,0.0658909212979686,-4.560349299671451,2.3742810587994088,50.74074074074074,-2.5239508266214497,0.0,0.0,0.0241570834964068,0.0714553372915088,0.0,-0.1931474638898219,0.0143643464430547,1.7539400101677682,0.0107961595150263,0.556416871079688,0.0191964957492524,0.0129114533731787,0.1454007197393376,254712000.0,328853000.0,220789000.0,351013000.0,90540000.0,129007500.0,211146500.0,37.839435751817405,64.14692477776273,103.30445377013672,2.378470984353337,1.4030290666591632,0.8712112277391202,0.0215202537303901,0.0083888537664737,2012-04-24,0.22,amc,278126315.0,2025-05-07,2012-03-31,-0.9090909090909092,1.2998412698412698,2350096.8253968256
2011-12-31,SMCI,USD,1375365,2012-02-06,2012-02-06 15:39:11,2012,Q2,249915000.0,207301000.0,42614000.0,0.1705139748,15657000,5207000.0,8032000.0,13239000.0,0.0,28896000.0,236197000.0,20000.0,173000.0,1612000.0,15350000.0,0.0614208831,13718000.0,0.0548906628,-153000.0,13565000.0,0.0542784547,4791000.0,8774000.0,0.0351079367,0.021,0.02,405550000,438160000,https://www.sec.gov/Archives/edgar/data/1375365/000119312512041019/0001193125-12-041019-index.htm,https://www.sec.gov/Archives/edgar/data/1375365/000119312512041019/d256962d10q.htm,0.6162372087288867,0.0216348169153002,0.0289803969917396,0.003792380717544,0.2524398964369375,0.7680360004931575,0.7680360004931575,0.7680360004931575,0.0858858340525212,636713500.0,568994500.0,18.1420532254388,2.547720224876458,54.17455117842253,413.98797139141743,2.044175011317048,2.044175011317048,2.2767520957125424,37.06804560260586,48.41270313962393,369.9574122236671,0.0137801381626115,0.0024155291194548,0.1112698529907505,0.0693164158984954,-4.411661237785016,2.515474035740689,79.29479768786128,1.339525871894233,0.0,0.0,0.0208350839285357,0.0626493007622591,0.0,0.8691397940951247,0.0408738971250225,6.336848635235732,0.010031410679631,0.6114467767010877,0.024941986884069,0.0175481052886317,0.1741141659474787,237790000.0,311477000.0,206178000.0,333841000.0,83955000.0,106109500.0,191182000.0,28.845807574575357,50.30033622606741,83.94749663532737,3.1200374531835204,1.7892524534132006,1.0720986760446836,0.028169014084507,0.0251880162741955,2012-01-24,0.25,amc,249900000.0,2025-05-07,2011-12-31,0.0,1.638095238095238,1651574.2857142857
2011-09-30,SMCI,USD,1375365,2011-11-07,2011-11-07 14:40:04,2012,Q1,247885000.0,208259000.0,39626000.0,0.159856385,13824000,4578000.0,7710000.0,12288000.0,0.0,26112000.0,234371000.0,17000.0,194000.0,1535000.0,15066000.0,0.0607781834,13514000.0,0.0545172156,-177000.0,13337000.0,0.0538031749,4845000.0,8492000.0,0.0342578212,0.021,0.019,403560000,433950000,https://www.sec.gov/Archives/edgar/data/1375365/000119312511299490/0001193125-11-299490-index.htm,https://www.sec.gov/Archives/edgar/data/1375365/000119312511299490/d227027d10q.htm,0.6142457131529389,0.0210427197938348,0.0622881355932203,0.0423530577857072,0.2288110813757558,0.7398552879373576,0.7398552879373576,0.7398552879373576,0.0763058776885717,504450000.0,442770000.0,14.850741874705603,2.035016237368134,20.068027210884352,29.513807629300256,1.6895195863029848,1.6895195863029848,1.7861911773604695,29.388689765033853,17.614273779687313,25.90510180201264,0.0168341758350678,0.0338824462285657,0.1024864691066931,0.06268192609678,-4.093986459577858,2.587183308494784,69.65979381443299,2.96008007536505,0.0,0.0,0.0184682413215805,0.055767795550356,0.0,0.3200461471138163,0.0324545656251891,5.241042345276873,0.0093995199386812,0.5918553615717177,0.0254253473610952,0.0173952587063351,0.1563472593914164,238560000.0,298576000.0,199261000.0,319849000.0,86407500.0,104850000.0,190857500.0,31.881315932791413,41.642378000470565,81.67887102118036,2.8229700489693657,2.161259858862598,1.1018761507692958,0.0284416697926156,0.0199350778075131,2011-10-25,0.24,amc,247900000.0,2025-05-07,2011-09-30,0.0,1.6953225806451613,1472319.1935483871
2011-06-30,SMCI,USD,1375365,2011-09-02,2011-09-02 16:45:51,2011,Q4,260303000.0,220271000.0,40032000.0,0.1537900063,13163000,4855000.0,7412000.0,12267000.0,0.0,25430000.0,245701000.0,10000.0,197000.0,1463000.0,16075000.0,0.0617549548,14602000.0,0.0560961649,-187000.0,14415000.0,0.0553777713,3684000.0,10731000.0,0.0412250339,0.0281,0.0252,382004890,426249625,https://www.sec.gov/Archives/edgar/data/1375365/000119312511240215/0001193125-11-240215-index.htm,https://www.sec.gov/Archives/edgar/data/1375365/000119312511240215/d10k.htm,0.6814127431719526,0.0280912634390622,0.0268111751134913,-0.0120260240647704,0.1832489631219118,0.751972049363033,0.751972049363033,0.751972049363033,0.0744336021457735,615027872.9000001,573321872.9000001,14.328298222439662,2.3627383199578955,60.04958727787542,-133.87633280365696,2.141037025729573,2.141037025729573,2.202517346707491,35.66543532814931,55.97753103885961,-124.79796972137572,0.0174479897137032,-0.0074695801644537,0.0982987359751024,0.0607743962808316,-2.5944634525660963,2.6280119732379648,74.12182741116752,0.9544310875034946,0.0,0.0,0.0186513409372923,0.0505679919171119,0.0,1.4485452060144504,0.056995117228768,10.140806561859192,0.0089664736864346,0.6894102632634946,0.0334917272063797,0.0230962937454263,0.1380826564811775,228975000.0,287257000.0,192259000.0,303413000.0,82385500.0,120941000.0,199176000.0,29.39055639005313,46.30931897526229,78.73932564885982,3.0622081054055643,1.943453326274925,1.1430120750761503,0.0373567920015874,0.0388371991782618,2011-08-02,0.29,amc,260300000.0,2025-05-07,2011-06-30,0.0,1.4819047619047618,1623301.5873015872
2011-03-31,SMCI,USD,1375365,2011-05-10,2011-05-10 15:52:20,2011,Q3,234288000.0,196432000.0,37856000.0,0.1615789114,12202000,3958000.0,6538000.0,10496000.0,0.0,22698000.0,219130000.0,21000.0,161000.0,1386000.0,16565000.0,0.0707035785,15158000.0,0.0646981493,-140000.0,15018000.0,0.0641005941,4322000.0,10696000.0,0.0456532131,0.028,0.025,382688640,428539550,https://www.sec.gov/Archives/edgar/data/1375365/000119312511134149/0001193125-11-134149-index.htm,https://www.sec.gov/Archives/edgar/data/1375365/000119312511134149/d10q.htm,0.6122157166724363,0.0279496146005274,-0.0592152408809417,-0.0651887654674045,0.1780951741865136,0.7044734852855836,0.7044734852855836,0.7044734852855836,0.0741203083530255,612301824.0,572409824.0,14.3114674644727,2.613457897971727,-27.020070782401483,-24.54410646570729,2.271199744801442,2.271199744801442,2.443188827426074,34.55537724117114,-25.259689510612947,-22.94503643724696,0.0174685091253296,-0.0407429784171278,0.104616571585421,0.0610609678739291,-2.408210081497133,2.40232705295918,94.14906832298136,-2.118642483171279,0.0,0.0,0.0168937376220719,0.0520811992078126,0.0,-0.1008781607166497,0.0097572218807621,1.6493506493506491,0.0088267431537253,0.665597216209251,0.0350944177105941,0.0231565775201938,0.1005909138039739,217184000.0,269594000.0,179753000.0,286823000.0,78778000.0,136269000.0,196643500.0,30.641518131530425,58.89457929461594,94.2193227172762,2.9371912845071835,1.528154221966361,0.9552180742167174,0.0396744734675104,0.0059735245864627,2011-04-26,0.28,amc,234300000.0,2025-05-07,2011-03-31,0.0,1.39140625,2168870.625
2010-12-31,SMCI,USD,1375365,2011-02-09,2011-02-09 16:17:36,2011,Q2,240813000.0,200634000.0,40179000.0,0.1668473048,12297000,4257000.0,6701000.0,10958000.0,0.0,23255000.0,223889000.0,15000.0,169000.0,1322000.0,18261000.0,0.0758306238,16924000.0,0.0702785979,-154000.0,16770000.0,0.0696390976,5201000.0,11569000.0,0.0480414263,0.03,0.027,375430150,416193440,https://www.sec.gov/Archives/edgar/data/1375365/000119312511028990/0001193125-11-028990-index.htm,https://www.sec.gov/Archives/edgar/data/1375365/000119312511028990/d10q.htm,0.6414322344649198,0.0308153194409133,0.0105878550244299,0.0078603170256837,0.2324666785552518,0.6625014000607037,0.6625014000607037,0.6625014000607037,0.0021255618388666,431744672.5,345157672.49999994,9.329775099403578,1.7928628126388524,108.61501194968552,146.30453151474077,1.735845388243146,1.735845388243146,1.433301659378854,18.901356579595856,86.8321188679245,116.96295238902066,0.0267959299486202,0.0068350582832032,0.0025289177116712,0.0014009719939239,-4.741635178796342,2.138333487790186,100.14201183431952,0.34359063013225,0.0,0.0,0.017677617072168,0.0510645189420836,0.0,0.2576100628930817,0.0042522621287056,0.7745839636913767,0.0075992575151673,0.6777476124198188,0.0421612055472918,0.0257676391060506,0.1043855960955719,196531000.0,248723000.0,168928000.0,265373000.0,74800000.0,128531500.0,169578000.0,29.07276600515753,64.59343879900715,84.17386883579054,3.0956806787504823,1.3933303702880635,1.0692154375792715,0.0465135914249989,0.0027275379987462,2011-01-25,0.26,amc,201961290.0,2025-05-07,2010-12-31,0.1923076923076922,1.6317460317460315,2040148.7301587304
2010-09-30,SMCI,USD,1375365,2010-11-08,2010-11-08 15:27:14,2011,Q1,207178000.0,174141000.0,33037000.0,0.159461912,10446000,4374000.0,6208000.0,10582000.0,0.0,21028000.0,195169000.0,20000.0,159000.0,1282000.0,13311000.0,0.0642490998,12009000.0,0.0579646488,-139000.0,11870000.0,0.0572937281,4653000.0,7217000.0,0.0348347798,0.019,0.017,372238660,414310660,https://www.sec.gov/Archives/edgar/data/1375365/000119312510251949/0001193125-10-251949-index.htm,https://www.sec.gov/Archives/edgar/data/1375365/000119312510251949/d10q.htm,0.5565730330105959,0.0193880990222778,0.0454654548777926,0.025986016605583,0.2245279950234078,0.6301602310732582,0.6301602310732582,0.6301602310732582,0.0505106052122581,387128206.4,322252206.40000004,13.410288430095608,1.868577775632548,22.874509950366345,40.02152449085082,1.650373902886132,1.650373902886132,1.5554364189247896,24.209466336112992,19.041137225242263,33.314608332471835,0.0186424029060363,0.0249865544284452,0.0794773415185232,0.0461932619236992,-4.873863721733905,2.0141956130574736,75.52830188679245,2.3450187058334486,0.0,0.0,0.0211122802614177,0.0504204114336464,0.0,0.4284448121011581,0.0349988898435162,5.65600624024961,0.0088040235932386,0.5243054468521859,0.0279135412591665,0.0178821418925783,0.1186698340252997,162893000.0,234570000.0,154489000.0,231629000.0,72386500.0,104241500.0,143547000.0,31.194914517950743,58.43557806604993,78.30378830947336,2.885085642668152,1.5401576056674362,1.1493696785690712,0.0307669352432109,0.0194794382722095,2010-10-26,0.22,amc,207200000.0,2025-05-07,2010-09-30,0.0,1.437258064516129,2091010.483870968
2010-06-30,SMCI,USD,1375365,2010-09-07,2010-09-07 15:41:21,2010,Q4,201664000.0,170755000.0,30909000.0,0.1532697953,10244000,4008000.0,5273000.0,9281000.0,1089000.0,19525000.0,190280000.0,26000.0,94000.0,1203000.0,12613000.0,0.0625446287,11384000.0,0.0564503332,-68000.0,11316000.0,0.0561131387,3601000.0,7715000.0,0.0382567042,0.0214,0.0187,360514310,412346180,https://www.sec.gov/Archives/edgar/data/1375365/000119312510205667/0001193125-10-205667-index.htm,https://www.sec.gov/Archives/edgar/data/1375365/000119312510205667/d10k.htm,0.5593786277166085,0.0213999827080373,0.0166650805067904,-0.0372523354204719,0.2038448903734223,0.6232790038209579,0.6232790038209579,0.6232790038209579,0.052022900283764,486694318.50000006,432711318.50000006,15.77104078094621,2.4133921696485245,81.00770947070573,-36.23933868205511,2.1659641857401613,2.1659641857401613,2.1457043324539837,34.306772258780626,72.02252305259655,-32.21975565897245,0.0158518390429905,-0.0275943225336829,0.0830481395276389,0.0503314794935834,-4.27994925870134,2.153087941976428,121.1063829787234,0.7787427090084251,0.0,0.0,0.0198746429704855,0.0507973659155823,0.0,3.235352862849534,0.09638805141225,16.157938487115544,0.0083257299270073,0.5478216843473361,0.0308600365202399,0.0208084970951715,0.1385305620739437,158982000.0,224701000.0,150796000.0,221673000.0,68415500.0,99453500.0,139998000.0,32.56243057759442,50.29100172762145,71.46238763140171,2.763921439633787,1.7895845560493,1.259403764455983,0.0343345156452352,0.0539174159272623,2010-08-03,0.22,amc,211304761.0,2025-05-07,2010-06-30,-0.0454545454545455,1.10890625,2221288.90625
2010-03-31,SMCI,USD,1375365,2010-05-07,2010-05-07 17:16:32,2010,Q3,189276000.0,160011000.0,29265000.0,0.1546154822,9757000,3461000.0,5513000.0,8974000.0,0.0,18731000.0,178742000.0,19000.0,66000.0,1178000.0,11731000.0,0.0619782751,10534000.0,0.055654177,-47000.0,10487000.0,0.0554058623,2754000.0,7733000.0,0.0408556817,0.021,0.018,362192220,417339000,https://www.sec.gov/Archives/edgar/data/1375365/000119312510113084/0001193125-10-113084-index.htm,https://www.sec.gov/Archives/edgar/data/1375365/000119312510113084/d10q.htm,0.5225843890296705,0.0213505414334962,-0.0544130958969797,-0.0574777669161419,0.1854705769218345,0.5865090089455814,0.5865090089455814,0.5865090089455814,0.0003975789430264,626592540.6,559939540.6,20.257097523600155,3.310470110315096,-31.793816754617417,-30.09859451436257,2.949656311520555,2.949656311520555,2.958322981254887,47.73161201943569,-28.41178915161356,-26.89689406283025,0.0123413534297666,-0.0332241427260936,0.00036718150535,0.0002268952296732,-5.681783309180803,2.3494487883055704,159.6060606060606,-2.548558127505496,0.0,0.0,0.0182854667258395,0.0515490606310361,0.0,-0.056322305662675,0.0058644519114943,0.9422750424448216,0.008136266615947,0.5308026094262898,0.0352658553072644,0.0224946257828612,0.1544511364711257,166719000.0,212429000.0,158923000.0,211115000.0,59382500.0,108057500.0,139347500.0,30.36898497432321,58.209685584116095,81.22616570110804,2.963549821506858,1.5461344464736064,1.1080173392792845,0.036402751036817,0.0030646710191621,2010-04-27,0.21,amc,189300000.0,2025-05-07,2010-03-31,0.0,1.1208359375,3361373.75
2009-12-31,SMCI,USD,1375365,2010-02-08,2010-02-08 14:39:23,2010,Q2,181977000.0,151668000.0,30309000.0,0.1665540151,8754000,4050000.0,5138000.0,9188000.0,0.0,17942000.0,169610000.0,26000.0,90000.0,1117000.0,13510000.0,0.0742401512,12367000.0,0.0679591377,-64000.0,12303000.0,0.0676074449,4699000.0,7604000.0,0.0417855004,0.021,0.019,355390850,398303490,https://www.sec.gov/Archives/edgar/data/1375365/000119312510024224/0001193125-10-024224-index.htm,https://www.sec.gov/Archives/edgar/data/1375365/000119312510024224/d10q.htm,0.5120475105085007,0.0213961614374708,0.0052533710420513,0.0024311261812171,0.2327578214239336,0.5577915132029989,0.5577915132029989,0.5577915132029989,0.0004980432107354,394483843.50000006,312295843.50000006,12.969616106654394,2.1677675942564174,211.2928995715051,456.5785225694445,1.989990836587064,1.989990836587064,1.7161281013534682,23.11590255366396,167.27147482592397,361.4535225694445,0.0192758211148386,0.0021902037668622,0.0004388752686219,0.0002575503703396,-6.083493708364174,2.1417510467642398,137.4111111111111,0.245528669121515,0.0,0.0,0.0222555597685421,0.0481049802997082,0.0,0.5372254954472415,0.0055116855426784,0.8979409131602507,0.0094022871022162,0.5181972968486106,0.0373209568112238,0.022510494437504,0.1448271670472101,151886000.0,198234000.0,145351000.0,196708000.0,52499500.0,99486500.0,117172000.0,27.150299213636888,66.83123664846903,79.6837170662236,3.314880594568009,1.3466756641568405,1.1294653828109291,0.0383587073862203,0.0028222448608342,2010-01-26,0.17,amc,140636363.0,2025-05-07,2009-12-31,0.2941176470588234,1.4801587301587302,2770624.285714286
2009-09-30,SMCI,USD,1375365,2009-11-09,2009-11-09 09:33:40,2010,Q1,148521000.0,124012000.0,24509000.0,0.1650204348,8627000,4888000.0,4534000.0,9422000.0,1089000.0,18049000.0,142061000.0,32000.0,133000.0,1121000.0,7613000.0,0.0512587446,6460000.0,0.0434955326,-101000.0,6359000.0,0.0428154941,2496000.0,3863000.0,0.0260097899,0.011,0.01,349455160,398756960,https://www.sec.gov/Archives/edgar/data/1375365/000119312509228633/0001193125-09-228633-index.htm,https://www.sec.gov/Archives/edgar/data/1375365/000119312509228633/d10q.htm,0.4250073171047181,0.0110543510074368,0.0276401699147896,0.0257171764182849,0.2118783995062485,0.5320682630641368,0.5320682630641368,0.5320682630641368,0.0006610290144234,295639065.36,222139065.36,19.132737856588143,1.9905539644898704,30.60762660316803,32.89630192055191,1.590021541837426,1.590021541837426,1.4956744525016663,29.1789130907658,22.99814321979501,24.71782189384667,0.0130666087558355,0.030398553685916,0.0005270687448234,0.0003306867148299,-9.654538289767505,2.275680758381148,48.57142857142857,2.500388299249288,0.0,0.0,0.0329111708108617,0.0580860619037038,0.0,0.0695724195051247,0.004524612681035,0.5994647636039251,0.0102813743511018,0.3637822977360699,0.0204212729917388,0.0130351304019193,0.1465996381338309,132954000.0,185934000.0,126757000.0,177510000.0,47905500.0,79940500.0,95052500.0,30.360555073019977,62.66659678095669,72.61789181692095,2.964372679733344,1.436171814381174,1.23936398796734,0.0207761894005399,0.0019229934965046,2009-10-27,0.09,amc,122529825.0,2025-05-07,2009-09-30,0.6666666666666666,1.4318032786885246,2575826.721311476
2009-06-30,SMCI,USD,1375365,2009-08-31,2009-08-31 16:16:15,2009,Q4,123453000.0,102998000.0,20455000.0,0.1656905867,8836000,3823000.0,4072000.0,7895000.0,0.0,16731000.0,119729000.0,54000.0,220000.0,1010000.0,4788000.0,0.0387839907,3724000.0,0.0301653261,-166000.0,3558000.0,0.0288206848,1200000.0,2358000.0,0.0191003864,0.0068,0.006,345815435,395157115,https://www.sec.gov/Archives/edgar/data/1375365/000119312509184698/0001193125-09-184698-index.htm,https://www.sec.gov/Archives/edgar/data/1375365/000119312509184698/d10k.htm,0.3569910059104215,0.0068186661477386,0.0242065539960644,0.0218873978253746,0.2042765962716499,0.5165240816969318,0.5165240816969318,0.5165240816969318,0.0298482917629168,264894623.21,204701623.21,28.08467167196777,2.145712321369266,31.644322447736236,34.9973078623332,1.4829899072342714,1.4829899072342714,1.6581340527164186,42.7530541374269,24.45366422291244,27.04473817016779,0.0089016529343846,0.0285736264038833,0.0565551835720124,0.0356790930121673,-12.571637426900583,2.4712515865260416,16.927272727272726,3.5500424088210347,0.0,0.0,0.0309672506945963,0.0715737973155775,0.0,0.0958069525743638,0.0064963994394627,0.7940594059405941,0.0136327185244587,0.28150509512808,0.0126912991578182,0.0083281826690448,0.1313786066258147,130987000.0,178622000.0,115505000.0,175947000.0,44240000.0,67019500.0,86486500.0,33.322884012539184,64.25250975747102,78.68075108254529,2.700846660395108,1.4007234945329925,1.143863000310959,0.0132010614593947,0.0023191561706897,2009-08-05,0.06,amc,123500000.0,2025-05-07,2009-06-30,0.0,0.95528125,1252350.9375
2009-03-31,SMCI,USD,1375365,2009-05-11,2009-05-08 18:24:12,2009,Q3,109540000.0,93213000.0,16327000.0,0.1490505751,8632000,3281000.0,3999000.0,7280000.0,0.0,15912000.0,109125000.0,50000.0,208000.0,955000.0,1420000.0,0.0129633011,415000.0,0.0037885704,-158000.0,257000.0,0.0023461749,-974000.0,1231000.0,0.011237904,0.003,0.003,346843690,381256580,https://www.sec.gov/Archives/edgar/data/1375365/000119312509105677/0001193125-09-105677-index.htm,https://www.sec.gov/Archives/edgar/data/1375365/000119312509105677/d10q.htm,0.3158194978262398,0.0035491491859056,0.0099699089235269,0.0092721882874674,0.1809431793324537,0.5038061958111448,0.5038061958111448,0.5038061958111448,0.0300394682111702,170647095.48,118156095.48,34.65619323314378,1.5578518849735254,49.348494933487565,53.06190779850746,0.9765659971844204,0.9765659971844204,1.0786570702939564,83.20851794366196,34.16891135916715,36.7400794402985,0.0072137178575317,0.0188459111533891,0.0584347209028167,0.0381363211951447,-36.96549295774648,2.605526933278923,1.995192307692308,2.809098294069862,0.0,0.0,0.0299525287566185,0.0788022640131458,0.0,0.0699826489300173,0.0022092386342888,0.2534031413612565,0.0130819791856855,0.2005788507511196,0.0104792111150837,0.0045975723622782,0.1248220776338759,125899000.0,174742000.0,111307000.0,171360000.0,41179000.0,63031500.0,86035500.0,35.14140953076502,58.42135753596601,80.07048373081008,2.5610811063571117,1.5405325003718575,1.1240096950403358,0.0070446715729475,0.0006977206360594,2009-04-29,0.08,bmo,292000000.0,2025-05-07,2009-03-31,-0.625,0.797765625,715912.65625
2008-12-31,SMCI,USD,1375365,2009-02-06,2009-02-06 17:10:04,2009,Q2,128565000.0,104473000.0,24092000.0,0.1873915918,8961000,7857000.0,4292000.0,7857000.0,0.0,16818000.0,121291000.0,154000.0,111000.0,876000.0,8304000.0,0.0645898962,7274000.0,0.0565783845,-111000.0,7163000.0,0.055715008,1817000.0,5346000.0,0.0415820791,0.015,0.014,344432330,385497650,https://www.sec.gov/Archives/edgar/data/1375365/000119312509021384/0001193125-09-021384-index.htm,https://www.sec.gov/Archives/edgar/data/1375365/000119312509021384/d10q.htm,0.3732663539453453,0.0155211910566002,-0.0078854386288302,-0.0110558727167104,0.1752274532416861,0.4986349568288203,0.5408987013501316,0.4986349568288203,0.0301917070328444,218025664.89,168016664.89000002,10.195738163580248,1.6958399633648351,-80.27454524668632,-57.25463888918067,1.269465751109196,1.269465751109196,1.306861625559056,20.233220723747596,-61.86180592415317,-44.12202334296219,0.0245200490625597,-0.0174658336756878,0.059902414030021,0.0378821632011311,-6.022278420038536,2.450394535390413,65.53153153153153,-0.5080433969322858,0.0,0.0,0.0611130556527826,0.0697001516742503,-0.0536013462012894,-0.4020618556701031,0.0084937580212343,1.2465753424657535,0.0103916306926457,0.4172968843999372,0.0290284529944371,0.0186834232672575,0.1009842775212187,123153000.0,186303000.0,108230000.0,154362000.0,42893500.0,76214000.0,94997500.0,27.712285614280717,56.474304365721295,76.79285557033876,3.247657059135575,1.5936451278296415,1.1719840254874243,0.0311273625004366,0.0031704340878801,2009-01-28,0.14,bmo,128600000.0,2025-05-07,2008-12-31,0.0,0.6446825396825397,1355095.238095238
2008-09-30,SMCI,USD,1375365,2008-11-10,2008-11-10 14:15:22,2009,Q1,144051000.0,116215000.0,27836000.0,0.1932371174,8085000,7911000.0,4756000.0,7911000.0,0.0,15996000.0,132211000.0,218000.0,19000.0,812000.0,11840000.0,0.0821931122,11840000.0,0.0821931122,-19000.0,11821000.0,0.0820612144,4649000.0,7172000.0,0.0497879223,0.022,0.018,330282940,392989930,https://www.sec.gov/Archives/edgar/data/1375365/000119312508231465/0001193125-08-231465-index.htm,https://www.sec.gov/Archives/edgar/data/1375365/000119312508231465/d10q.htm,0.43614423439491,0.0217147152680668,0.0384700463184686,0.0341555637115256,0.1962892785198048,0.4943337370074276,0.5400611972268383,0.4943337370074276,0.0314518212778413,297584928.94,243179928.94,10.373150060652538,2.065830358275889,23.420819214544316,26.379304045740625,1.822655288417958,1.822655288417958,1.688151619495873,20.53884534966216,19.13898386116795,21.55659329314777,0.0241006828724382,0.0379085057841572,0.0635082991363998,0.036187930143928,-4.595016891891892,2.0514141898370086,623.1578947368421,1.771611823759063,0.0,0.0,0.0549180498573421,0.056125955390799,-0.0527096449960213,0.1121517393357468,0.0098923297998625,1.7549261083743843,0.0083928608617781,0.491448998164208,0.040264153468621,0.0237770815720987,0.080674769335649,114049000.0,178373000.0,99259000.0,144963000.0,47850500.0,83917000.0,93268000.0,28.864777058125245,67.27599707438799,78.10325689454889,3.117987012987013,1.3377728151763515,1.1523207043915402,0.0439272370919336,0.004314482606943,2008-10-29,0.15,bmo,120083333.0,2025-05-07,2008-09-30,0.2,0.5238852459016393,1158620.3278688523
2008-06-30,SMCI,USD,1375365,2008-09-02,2008-09-02 15:53:18,2008,Q4,148866000.0,120439000.0,28427000.0,0.190956968,8794000,9055000.0,5300000.0,9055000.0,0.0,17849000.0,138288000.0,239000.0,38000.0,743000.0,11321000.0,0.0760482582,10578000.0,0.0710571924,-38000.0,10540000.0,0.0708019293,3692000.0,6848000.0,0.0460011017,0.0213,0.0175,321916250,390710720,https://www.sec.gov/Archives/edgar/data/1375365/000119312508188476/0001193125-08-188476-index.htm,https://www.sec.gov/Archives/edgar/data/1375365/000119312508188476/d10k.htm,0.462437046902727,0.0212726136067999,0.0285509041559722,0.0253544205985252,0.1600975408976713,0.4717717729378371,0.521803419367615,0.4717717729378371,0.0326296047496825,237574192.5,196559192.5,8.673123265917056,1.595892900326468,25.848568436513983,29.107350220534183,1.564315718603288,1.564315718603288,1.3203766642483843,17.36235248652946,21.38605075617452,24.082233827493265,0.0288246796840107,0.0343555834668363,0.0689137491687023,0.0395862095050778,-3.6229131702146455,2.050271307095014,278.3684210526316,1.342143691588785,0.0,0.0,0.0608265151209812,0.0590732605161689,-0.0609187359343381,0.1119573495811119,0.0069122566603522,1.3849259757738897,0.008860317332366,0.4751904032246283,0.0410871530872698,0.024414330584582,0.0589943813025903,102392000.0,167977000.0,87369000.0,131888000.0,45821000.0,80359000.0,89530500.0,29.926846963040585,60.50017021064606,64.02801418145286,3.007333185188178,1.4875991205750847,1.405634723340686,0.0450908995134028,0.003196483557447,2008-08-06,0.15,bmo,124083333.0,2025-05-07,2008-06-30,0.2,0.619203125,2033173.59375
2008-03-31,SMCI,USD,1375365,2008-05-15,2008-05-15 16:31:18,2008,Q3,136755000.0,111929000.0,24826000.0,0.1815363241,8050000,8505000.0,4602000.0,8505000.0,0.0,16555000.0,128484000.0,0.0,0.0,784000.0,8271000.0,0.0604804212,8271000.0,0.0604804212,79000.0,8350000.0,0.0610580966,3326000.0,5024000.0,0.0367372308,0.016,0.013,317599580,389612840,https://www.sec.gov/Archives/edgar/data/1375365/000119312508116480/0001193125-08-116480-index.htm,https://www.sec.gov/Archives/edgar/data/1375365/000119312508116480/d10q.htm,0.4305893603511692,0.0158186607173724,0.0024433281681291,-0.0054471104779168,0.1316437509142801,0.4514741486748817,0.5067764888102182,0.4514741486748817,0.0329093634191833,265195649.3,234293649.3,13.196439555135347,1.939202583452159,341.74697074742267,-153.29228283236992,1.849496814935699,1.849496814935699,1.7132364396182953,28.327124809575626,301.92480579896903,-135.4298550867052,0.0189445038531407,-0.0065234856022956,0.0728931291321449,0.0412057369487569,-3.736186676339016,1.9556550975232845,0.0,0.1544585987261146,0.0,0.0,0.0621915103652517,0.0588643925267814,-0.0692439307087607,3.229381443298969,0.0183247413257284,3.196428571428572,0.007612153120544,0.4008598490276022,0.0314520397974402,0.018523844287621,0.0309784729564188,91525000.0,160952000.0,77031000.0,119525000.0,43957500.0,87185000.0,93021500.0,27.73346495557749,64.13029688463223,75.0834904269671,3.245176906100947,1.4033928481869702,1.1986656385872476,0.0350377995369208,0.007890438646046,2008-04-29,0.14,bmo,147323076.0,2025-05-07,2008-03-31,-0.0714285714285714,0.89909375,2098420.15625
2007-12-31,SMCI,USD,1375365,2008-02-14,2008-02-14 15:42:48,2008,Q2,136933000.0,109678000.0,27255000.0,0.1990389461,6987000,8032000.0,4560000.0,8032000.0,0.0,15019000.0,124697000.0,0.0,0.0,600000.0,12236000.0,0.089357569,12236000.0,0.089357569,206000.0,12442000.0,0.0908619544,4702000.0,7740000.0,0.0565239935,0.025,0.02,308175520,387411510,https://www.sec.gov/Archives/edgar/data/1375365/000119312508031320/0001193125-08-031320-index.htm,https://www.sec.gov/Archives/edgar/data/1375365/000119312508031320/d10q.htm,0.4443344494072728,0.0251155575238422,0.0147188848744377,-0.0241226168775508,0.2100458855395133,0.4347425129679346,0.4347425129679346,0.4347425129679346,0.0341850644074519,236370623.84,201505623.84,7.634710072351421,1.7261772095842494,52.10992589065256,-31.795886984126984,1.7642627006127918,1.7642627006127918,1.4715636394441076,16.46825954887218,44.423638412698416,-27.10594886198547,0.0327451858198725,-0.0314506087060636,0.0786328996768102,0.040807867958367,-2.849378881987578,1.9304837610719965,0.0,0.586046511627907,0.0,0.0,0.0586564232142726,0.0510249538095272,0.0,2.638888888888889,0.0874150131816289,19.95,0.0068500653604317,0.495654126716789,0.0512772419741839,0.0299812907449227,0.0688244153851026,102423000.0,133977000.0,88314000.0,146821000.0,43214500.0,82379000.0,83046000.0,30.085224160720937,77.63872426557741,76.03940626196685,2.9915017258705814,1.159215338110639,1.1835968272810662,0.057771109966636,0.0388415017519886,2008-01-30,0.18,bmo,123209999.0,2025-05-07,2007-12-31,0.1111111111111112,0.75790625,1947177.65625
2007-09-30,SMCI,USD,1375365,2007-11-13,2007-11-13 12:46:23,2008,Q1,117949000.0,94904000.0,23045000.0,0.1953810545,6706000,7153000.0,3729000.0,7153000.0,0.0,13859000.0,108763000.0,0.0,0.0,537000.0,9186000.0,0.0778811181,9186000.0,0.0778811181,286000.0,9472000.0,0.0803058949,3665000.0,5807000.0,0.0492331431,0.019,0.015,302917430,386192630,https://www.sec.gov/Archives/edgar/data/1375365/000119312507244710/0001193125-07-244710-index.htm,https://www.sec.gov/Archives/edgar/data/1375365/000119312507244710/d10q.htm,0.3893767354357919,0.0191702405503704,0.0132016173516327,0.0112869041573474,0.2290063004958149,0.4025354368020354,0.4025354368020354,0.4025354368020354,0.0382810589671251,296556163.97,257837163.97,12.767184603495782,2.514274508219654,74.1575803875969,86.7376905440187,2.4320840117275595,2.4320840117275595,2.1860055106020395,28.068491614413237,64.47540984496123,75.41303421175782,0.0195814510218288,0.0115290134395785,0.0950998482798212,0.0513101885857397,-4.215001088613107,2.1513360105893704,0.0,0.6886516273463061,0.0,0.0,0.0606448549796946,0.0568550814335009,0.0,0.1450362590647662,0.0049173795453967,1.080074487895717,0.0073760693180951,0.4166842641074028,0.0410288570753055,0.0256949176541385,0.1073287529212168,102637000.0,121935000.0,87720000.0,135395000.0,37040500.0,65798500.0,70099500.0,31.02145842694724,66.51943016100479,69.63278681615105,2.901217562415447,1.352988138686131,1.2924945864600217,0.0476237339566162,0.0019147131942853,2007-10-31,0.15,bmo,117900000.0,2025-05-07,2007-09-30,0.0,0.8840655737704918,1380886.0655737706
2007-06-30,SMCI,USD,1375365,2007-08-28,2007-08-28 15:27:31,2007,Q4,110945000.0,91003000.0,19942000.0,0.1797467213,5534000,6296000.0,9101000.0,6296000.0,120000.0,11830000.0,102833000.0,0.0,0.0,461000.0,8573000.0,0.0772725224,8112000.0,0.0731173104,283000.0,8395000.0,0.0756681238,2894000.0,5501000.0,0.0495831268,0.0202,0.0152,272222560,362826685,https://www.sec.gov/Archives/edgar/data/1375365/000119312507190775/0001193125-07-190775-index.htm,https://www.sec.gov/Archives/edgar/data/1375365/000119312507190775/d10k.htm,0.407552555526625,0.0202077300279594,0.0199175263064163,0.0184481403745523,0.2421511281063553,0.4256517167423596,0.4256517167423596,0.4256517167423596,0.0430272935498071,272222560.0,233071560.0,12.371503363024903,2.4536712785614494,50.20703799336038,54.20600557546794,2.349338580502624,2.349338580502624,2.1007847131461537,27.18669777207512,42.98627074880118,46.41010752688172,0.0202077300279594,0.0184481403745523,0.1010856807511737,0.0569745552891046,-4.566779423772308,2.212522315735782,0.0,0.9856389747318668,0.0,0.0,0.056748839515075,0.0498805714543242,0.0,0.0737735153080044,0.0036053900581369,0.8676789587852495,0.0157375276037676,0.4399235581348302,0.0416628781480344,0.0267580490604767,0.1273351481229182,95086000.0,115872000.0,83795000.0,126175000.0,33101500.0,63815000.0,69884000.0,27.115597818739012,60.77568871355889,66.0360647451183,3.319122838508945,1.4808552877809058,1.3628916312226682,0.0474747997790665,0.0014693859318639,2007-08-28,,amc,,2025-05-07,2007-06-30,,0.911484375,1188305.9375
2007-03-31,SMCI,USD,1375365,2007-05-11,2007-05-11 14:20:12,2007,Q3,105659000.0,87592000.0,18067000.0,0.170993479,5143000,3278000.0,3485000.0,6763000.0,0.0,11906000.0,99498000.0,69000.0,300000.0,432000.0,6161000.0,0.0583102244,6161000.0,0.0583102244,-300000.0,5861000.0,0.0554709017,1790000.0,4071000.0,0.0385296094,0.018,0.013,222773390,324341820,https://www.sec.gov/Archives/edgar/data/1375365/000119312507111567/0001193125-07-111567-index.htm,https://www.sec.gov/Archives/edgar/data/1375365/000119312507111567/d10q.htm,0.4742891419841481,0.0182741753851301,-0.0013107490082186,-0.0047133097898272,0.0934941107643062,0.2895408648223201,0.2895408648223201,0.2895408648223201,0.0865453454741609,200273277.61,198425277.61,12.298776566568412,1.8954682290197715,-685.8673890753424,-190.7364548666667,3.104915779510713,3.104915779510713,1.8779780010221565,32.20666736081805,-679.5386219520549,-188.97645486666667,0.0203272251225029,-0.0052428362511982,0.2942544417227373,0.1137841937088971,-0.2999513066060704,1.6147423664122138,20.536666666666665,-0.0717268484401866,0.0,0.0,0.0310243329957694,0.0486754559479078,0.0,-2.595890410958904,0.0071740220899308,1.7546296296296295,0.006473655817299,0.3450365375736606,0.0510775275118556,0.0244054506105858,-0.0915560426673939,51540000.0,64502000.0,33075000.0,82705000.0,31968000.0,71298500.0,73830000.0,27.919344305738267,67.99627819892227,75.00273997625354,3.223571406779144,1.3236018556295994,1.1999561619814785,0.063114322036526,0.0034025607816086,2007-08-07,0.12,bmo,95057142.0,2025-05-07,2007-03-31,0.1666666666666668,0.9226980952380952,1349229.2063492064
2006-12-31,SMCI,USD,1375365,2006-12-31,2006-12-31 00:00:00,2007,Q2,113602000.0,94587000.0,19015000.0,0.1673826165,5557000,0.0,0.0,6034000.0,0.0,11591000.0,106178000.0,0.0,277000.0,401000.0,7825000.0,0.0688808296,7424000.0,0.0653509621,-277000.0,7147000.0,0.0629126248,2189000.0,4958000.0,0.0436435978,0.022,0.015,222121560,323903100,,,0.5114406723957818,0.0223211110168684,0.0327703443105658,0.029488357636242,0.097631224992297,0.2641211415947195,0.2641211415947195,0.2641211415947195,0.0876411997106449,194578486.56,192136486.56,9.811339580475998,1.712808635059242,26.731485995329027,29.70663916946565,3.316659903523276,3.316659903523276,1.6913125346384748,24.554183585942493,26.396000351696664,29.33381474198473,0.0254807203388908,0.0336625087171713,0.327100414202192,0.113837921849881,-0.3120766773162939,1.5040512241384982,26.8014440433213,1.4681323114158935,0.0,0.0,0.0,0.0489163923170366,0.0,0.1001511196592938,0.0064171405433002,1.8179551122194515,0.0,0.3642090605371447,0.0658495580841998,0.0294115902309385,-0.1238904949163872,45973000.0,58667000.0,27274000.0,77156000.0,28868000.0,72763000.0,76325000.0,24.68539286280171,72.71400932474864,71.04316660851913,3.64588080490388,1.2377257262496728,1.2668354226936676,0.0845108834608894,0.0032819866743237,2006-12-31,,amc,,2025-05-07,2006-12-31,,1.0326190476190478,1982410.634920635
2006-09-30,SMCI,USD,1375365,2006-09-30,2006-09-30 00:00:00,2007,Q1,90187000.0,72202000.0,17985000.0,0.199418985,4937000,0.0,0.0,4960000.0,-120000.0,9777000.0,81979000.0,0.0,153000.0,346000.0,8554000.0,0.0948473727,8208000.0,0.0910108996,-273000.0,7935000.0,0.0879838558,3126000.0,4809000.0,0.0533225409,0.022,0.015,221906020,322147660,,,0.4064197987959047,0.0216713363612217,0.0116265435250472,0.00642163741209,0.0770731681817374,0.2382855589046209,0.2382855589046209,0.2382855589046209,0.0875280445298419,194389673.52,196609673.52,10.105514323144105,2.155406804971892,75.34483469767441,136.41380597894738,3.676261390018345,3.676261390018345,2.180022326055862,22.984530455927057,76.20529981395349,137.97170071578947,0.0247389684488832,0.0073306363151712,0.3644306598331978,0.1204608392876119,0.2595277063362169,1.4649203379259512,53.64705882352941,0.5364940736119775,0.0,0.0,0.0,0.0547418142304323,0.0,0.4476744186046512,0.0128067238072005,3.338150289017341,0.0,0.3408654370620239,0.0685705619652543,0.0300620745269395,-0.1399838093621795,40999000.0,52877000.0,22092000.0,71571000.0,24414500.0,60562500.0,67799000.0,26.521893399270404,86.14082712390238,97.20977258247692,3.39342288444896,1.044800740890805,0.9258328417921166,0.0909469145375115,0.0052049061129571,2006-09-30,,amc,,2025-05-07,2006-09-30,,0.8875,32496500.0
2006-06-30,SMCI,USD,1375365,2006-06-30,2006-06-30 00:00:00,2006,Q4,82949000.0,0.0,82949000.0,1.0,0,0.0,0.0,0.0,-274918000.0,-274918000.0,-274918000.0,0.0,0.0,0.0,-191969000.0,-2.3143015588,-191969000.0,-2.3143015588,0.0,0.0,0.0,-196937000.0,4968000.0,0.0598922229,0.0225,0.0155,221005940,320308150,,,0.3753247537147644,0.0224790338214438,,,0.0749391622686702,0.2161344622682992,0.2161344622682992,0.2161344622682992,0.0880790805894176,193601203.44,196558203.44,9.742411606280193,2.333978751280908,0.0,0.0,4.053032500261687,4.053032500261687,2.369627161749991,-1.0239059610666306,0.0,0.0,0.0256609975130638,,0.407519835869952,0.148594285539805,-0.0154035286947371,1.5771694907328022,0.0,0.0,,,0.0,0.0,0.0,0.0,,0.0,,0.3306298723110866,,0.037923374630728,-0.0958209539526403,37026000.0,47767000.0,17943000.0,66631000.0,,,,24.143509867508957,0.0,0.0,3.727709868775841,0.0,0.0,0.1040048569095819,,2006-06-30,,amc,,2025-05-07,2006-06-30,,,
2006-03-31,SMCI,USD,1375365,2006-03-31,2006-03-31 00:00:00,2006,Q3,82950000.0,0.0,82950000.0,1.0,0,0.0,0.0,0.0,0.0,0.0,0.0,0.0,0.0,0.0,82950000.0,1.0,82950000.0,1.0,0.0,0.0,0.0,77982000.0,4968000.0,0.0598915009,0.0225,0.015,220105860,318468640,,,0.3768641143856869,0.0225709574474755,,,,,,,,192812733.36,,9.702734166666668,2.3244452484629297,0.0,0.0,0.0,0.0,,,0.0,0.0,0.0257659331592186,,0.0,0.0,,0.0,0.0,0.0,,,0.0,0.0,0.0,0.0,,0.0,,,0.0,0.0,,,,,,,,,,0.0,0.0,0.0,0.0,0.0,0.0,,2006-03-31,,amc,,2025-05-07,2006-03-31,,,
2005-12-31,SMCI,USD,1375365,2005-12-31,2005-12-31 00:00:00,2006,Q2,68321000.0,0.0,68321000.0,1.0,0,0.0,0.0,0.0,0.0,0.0,0.0,0.0,0.0,0.0,68321000.0,1.0,68321000.0,1.0,0.0,0.0,0.0,64815000.0,3506000.0,0.0513165791,0.016,0.0115,219608180,300210220,,,0.3111040763599971,0.0159647969397132,,,,,,,,192376765.68,,13.717681523103252,2.8157779552407023,0.0,0.0,0.0,0.0,,,0.0,0.0,0.0182246540407685,,0.0,0.0,,0.0,0.0,0.0,,,0.0,0.0,0.0,0.0,,0.0,,,0.0,0.0,,,,,,,,,,0.0,0.0,0.0,0.0,0.0,0.0,,2005-12-31,,amc,,2025-05-07,2005-12-31,,,
2005-09-30,SMCI,USD,1375365,2005-09-30,2005-09-30 00:00:00,2006,Q1,68321000.0,0.0,68321000.0,1.0,0,0.0,0.0,0.0,0.0,0.0,0.0,0.0,0.0,0.0,68321000.0,1.0,68321000.0,1.0,0.0,0.0,0.0,64815000.0,3506000.0,0.0513165791,0.016,0.0115,219608180,300210220,,,0.3111040763599971,0.0159647969397132,,,,,,,,192376765.68,,13.717681523103252,2.8157779552407023,0.0,0.0,0.0,0.0,,,0.0,0.0,0.0182246540407685,,0.0,0.0,,0.0,0.0,0.0,,,0.0,0.0,0.0,0.0,,0.0,,,0.0,0.0,,,,,,,,,,0.0,0.0,0.0,0.0,0.0,0.0,,2005-09-30,,amc,,2025-05-07,2005-09-30,,,
2005-06-30,SMCI,USD,1375365,2005-06-30,2005-06-30 00:00:00,2005,Q4,52940000.0,0.0,52940000.0,1.0,0,0.0,0.0,0.0,-200301000.0,-200301000.0,-200301000.0,0.0,0.0,0.0,-147361000.0,-2.7835474122,-147361000.0,-2.7835474122,0.0,0.0,0.0,-149132000.0,1771000.0,0.0334529656,0.0081,0.006,219377550,297317210,,,0.2413191322448445,0.0080728406347869,,,0.0589713942926247,0.1327711062503888,0.1327711062503888,0.1327711062503888,0.0596050051611935,192174733.8,194080733.8,27.12799743083004,3.6300478617302607,0.0,0.0,6.59782105263158,6.59782105263158,3.6660508840196457,-1.3170427304374972,0.0,0.0,0.0092155715008983,,0.448930545541937,0.1458365862907363,-0.0129342227590746,1.4824973161849833,0.0,0.0,,,0.0,0.0,0.0,0.0,,0.0,,0.1552945574945703,,0.0197519573509401,-0.0783728781728121,22922000.0,29127000.0,9894000.0,41999000.0,,,,22.98961088024178,0.0,0.0,3.914811802114915,0.0,0.0,0.0608026916606584,,2005-06-30,,amc,,2025-05-07,2005-06-30,,,
2005-03-31,SMCI,USD,1375365,2005-03-31,2005-03-31 00:00:00,2005,Q3,52941000.0,0.0,52941000.0,1.0,0,0.0,0.0,0.0,0.0,0.0,0.0,0.0,0.0,0.0,52941000.0,1.0,52941000.0,1.0,0.0,0.0,0.0,51168000.0,1773000.0,0.0334901116,0.008,0.006,219146920,294424200,,,0.2415776594076704,0.0080904627817721,,,,,,,,191972701.92,,27.068908900169205,3.626163123477078,0.0,0.0,0.0,0.0,,,0.0,0.0,0.0092356881070458,,0.0,0.0,,0.0,0.0,0.0,,,0.0,0.0,0.0,0.0,,0.0,,,0.0,0.0,,,,,,,,,,0.0,0.0,0.0,0.0,0.0,0.0,,2005-03-31,,amc,,2025-05-07,2005-03-31,,,
2004-12-31,SMCI,USD,1375365,2004-12-31,2004-12-31 00:00:00,2005,Q2,52941000.0,0.0,52941000.0,1.0,0,0.0,0.0,0.0,0.0,0.0,0.0,0.0,0.0,0.0,52941000.0,1.0,52941000.0,1.0,0.0,0.0,0.0,51168000.0,1773000.0,0.0334901116,0.008,0.006,219146920,294424200,,,0.2415776594076704,0.0080904627817721,,,,,,,,191972701.92,,27.068908900169205,3.626163123477078,0.0,0.0,0.0,0.0,,,0.0,0.0,0.0092356881070458,,0.0,0.0,,0.0,0.0,0.0,,,0.0,0.0,0.0,0.0,,0.0,,,0.0,0.0,,,,,,,,,,0.0,0.0,0.0,0.0,0.0,0.0,,2004-12-31,,amc,,2025-05-07,2004-12-31,,,
2004-09-30,SMCI,USD,1375365,2004-09-30,2004-09-30 00:00:00,2005,Q1,52941000.0,0.0,52941000.0,1.0,0,0.0,0.0,0.0,0.0,0.0,0.0,0.0,0.0,0.0,52941000.0,1.0,52941000.0,1.0,0.0,0.0,0.0,51168000.0,1773000.0,0.0334901116,0.008,0.006,219146920,294424200,,,0.2415776594076704,0.0080904627817721,,,,,,,,191972701.92,,27.068908900169205,3.626163123477078,0.0,0.0,0.0,0.0,,,0.0,0.0,0.0092356881070458,,0.0,0.0,,0.0,0.0,0.0,,,0.0,0.0,0.0,0.0,,0.0,,,0.0,0.0,,,,,,,,,,0.0,0.0,0.0,0.0,0.0,0.0,,2004-09-30,,amc,,2025-05-07,2004-09-30,,,
