date,symbol,reportedCurrency,cik,fillingDate,acceptedDate,calendarYear,period,revenue,costOfRevenue,grossProfit,grossProfitRatio,researchAndDevelopmentExpenses,generalAndAdministrativeExpenses,sellingAndMarketingExpenses,sellingGeneralAndAdministrativeExpenses,otherExpenses,operatingExpenses,costAndExpenses,interestIncome,interestExpense,depreciationAndAmortization,ebitda,ebitdaratio,operatingIncome,operatingIncomeRatio,totalOtherIncomeExpensesNet,incomeBeforeTax,incomeBeforeTaxRatio,incomeTaxExpense,netIncome,netIncomeRatio,eps,epsdiluted,weightedAverageShsOut,weightedAverageShsOutDil,link,finalLink,revenuePerShare,netIncomePerShare,operatingCashFlowPerShare,freeCashFlowPerShare,cashPerShare,bookValuePerShare,tangibleBookValuePerShare,shareholdersEquityPerShare,interestDebtPerShare,marketCap,enterpriseValue,peRatio,priceToSalesRatio,pocfratio,pfcfRatio,pbRatio,ptbRatio,evToSales,enterpriseValueOverEBITDA,evToOperatingCashFlow,evToFreeCashFlow,earningsYield,freeCashFlowYield,debtToEquity,debtToAssets,netDebtToEBITDA,currentRatio,interestCoverage,incomeQuality,dividendYield,payoutRatio,salesGeneralAndAdministrativeToRevenue,researchAndDdevelopementToRevenue,intangiblesToTotalAssets,capexToOperatingCashFlow,capexToRevenue,capexToDepreciation,stockBasedCompensationToRevenue,grahamNumber,roic,returnOnTangibleAssets,grahamNetNet,workingCapital,tangibleAssetValue,netCurrentAssetValue,investedCapital,averageReceivables,averagePayables,averageInventory,daysSalesOutstanding,daysPayablesOutstanding,daysOfInventoryOnHand,receivablesTurnover,payablesTurnover,inventoryTurnover,roe,capexPerShare,report_date,epsEstimated,time,revenueEstimated,updatedFromDate,fiscalDateEnding,surprise(%),QuarterAvgPrice,QuarterAvgVolume
2025-03-31,SO,USD,92122,2025-05-01,2025-04-30 17:36:57,2025,Q1,7775000000.0,4034000000.0,3741000000.0,0.4811575563,0,0.0,0.0,0.0,1731000000.0,1731000000.0,5765000000.0,0.0,714000000.0,1411000000.0,3675000000.0,0.4726688103,2010000000.0,0.2585209003,-460000000.0,1550000000.0,0.1993569132,280000000.0,1334000000.0,0.1715755627,1.2127272727272729,1.2072398190045248,1100000000,1105000000,https://www.sec.gov/Archives/edgar/data/92122/000009212225000042/0000092122-25-000042-index.htm,https://www.sec.gov/Archives/edgar/data/3153/000009212225000042/so-20250331.htm,7.068181818181818,1.2127272727272729,1.1363636363636365,-1.079090909090909,0.0,-100.80545454545457,-100.80545454545457,30.762727272727272,63.74545454545454,101145000000.0,171265000000.0,18.95520989505248,13.009003215434085,80.916,-85.2106149957877,2.9890067673394607,2.9890067673394607,22.02765273311897,80.70923656927427,137.012,-144.2839090143218,0.0131889861090513,-0.0117356270700479,2.0721652531103163,0.0,33.044297832233745,0.0,0.0,0.984251968503937,0.0072766819912007,0.5517241379310345,0.0,0.0,0.0,0.0,0.0,0.0,-0.0029581993569131,28.97245179148491,-0.2036230496793337,0.0,-100.80545454545457,-13770000000.0,-110886000000.0,-110886000000.0,-13770000000.0,2144500000.0,3397500000.0,1684500000.0,0.0,125.65884476534296,0.0,0.0,0.7162249515190692,0.0,0.0394219687343006,0.0,2025-05-01,1.2,bmo,7154269072.0,2025-05-11,2025-03-31,0.025,86.56508333333333,5081294.866666666
2024-12-31,SO,USD,92122,2025-02-20,2025-02-19 17:55:26,2024,Q4,6341000000.0,3680000000.0,2661000000.0,0.4196498975,0,0.0,0.0,0.0,1603000000.0,1603000000.0,5283000000.0,0.0,693000000.0,1350000000.0,2529000000.0,0.3988329916,1058000000.0,0.1668506545,-513000000.0,545000000.0,0.0859485886,79000000.0,534000000.0,0.0842138464,0.49,0.48,1098000000,1102000000,https://www.sec.gov/Archives/edgar/data/92122/000009212225000018/0000092122-25-000018-index.htm,https://www.sec.gov/Archives/edgar/data/3153/000009212225000018/so-20241231.htm,5.77504553734062,0.4863387978142076,1.9790528233151183,-0.5245901639344263,0.9744990892531876,33.400728597449906,28.39799635701275,30.24408014571949,60.99271402550091,90387360000.0,155594360000.0,42.316179775280894,14.25443305472323,41.59565577542568,-156.9225,2.72185497470489,2.72185497470489,24.53782684119224,61.52406484776592,71.6034790612057,-270.12909722222224,0.0059079057071696,-0.006372572448183,1.995814261623705,0.4565160490425679,25.783708975879797,0.6686675420496467,1.5266955266955269,4.663090128755365,0.0081206044738998,1.3745318352059923,0.0,0.0,0.0378357900537264,1.2650713299585823,0.4335278347263838,2.0378057820607856,0.0018924459864374,18.192019281239222,0.0066791087919648,0.0038228324754629,-93.38319672131148,-5299000000.0,31181000000.0,-97812000000.0,106937000000.0,4353000000.0,3825500000.0,3377000000.0,60.87525626872733,90.51358695652172,82.39402173913044,1.4784332012124035,0.9943258578762496,1.0923122588305134,0.0160804625391471,2.5036429872495445,2025-02-20,0.506,bmo,5902298727.0,2025-05-11,2024-12-31,-0.0118577075098814,87.7328125,4077969.09375
2024-09-30,SO,USD,92122,2024-10-31,2024-10-30 18:17:34,2024,Q3,7274000000.0,3321000000.0,3953000000.0,0.5434423976,0,0.0,0.0,152000000.0,1433000000.0,1585000000.0,4906000000.0,0.0,692000000.0,1344000000.0,3900000000.0,0.5361561727,2368000000.0,0.32554303,-456000000.0,1912000000.0,0.2628540005,377000000.0,1535000000.0,0.2110255705,1.4,1.39,1097000000,1103000000,https://www.sec.gov/Archives/edgar/data/92122/000009212224000089/0000092122-24-000089-index.htm,https://www.sec.gov/Archives/edgar/data/3153/000009212224000089/so-20240930.htm,6.63081130355515,1.3992707383773928,3.2962625341841387,1.1896080218778486,0.9279854147675478,33.641750227894256,28.626253418413857,30.353691886964448,59.95806745670009,98927460000.0,162991460000.0,16.11196416938111,13.600145724498212,27.35825774336283,75.80648275862069,2.9709730314132985,2.9709730314132985,22.40740445422051,41.79268205128205,45.07507190265487,124.8976704980843,0.0155164198090196,0.0131914839418701,1.9545318037119344,0.4520964739225874,16.426666666666666,0.9075215782983972,3.421965317919075,2.355700325732899,0.0074094695244374,0.4775244299674267,0.0,0.0,0.0382200116702325,0.6391039823008849,0.3177069012922738,1.7194940476190477,0.0031619466593346,30.913479896817407,0.0141500525939977,0.0110867147211348,-92.09457611668186,-1125000000.0,31403000000.0,-96011000000.0,109346000000.0,4346500000.0,3197500000.0,3336000000.0,54.65081110805609,107.0460704607046,91.73441734417344,1.6468191079918495,0.8407594936708861,0.98109305760709,0.0460988647966844,2.10665451230629,2024-10-31,1.34,bmo,7141813743.0,2025-04-25,2024-09-30,0.0671641791044775,85.4209375,4143755.859375
2024-06-30,SO,USD,92122,2024-06-30,2024-06-28 20:00:00,2024,Q2,6463000000.0,4167000000.0,2296000000.0,0.3552529785,0,0.0,0.0,153000000.0,-384000000.0,384000000.0,4551000000.0,0.0,694000000.0,1310000000.0,3475000000.0,0.5376760019,1912000000.0,0.2958378462,-461000000.0,1478000000.0,0.2286863686,290000000.0,1203000000.0,0.1861364691,1.1,1.09,1096000000,1102000000,,,5.896897810218978,1.0976277372262773,2.452554744525548,0.3822992700729927,1.0930656934306568,32.94799270072993,27.91970802919708,29.60675182481752,60.41332116788321,84392000000.0,148713000000.0,17.5378221113882,13.057713136314405,31.39583333333333,201.4128878281623,2.600758112730747,2.600758112730747,23.009902522048584,42.79510791366906,55.324776785714285,354.9236276849642,0.0142549056782633,0.0049649255853635,2.019137723812752,0.4616062055700768,18.509640287769784,0.9139507815098104,2.755043227665706,2.2344139650872816,0.0089344961607735,0.6267664172901081,0.0,0.0,0.0388270852561347,0.8441220238095238,0.3510753520037134,1.7320610687022902,0.0021661766981278,27.040466347164287,0.0114488243414815,0.0088179672496444,-91.03786496350364,-1035000000.0,30600000000.0,-94833000000.0,107794000000.0,4111000000.0,2299500000.0,3277500000.0,59.54510289339317,52.80777537796976,70.99352051835854,1.5114593077642655,1.7042944785276073,1.267721326437481,0.0370735615889549,2.0702554744525545,2024-08-01,0.92,bmo,6099184161.0,2025-04-25,2024-06-30,0.1956521739130435,75.78079365079364,4708152.253968254
2024-03-31,SO,USD,92122,2024-05-02,2024-05-01 17:41:06,2024,Q1,6646000000.0,4569000000.0,2077000000.0,0.3125188083,0,0.0,0.0,153000000.0,-396000000.0,396000000.0,4965000000.0,0.0,665000000.0,1260000000.0,3181000000.0,0.4786337647,1681000000.0,0.2529340957,-409000000.0,1294000000.0,0.1947035811,223000000.0,1129000000.0,0.1698766175,1.03,1.03,1094000000,1100000000,https://www.sec.gov/Archives/edgar/data/92122/000009212224000042/0000092122-24-000042-index.htm,https://www.sec.gov/Archives/edgar/data/3153/000009212224000042/so-20240331.htm,6.074954296160877,1.0319926873857403,1.1983546617915906,-0.5457038391224863,0.7422303473491774,32.553930530164536,27.508226691042047,29.177330895795247,60.247714808043874,77783400000.0,142217400000.0,17.22395925597874,11.70379175443876,59.33135011441647,-130.29045226130654,2.4368233082706765,2.4368233082706765,21.398946734878123,44.70839358692235,108.48009153318078,-238.22010050251257,0.0145146650827811,-0.0076751594813289,2.044047619047619,0.4656437339423351,20.25589437283873,0.9201431314365508,2.5278195488721806,1.1612046058458814,0.0094236045223016,0.6492471213463242,0.0,0.0,0.0393948044533257,1.4553775743707094,0.2870899789346975,1.5142857142857142,0.0124887150165513,26.02869229797439,0.0104409350539809,0.0083878157503714,-90.58546617915906,-915000000.0,30094000000.0,-93963000000.0,106475000000.0,3954500000.0,2526000000.0,3310000000.0,53.43665362624135,42.429415627051874,64.37294812869337,1.6842372022301064,2.1211699164345403,1.3981028151774786,0.0353696741854636,1.7440585009140768,2024-05-02,0.91,bmo,6590796587.0,2025-04-25,2024-03-31,0.1318681318681318,69.03081967213114,4607904.4754098365
2023-12-31,SO,USD,92122,2023-12-31,2023-12-30 19:00:00,2023,Q4,6045000000.0,3557000000.0,2488000000.0,0.411579818,0,0.0,0.0,148000000.0,125000000.0,1281000000.0,4838000000.0,0.0,634000000.0,1287000000.0,2642000000.0,0.4370554177,1207000000.0,0.1996691481,-407000000.0,800000000.0,0.1323407775,4000000.0,855000000.0,0.141439206,0.78,0.78,1092000000,1092000000,,,5.535714285714286,0.782967032967033,1.6602564102564104,-0.6602564102564102,0.684981684981685,32.25732600732601,27.194139194139197,28.7948717948718,58.72161172161172,76571040000.0,139313040000.0,22.38919298245614,12.66683870967742,42.23444015444016,-106.20116504854369,2.4351558325912737,2.4351558325912737,23.045995037220845,52.73014383043149,76.8411693325979,-193.22196948682387,0.0111661014399177,-0.0094160925592756,2.019145146927872,0.4556774874220382,23.74791824375473,0.774634291230415,1.9037854889589905,2.277638190954774,0.009977662573213,0.8935672514619883,0.0,0.0,0.0396824827210025,1.3976833976833978,0.4191894127377998,1.968919968919969,0.0029776674937965,22.522706209793697,0.0091790930700031,0.0063900390128697,-90.39354395604396,-3035000000.0,29696000000.0,-93674000000.0,104435000000.0,3986000000.0,2920000000.0,3250000000.0,59.00248138957816,73.32583637897103,84.81304470059038,1.5253595760787282,1.227398205659075,1.0611575178997614,0.0271911970487215,2.3205128205128207,2024-02-15,0.6,bmo,6896745093.0,2025-04-25,2023-12-31,0.0666666666666667,68.6704761904762,4542001.380952381
2023-09-30,SO,USD,92122,2023-09-30,2023-09-29 20:00:00,2023,Q3,6980000000.0,3226000000.0,3754000000.0,0.5378223496,0,0.0,0.0,150000000.0,141000000.0,1644000000.0,4870000000.0,620000000.0,620000000.0,1263000000.0,3523000000.0,0.5047277937,2110000000.0,0.3022922636,-381000000.0,1729000000.0,0.2477077364,297000000.0,1422000000.0,0.2037249284,1.3,1.29,1092000000,1099000000,,,6.391941391941392,1.3021978021978022,2.600732600732601,0.1620879120879121,1.534798534798535,32.32967032967033,27.25824175824176,28.73351648351648,57.62454212454213,70674240000.0,131304240000.0,12.425147679324894,10.12524928366762,24.885295774647886,399.2894915254237,2.252421837651783,2.252421837651783,18.81149570200573,37.27057621345444,46.23388732394366,741.8318644067797,0.0201204852008313,0.0025044485798503,1.9857220256876056,0.4504449794319011,17.20976440533636,0.8391100348115635,3.403225806451613,1.984626135569532,0.010824311658675,0.5379746835443038,0.0,0.0,0.0400373045307653,0.9376760563380282,0.3815186246418338,2.1084718923198733,0.0011461318051575,29.0151037447846,0.013433419164674,0.0107092022322134,-88.60828754578755,-2126000000.0,29766000000.0,-91929000000.0,103784000000.0,3877500000.0,2717500000.0,3055500000.0,51.6919770773639,82.07687538747675,87.82393056416615,1.7410825642304817,1.096532970768185,1.0247776365946633,0.0453198202505019,2.438644688644689,2023-11-02,1.32,bmo,8325940000.0,2025-04-25,2023-09-30,0.0757575757575756,69.40238095238095,3719946.3333333335
2023-06-30,SO,USD,92122,2023-08-03,2023-08-02 17:39:05,2023,Q2,5748000000.0,3006000000.0,2742000000.0,0.4770354906,0,0.0,0.0,146000000.0,142000000.0,1452000000.0,4458000000.0,610000000.0,610000000.0,1203000000.0,2641000000.0,0.4594641614,1290000000.0,0.2244258873,-369000000.0,921000000.0,0.1602296451,98000000.0,838000000.0,0.1457898399,0.77,0.76,1092000000,1098000000,https://www.sec.gov/Archives/edgar/data/92122/000009212223000070/0000092122-23-000070-index.htm,https://www.sec.gov/Archives/edgar/data/3153/000009212223000070/so-20230630.htm,5.263736263736264,0.7673992673992674,1.8827838827838828,0.0073260073260073,1.944139194139194,31.72893772893773,26.6492673992674,28.087912087912088,57.696886446886445,76713000000.0,136985000000.0,22.88573985680191,13.346033402922757,37.31177042801556,9589.125,2.5010758998435056,2.5010758998435056,23.83176757132916,51.86861037485801,66.62694552529183,17123.125,0.0109238329878899,0.0001042848017936,2.0342657798643717,0.4550526561451617,22.82165846270352,0.8292296072507553,2.114754098360656,2.4981773997569867,0.0099591985712982,0.9116945107398567,0.0,0.0,0.0404547973978237,0.9961089494163424,0.3562978427279054,1.7024106400665004,0.0033054975643702,22.02224945545691,0.008882164233222,0.0063692815176827,-87.96153846153847,-2261000000.0,29101000000.0,-91489000000.0,102152000000.0,3573000000.0,2429000000.0,2856500000.0,58.65344467640919,74.64071856287426,88.7125748502994,1.5344367325146824,1.2057761732851986,1.0145123185960176,0.0273213354199269,1.875457875457876,2023-08-03,0.75,bmo,6472660000.0,2025-04-25,2023-06-30,0.0533333333333333,71.71612903225805,4092747.4516129033
2023-03-31,SO,USD,92122,2023-04-27,2023-04-26 18:21:10,2023,Q1,6480000000.0,3757000000.0,2723000000.0,0.4202160494,0,0.0,0.0,0.0,1505000000.0,1505000000.0,5262000000.0,0.0,582000000.0,1233000000.0,2711000000.0,0.4183641975,1218000000.0,0.187962963,-322000000.0,896000000.0,0.1382716049,97000000.0,862000000.0,0.1330246914,0.79,0.79,1091139240,1098000000,https://www.sec.gov/Archives/edgar/data/92122/000009212223000028/0000092122-23-000028-index.htm,https://www.sec.gov/Archives/edgar/data/3153/000009212223000028/so-20230331.htm,5.938747102523781,0.7900000003665893,0.7735034806373566,-0.9219721582004512,0.9650464041601144,31.67515082676341,26.58139212370366,27.9780974607787,56.02584689374749,75921468319.2,135418468319.2,22.018987331554523,11.716275975185184,89.95434634976303,-75.46865638091451,2.486945372091195,2.486945372091195,20.89791177765432,49.95148222766507,160.44842217914692,-134.61080349821074,0.0113538373148403,-0.0132505340356489,1.9834250524109016,0.4493306420493336,21.946514201401698,0.6877564240984668,2.0927835051546397,1.0563204005006257,0.0097732567141664,0.8607888631090487,0.0,0.0,0.0412449167384012,2.191943127962085,0.2854938271604938,1.5004055150040552,0.0141975308641975,22.300463730517176,0.0084868660092671,0.0066719299060356,-87.26292347436795,-4338000000.0,29004000000.0,-90639000000.0,98971000000.0,3558000000.0,2945000000.0,2713500000.0,47.22222222222222,56.65424540857067,65.8770295448496,1.9058823529411764,1.5885835095137422,1.3661818181818182,0.0282363731656184,1.6954756388378078,2023-04-27,0.71,bmo,6145250000.0,2025-04-25,2023-03-31,0.1126760563380282,67.3324193548387,4414957.661290322
2022-12-31,SO,USD,92122,2023-02-16,2023-02-15 17:59:03,2022,Q4,7047000000.0,5188000000.0,1859000000.0,0.2638001987,0,0.0,0.0,164000000.0,1474000000.0,1474000000.0,6662000000.0,562000000.0,561000000.0,935000000.0,1533000000.0,0.2175393785,513000000.0,0.0727969349,-372000000.0,-234000000.0,-0.0332056194,-96000000.0,-138000000.0,-0.0195828012,-0.13,-0.13,1090000000,1090000000,https://www.sec.gov/Archives/edgar/data/92122/000009212223000012/0000092122-23-000012-index.htm,https://www.sec.gov/Archives/edgar/data/3153/000009212223000012/so-20221231.htm,6.465137614678899,-0.1266055045871559,1.1788990825688073,-1.0422018348623854,7.418348623853211,31.680733944954127,26.573394495412845,27.89724770642201,54.76697247706422,77836900000.0,135054900000.0,-141.00887681159418,11.04539520363275,60.57346303501946,-68.51839788732394,2.559750723493817,2.559750723493817,19.164878671775224,88.09843444227006,105.10108949416342,-118.88635563380282,-0.0017729380281074,-0.0145946202893486,1.94471849513286,0.4383909971754972,37.32420091324201,0.6624268633935385,0.9144385026737968,-9.31159420289855,0.0095199063683163,-5.369565217391305,0.0,0.0,0.0412703590306247,1.884046692607004,0.3435504469987228,2.470408163265306,0.0015609479211011,,0.0023961924118745,-0.0010670873155794,-80.86926605504587,-5308000000.0,28965000000.0,-89943000000.0,96962000000.0,3492500000.0,3302000000.0,2679000000.0,47.45849297573435,61.15073245952197,46.43986121819584,1.896393972012917,1.47177304964539,1.9379902876354127,-0.0045382794001578,2.2211009174311926,2023-02-16,0.24,bmo,4993761945.0,2025-04-25,2022-12-31,0.0833333333333334,66.8631746031746,4691552.476190476
2022-09-30,SO,USD,92122,2022-10-27,2022-10-26 17:41:38,2022,Q3,8378000000.0,5001000000.0,3377000000.0,0.4030794939,0,0.0,0.0,164000000.0,1204000000.0,1204000000.0,6205000000.0,514000000.0,511000000.0,1229000000.0,3446000000.0,0.4113153497,2193000000.0,0.2617569826,-292000000.0,1901000000.0,0.2269037957,414000000.0,1475000000.0,0.176056338,1.36,1.36,1082000000,1088000000,https://www.sec.gov/Archives/edgar/data/92122/000009212222000064/0000092122-22-000064-index.htm,https://www.sec.gov/Archives/edgar/data/3153/000009212222000064/so-20220930.htm,7.743068391866913,1.3632162661737524,1.3290203327171903,-0.7865064695009242,7.665434380776339,33.011090573012936,27.74768946395564,29.095194085027728,52.82902033271719,73576000000.0,128217000000.0,12.47050847457627,8.782048221532586,51.165507649513216,-86.45828437132785,2.337155744734919,2.337155744734919,15.304010503700168,37.20748694138131,89.163421418637,-150.6662749706228,0.0200472980319669,-0.0115662716103077,1.7994981099710936,0.4227454199470169,15.856355194428325,0.8095461292086555,4.291585127201565,0.9670477471418965,0.0100712188757203,0.5023728813559322,0.0,0.0,0.0424984142382746,1.591794158553547,0.2732155645738839,2.1019283746556474,0.0019097636667462,29.873373453534224,0.0136106781202473,0.0114955966019795,-79.66797597042513,-2438000000.0,30023000000.0,-87924000000.0,98936000000.0,3396500000.0,2993500000.0,2481000000.0,35.116973024588205,55.41091781643672,48.24835032993401,2.562863260936066,1.6242286456641766,1.865348750466244,0.0468536577618245,2.1155268022181146,2022-10-27,1.33,bmo,6886819791.0,2025-04-25,2022-09-30,-0.0150375939849624,75.75046875,3948373.6875
2022-06-30,SO,USD,92122,2022-07-28,2022-07-27 17:46:48,2022,Q2,7206000000.0,4247000000.0,2959000000.0,0.4106300305,0,0.0,0.0,164000000.0,1314000000.0,1314000000.0,5561000000.0,0.0,488000000.0,1169000000.0,2825000000.0,0.3920344158,1655000000.0,0.2296697197,-262000000.0,1393000000.0,0.1933111296,304000000.0,1111000000.0,0.1541770747,1.04,1.04,1065000000,1072000000,https://www.sec.gov/Archives/edgar/data/92122/000009212222000039/0000092122-22-000039-index.htm,https://www.sec.gov/Archives/edgar/data/3153/000009212222000039/so-20220630.htm,6.766197183098591,1.0431924882629109,1.8657276995305163,0.1812206572769953,7.516431924882629,31.225352112676056,25.868544600938968,27.20469483568075,53.47417840375587,75945150000.0,130683150000.0,17.089367686768675,10.539154870940882,38.221011575239054,393.4981865284974,2.621238739516101,2.621238739516101,18.135324729392178,46.2595221238938,65.76907398087569,677.1147668393783,0.0146289789407223,0.0025413077727807,1.948779898526214,0.4317689972394068,19.37628318584071,0.851484286584835,3.3913934426229506,1.8262867647058825,0.0095200285995879,0.6507650765076508,0.0,0.0,0.0436265475762604,0.902868646200302,0.2489592006661115,1.783300198807157,0.0020815986677768,25.269428153531823,0.0105123881573404,0.0088834516727435,-80.49342723004695,-1706000000.0,27550000000.0,-87733000000.0,99020000000.0,3294000000.0,2579500000.0,2192000000.0,44.01332223147377,61.62467624205321,48.337650105957145,2.0448354143019296,1.4604539202200826,1.861902674265673,0.0383460463189866,1.684507042253521,2022-07-28,0.84,bmo,5436188266.0,2025-04-25,2022-06-30,0.2738095238095239,73.42387096774193,5390644.016129033
2022-03-31,SO,USD,92122,2022-04-28,2022-04-27 18:51:33,2022,Q1,6648000000.0,4023000000.0,2625000000.0,0.3948555957,0,0.0,0.0,164000000.0,1264000000.0,1264000000.0,5287000000.0,0.0,462000000.0,1157000000.0,2514000000.0,0.3781588448,1384000000.0,0.2081829122,-220000000.0,1164000000.0,0.1750902527,173000000.0,1036000000.0,0.1558363418,0.97,0.97,1063000000,1069000000,https://www.sec.gov/Archives/edgar/data/92122/000009212222000014/0000092122-22-000014-index.htm,https://www.sec.gov/Archives/edgar/data/3153/000009212222000014/so-20220331.htm,6.253998118532455,0.9746001881467544,1.497648165569144,0.1627469426152399,7.535277516462841,30.9689557855127,25.59266227657573,26.893697083725307,53.04233301975541,77078130000.0,131338130000.0,18.599934845559847,11.59418321299639,48.4159108040201,445.53832369942194,2.6961707709528477,2.6961707709528477,19.756036401925392,52.24269291964996,82.49882537688443,759.1799421965318,0.0134409072975693,0.0022444758325091,1.9561354414439625,0.4347204191574872,21.58313444709626,0.89102932719954,2.9956709956709955,1.6064581231079718,0.0091076418174649,0.6776061776061776,0.0,0.0,0.0444266513265805,0.8913316582914573,0.2134476534296029,1.434782608695652,0.0127858002406738,24.28453315074456,0.0096603543857926,0.0084279717549054,-79.35983066792097,-1137000000.0,27205000000.0,-86422000000.0,98694000000.0,3013000000.0,2210000000.0,2229000000.0,41.48014440433213,50.3579418344519,47.04697986577181,2.169712793733681,1.787205686361617,1.912981455064194,0.0362389813907933,1.334901222953904,2022-04-28,0.9,bmo,5995458455.0,2025-04-25,2022-03-31,0.0777777777777777,67.72548387096774,5994046.258064516
2021-12-31,SO,USD,92122,2022-02-17,2022-02-16 17:44:30,2021,Q4,5767000000.0,3957000000.0,1810000000.0,0.3138546905,0,0.0,0.0,142000000.0,159000000.0,2148000000.0,6105000000.0,0.0,485000000.0,907000000.0,924000000.0,0.1602219525,-331000000.0,-0.0573955263,-235000000.0,-566000000.0,-0.0981446159,-283000000.0,-211000000.0,-0.0365874805,-0.2,-0.2,1062000000,1062000000,https://www.sec.gov/Archives/edgar/data/92122/000009212222000003/0000092122-22-000003-index.htm,https://www.sec.gov/Archives/edgar/data/3153/000009212222000003/so-20211231.htm,5.430320150659134,-0.1986817325800376,1.024482109227872,-0.8757062146892656,1.6930320150659133,30.66478342749529,25.274011299435028,26.51977401129944,52.688323917137474,72831960000.0,126503960000.0,-86.29379146919432,12.629089647997226,66.94113970588235,-78.31393548387096,2.585994887089902,2.585994887089902,21.93583492283683,136.9090476190476,116.27202205882352,-136.0257634408602,-0.002897079798484,-0.0127691194909487,1.9695355773327647,0.4349428387724058,58.086580086580085,0.8208955223880597,-0.6824742268041237,-3.84452296819788,0.0096111652082409,-3.3175355450236967,0.0,0.0,0.0448899901202816,1.8547794117647056,0.3499219698283336,1.961127308066084,0.0017340038148083,,-0.001373900049809,-0.0017322201150982,-84.530131826742,-1956000000.0,26841000000.0,-86003000000.0,97231000000.0,2933500000.0,2199000000.0,2306500000.0,46.22507369516213,49.33282789992419,53.56330553449583,1.946995273463876,1.8243430152143845,1.6802547770700638,-0.0074918335463712,1.900188323917137,2022-02-17,0.35,bmo,4618198735.0,2025-04-25,2021-12-31,0.0285714285714286,63.7515625,4137636.421875
2021-09-30,SO,USD,92122,2021-11-04,2021-11-03 17:55:45,2021,Q3,6238000000.0,3168000000.0,3070000000.0,0.4921449182,0,0.0,0.0,142000000.0,131000000.0,1472000000.0,4640000000.0,0.0,451000000.0,995000000.0,2735000000.0,0.4384418083,1723000000.0,0.2762103238,-241000000.0,1482000000.0,0.2375761462,372000000.0,1105000000.0,0.177140109,1.04,1.03,1061000000,1068000000,https://www.sec.gov/Archives/edgar/data/92122/000009212221000092/0000092122-21-000092-index.htm,https://www.sec.gov/Archives/edgar/data/3153/000009212221000092/so-20210930.htm,5.879359095193214,1.041470311027333,2.0518378887841657,0.3195098963242224,1.958529688972667,31.583411875589068,26.177191328934967,27.313854853911405,51.864278982092365,65750170000.0,118249170000.0,14.87560407239819,10.54026450785508,30.20219108865411,193.95330383480825,2.268811939268461,2.268811939268461,18.956263225392757,43.235528336380256,54.31748736793753,348.817610619469,0.0168060401973105,0.0051558802053287,1.883264320220842,0.4268463409483736,19.19524680073126,0.8592237321254108,3.82039911308204,1.9612612612612608,0.0106463603059885,0.6334841628959276,0.0,0.0,0.0448612164772682,0.844281120808452,0.2946457197819814,1.8472361809045224,0.0046489259378005,25.29916600357247,0.0106792842958118,0.0090481064483111,-83.85037700282751,-1585000000.0,27774000000.0,-84677000000.0,97895000000.0,2815500000.0,2152000000.0,2190000000.0,41.91247194613658,63.32386363636363,64.14772727272727,2.1473321858864027,1.4212651413189772,1.4030115146147033,0.0381297446514837,1.7323279924599435,2021-11-04,1.22,bmo,5765180000.0,2025-04-25,2021-09-30,0.0081967213114754,64.38265625,4044850.546875
2021-06-30,SO,USD,92122,2021-07-29,2021-07-28 19:13:59,2021,Q2,5198000000.0,2837000000.0,2361000000.0,0.4542131589,0,0.0,0.0,142000000.0,108000000.0,1664000000.0,4501000000.0,0.0,450000000.0,985000000.0,1824000000.0,0.3509041939,708000000.0,0.1362062332,-344000000.0,364000000.0,0.0700269334,-12000000.0,376000000.0,0.0723355137,0.35,0.35,1061000000,1067000000,https://www.sec.gov/Archives/edgar/data/92122/000009212221000064/0000092122-21-000064-index.htm,https://www.sec.gov/Archives/edgar/data/3153/000009212221000064/so-20210630.htm,4.899151743638077,0.354382657869934,1.5664467483506126,-0.0414703110273327,1.4910461828463712,31.13760603204524,25.721960414703112,26.852026390197928,51.23279924599434,64201110000.0,116527110000.0,42.68690824468085,12.351117737591382,38.62882671480144,-1459.1161363636363,2.2534612144612143,2.2534612144612143,22.417681800692577,63.88547697368421,70.11258122743682,-2648.343409090909,0.0058565965604021,-0.0006853464060045,1.892172692172692,0.4281572906986903,28.6875,0.8191252144082333,1.5733333333333333,4.432,0.0108876622226625,1.8590425531914896,0.0,0.0,0.0456368589514482,1.02647412755716,0.3282031550596383,1.731979695431472,0.0042323970757983,14.632415413403862,0.0061600587867612,0.0031291350771048,-83.11262959472197,-2109000000.0,27291000000.0,-83319000000.0,96098000000.0,2876000000.0,2304000000.0,2158500000.0,47.19892266256253,65.82657737046175,67.31758900246739,1.9068231841526049,1.3672289156626507,1.336946277097078,0.0131976131976131,1.6079170593779453,2021-07-29,0.79,bmo,5044650000.0,2025-04-25,2021-06-30,0.0632911392405062,63.95301587301587,3946313.9206349207
2021-03-31,SO,USD,92122,2021-04-29,2021-04-28 17:43:04,2021,Q1,5910000000.0,3092000000.0,2818000000.0,0.4768189509,0,0.0,0.0,143000000.0,58000000.0,1264000000.0,4356000000.0,0.0,450000000.0,964000000.0,2709000000.0,0.4583756345,1598000000.0,0.2703891709,-301000000.0,1297000000.0,0.2194585448,190000000.0,1139000000.0,0.1927241963,1.07,1.06,1060000000,1066000000,https://www.sec.gov/Archives/edgar/data/92122/000009212221000037/0000092122-21-000037-index.htm,https://www.sec.gov/Archives/edgar/data/3153/000009212221000037/so-20210331.htm,5.575471698113208,1.0745283018867924,1.1716981132075472,-0.4113207547169811,1.669811320754717,31.470754716981133,26.039622641509435,27.14433962264151,50.66037735849056,65889600000.0,117369600000.0,14.462159789288853,11.148832487309644,53.051207729468594,-151.12293577981652,2.289980189761234,2.289980189761234,19.8594923857868,43.32580287929125,94.50048309178744,-269.19633027522934,0.0172864913430951,-0.0066171292586386,1.8506933583567928,0.4246648536999673,19.00332225913621,0.8172794752287244,3.551111111111111,1.1219512195121952,0.0102899395352225,0.5952589991220368,0.0,0.0,0.0459116537605767,1.3510466988727858,0.2839255499153976,1.7406639004149378,0.0140439932318104,25.61768190356996,0.0114924917573364,0.0095205456551539,-81.97830188679245,-2117000000.0,27602000000.0,-82565000000.0,95523000000.0,3180500000.0,2669500000.0,2341500000.0,46.08121827411168,73.72897800776197,63.89068564036223,1.953073364177132,1.2206869324911171,1.4086560364464693,0.0395857227261668,1.5830188679245285,2021-04-29,0.83,bmo,5205980000.0,2025-04-25,2021-03-31,0.1807228915662651,59.873770491803285,4070385.672131148
2020-12-31,SO,USD,92122,2021-02-18,2021-02-17 17:48:11,2020,Q4,5117000000.0,3037000000.0,2080000000.0,0.4064881767,0,0.0,0.0,104000000.0,17000000.0,1377000000.0,4414000000.0,0.0,478000000.0,899000000.0,1809000000.0,0.3535274575,729000000.0,0.1424662888,-422000000.0,307000000.0,0.0599960915,-50000000.0,391000000.0,0.0764119601,0.37,0.37,1058000000,1058000000,https://www.sec.gov/Archives/edgar/data/92122/000009212221000006/0000092122-21-000006-index.htm,https://www.sec.gov/Archives/edgar/data/3153/000009212221000006/so-20201231.htm,4.83648393194707,0.3695652173913043,1.3950850661625709,-0.5671077504725898,1.0066162570888468,30.74196597353497,25.291115311909262,26.71361058601134,48.694706994328925,64992940000.0,114968940000.0,41.55558823529412,12.701375806136408,44.033157181571816,-108.32156666666668,2.2995768319003647,2.2995768319003647,22.468035958569477,63.553864013267,77.89223577235772,-191.6149,0.0060160380496712,-0.0092317719432295,1.8059300145065984,0.4151868873795095,27.626312880044225,0.7133868697739879,1.5251046025104602,4.1344537815126055,0.0104165160092773,1.7314578005115089,0.0,0.0,0.0469109692113718,1.4065040650406504,0.4057064686339652,2.07185628742515,0.0027359781121751,14.904008834180605,0.0073579339284092,0.0033370886248805,-80.90713610586012,-3462000000.0,26758000000.0,-81793000000.0,92695000000.0,3175500000.0,2545500000.0,2482000000.0,58.65741645495408,83.15442871254527,73.73065525189331,1.5343328335832085,1.0823235923022096,1.2206591639871385,0.013834341718855,1.9621928166351608,2021-02-18,0.42,bmo,4507833333.0,2025-04-25,2020-12-31,0.119047619047619,60.120625,3689913.921875
2020-09-30,SO,USD,92122,2020-10-29,2020-10-28 17:38:56,2020,Q3,5620000000.0,2592000000.0,3028000000.0,0.5387900356,0,0.0,0.0,103000000.0,113000000.0,1193000000.0,3785000000.0,0.0,443000000.0,987000000.0,2925000000.0,0.5204626335,1835000000.0,0.3265124555,-259000000.0,1576000000.0,0.2804270463,293000000.0,1255000000.0,0.2233096085,1.18,1.18,1058000000,1064000000,https://www.sec.gov/Archives/edgar/data/92122/000009212220000085/0000092122-20-000085-index.htm,https://www.sec.gov/Archives/edgar/data/3153/000009212220000085/so-20200930.htm,5.311909262759924,1.1862003780718335,2.242911153119093,0.1984877126654064,3.1937618147448017,30.993383742911156,25.531190926275997,27.01323251417769,49.50661625708885,57364760000.0,105920760000.0,11.427243027888448,10.207252669039146,24.173940160134848,273.1655238095238,2.0071644506648005,2.0071644506648005,18.8471103202847,36.21222564102564,44.63580278128951,504.3845714285714,0.0218775429375107,0.003660784077193,1.817179846046186,0.4216940840221504,16.60034188034188,0.8999148936170213,4.142212189616253,1.8466926070038912,0.0117842382675356,0.5386454183266932,0.0,0.0,0.0469234641679793,0.911504424778761,0.3848754448398576,2.191489361702128,0.0026690391459074,26.8508826480313,0.0128567229263099,0.010691861406214,-78.91115311909263,-1176000000.0,27012000000.0,-79793000000.0,93847000000.0,2957500000.0,2178000000.0,2428500000.0,48.29893238434163,79.34027777777777,85.97222222222223,1.863395225464191,1.1343544857768053,1.0468497576736673,0.0439118264520643,2.044423440453686,2020-10-29,1.21,bmo,5573553719.0,2025-04-25,2020-09-30,0.0082644628099173,53.44484375,3825057.578125
2020-06-30,SO,USD,92122,2020-07-30,2020-07-29 17:45:30,2020,Q2,4620000000.0,2242000000.0,2378000000.0,0.5147186147,0,0.0,0.0,105000000.0,101000000.0,1320000000.0,3562000000.0,0.0,444000000.0,967000000.0,2130000000.0,0.461038961,1058000000.0,0.229004329,-432000000.0,626000000.0,0.1354978355,5000000.0,616000000.0,0.1333333333,0.58,0.58,1058000000,1063000000,https://www.sec.gov/Archives/edgar/data/92122/000009212220000057/0000092122-20-000057-index.htm,https://www.sec.gov/Archives/edgar/data/3153/000009212220000057/so10q6302020.htm,4.366729678638942,0.5822306238185255,1.8459357277882795,0.2939508506616257,1.775992438563327,30.483931947069944,25.01039697542533,26.428166351606805,47.45652173913044,54857300000.0,102743300000.0,22.26351461038961,11.87387445887446,28.08873527905786,176.39003215434084,1.961921962733808,1.961921962733808,22.238809523809525,48.23629107981221,52.60793650793651,330.364308681672,0.0112291344998751,0.0056692545932811,1.77980043632202,0.4156400598007199,22.48169014084507,0.9716091707735162,2.3828828828828827,3.15,0.0123411104811939,1.099025974025974,0.0,0.0,0.0483667554768606,0.840757808499744,0.3554112554112554,1.6980351602895554,0.0025974025974025,18.60682603451501,0.0092542258891553,0.00540635422152,-77.72707939508507,-265000000.0,26461000000.0,-78410000000.0,93357000000.0,2911000000.0,2011000000.0,2298000000.0,56.47402597402597,83.13559322033898,95.57983942908118,1.5936529837875129,1.0825688073394495,0.9416211675766484,0.0220306855977969,1.551984877126654,2020-07-30,0.66,bmo,3861492537.0,2025-04-25,2020-06-30,0.1818181818181818,55.59079365079365,5305965.761904762
2020-03-31,SO,USD,92122,2020-04-30,2020-04-29 17:42:31,2020,Q1,5018000000.0,2607000000.0,2411000000.0,0.4804703069,0,0.0,0.0,103000000.0,103000000.0,1187000000.0,3794000000.0,0.0,456000000.0,949000000.0,2276000000.0,0.4535671582,1263000000.0,0.251693902,-277000000.0,986000000.0,0.1964926265,145000000.0,872000000.0,0.1737744121,0.82,0.81,1057000000,1067000000,https://www.sec.gov/Archives/edgar/data/92122/000009212220000042/0000092122-20-000042-index.htm,https://www.sec.gov/Archives/edgar/data/3153/000009212220000042/so10q3312020.htm,4.747398297067171,0.8249763481551561,0.8457899716177862,-0.630085146641438,3.358561967833491,30.47019867549669,24.980132450331126,26.505203405865657,47.35099337748344,57225980000.0,104655980000.0,16.406530963302753,11.404141092068553,64.01116331096196,-85.92489489489489,2.0426177898343805,2.0426177898343805,20.856113989637304,45.9824165202109,117.06485458612975,-157.14111111111112,0.0152378342843582,-0.0116380706804846,1.770202741290691,0.4172752667182715,20.839191564147622,0.9871244635193132,2.7697368421052637,1.0630202140309155,0.01144585029387,0.7511467889908257,0.0,0.0,0.048825429946488,1.74496644295302,0.310880829015544,1.643835616438356,0.0143483459545635,22.180819034467927,0.0095292681505409,0.0077134693805341,-75.4921948912015,-123000000.0,26404000000.0,-77215000000.0,92617000000.0,3166000000.0,2254000000.0,2301500000.0,52.42526903148665,67.35327963176064,76.46720368239355,1.7167293876154637,1.33623782675551,1.1769751693002255,0.0311250713877784,1.4758751182592242,2020-04-30,0.71,bmo,4567666666.0,2025-04-25,2020-03-31,0.0985915492957747,63.351290322580645,6308394.387096774
2019-12-31,SO,USD,92122,2020-02-20,2020-02-19 17:55:30,2019,Q4,4914000000.0,3171000000.0,1743000000.0,0.3547008547,0,0.0,0.0,67000000.0,13000000.0,1084000000.0,4255000000.0,0.0,442000000.0,771000000.0,1543000000.0,0.314000814,690000000.0,0.1404151404,-355000000.0,335000000.0,0.0681725682,-74000000.0,445000000.0,0.0905575906,0.42,0.42,1052001307,1053000000,https://www.sec.gov/Archives/edgar/data/92122/000009212220000017/0000092122-20-000017-index.htm,https://www.sec.gov/Archives/edgar/data/3153/000009212220000017/so10-k12312019.htm,4.671096858247535,0.4230032767440278,0.855512245100281,-1.1768046215934975,1.8773740934145056,30.465741617182232,24.93723137551197,26.42202040534157,46.699561752540674,67012483255.9,113723483255.9,37.64746250331461,13.63705397962963,74.45831472877778,-54.12963106292407,2.410867867891064,2.410867867891064,23.142751985327635,73.70284073616331,126.35942583988889,-91.8606488335218,0.0066405537950396,-0.0184741698837283,1.7515469851777234,0.4101600673967986,30.272845106934543,0.7824804718635422,1.5610859728506787,2.2004889975550124,0.0097146079113951,1.4629213483146069,0.0,0.0,0.0489974726200505,2.375555555555556,0.4350834350834351,2.616891064871481,0.004070004070004,15.857916862478616,0.0075602673539425,0.0039420998547181,-76.92409644506269,-2729000000.0,26234000000.0,-76833000000.0,89146000000.0,3397000000.0,2411500000.0,2356000000.0,62.43589743589744,72.57332071901608,67.7767265846736,1.4414784394250513,1.2401251466562375,1.3278894472361809,0.0160094977694632,2.0323168666937788,2020-02-20,0.26,bmo,4914000000.0,2025-04-25,2019-12-31,0.0384615384615384,61.969375,4449667.046875
2019-09-30,SO,USD,92122,2019-10-30,2019-10-29 19:30:33,2019,Q3,5995000000.0,2811000000.0,3184000000.0,0.5311092577,0,0.0,0.0,67000000.0,61000000.0,1067000000.0,3878000000.0,0.0,434000000.0,891000000.0,3075000000.0,0.5129274395,2013000000.0,0.3357798165,-301000000.0,1712000000.0,0.2855713094,367000000.0,1320000000.0,0.2201834862,1.26,1.25,1048000000,1057000000,https://www.sec.gov/Archives/edgar/data/92122/000009212219000053/0000092122-19-000053-index.htm,https://www.sec.gov/Archives/edgar/data/3153/000009212219000053/so10q9302019.htm,5.720419847328245,1.2595419847328244,2.2595419847328246,0.4150763358778626,2.7967557251908395,30.612595419847327,25.049618320610687,26.53053435114504,46.00858778625954,64734960000.0,109586960000.0,12.260409090909093,10.798158465387823,27.337398648648648,148.816,2.3282606819162712,2.3282606819162712,18.27972643869892,35.638035772357725,46.27827702702703,251.9240459770115,0.0203908367287166,0.006719707558327,1.7185656740037405,0.4063491253582332,14.586016260162602,0.941427757736852,4.638248847926267,1.7592867756315007,0.0100409423285346,0.4924242424242424,0.0,0.0,0.0495786242144381,0.8163006756756757,0.3224353628023352,2.169472502805836,0.0020016680567139,27.420197712360338,0.0142294462275629,0.0118109179409633,-75.26455152671755,-617000000.0,26252000000.0,-75592000000.0,89937000000.0,3379000000.0,2318500000.0,2233500000.0,50.81734778982485,72.55069370330844,74.4076840981857,1.7710487444608567,1.2405119152691968,1.209552495697074,0.047475183426845,1.8444656488549616,2019-10-30,1.14,bmo,5100223880.0,2025-04-25,2019-09-30,0.1754385964912282,57.96328125,4716758.515625
2019-06-30,SO,USD,92122,2019-07-31,2019-07-30 17:45:58,2019,Q2,5098000000.0,2706000000.0,2392000000.0,0.4692036093,0,0.0,0.0,66000000.0,99000000.0,1058000000.0,3764000000.0,0.0,429000000.0,755000000.0,2204000000.0,0.4323264025,1342000000.0,0.2632404865,-266000000.0,1076000000.0,0.211063162,145000000.0,902000000.0,0.1769321302,0.86,0.86,1045231646,1045231646,https://www.sec.gov/Archives/edgar/data/92122/000009212219000037/0000092122-19-000037-index.htm,https://www.sec.gov/Archives/edgar/data/3153/000009212219000037/so10q6302019.htm,4.8773877250172735,0.8629666002286349,1.6924478002266683,-0.0353988516723497,1.3231516719691818,30.06223560131282,24.4826111971738,26.012415624851837,44.57098115837186,57320503466.64001,102095503466.64,15.887057501840356,11.243723708638685,32.402771886172985,-1549.202796395676,2.1082240415844646,2.1082240415844646,20.026579730608084,46.322823714446464,57.71368200488412,-2759.337931530811,0.0157360795081807,-0.0006454932835949,1.6976718525874437,0.4018386481757162,20.315335753176043,0.7593417583416674,3.128205128205128,1.9021505376344088,0.0112699638162802,0.7161862527716186,0.0,0.0,0.0507717621248922,1.0209157716223856,0.3542565712043938,2.339378238341969,0.0021577089054531,22.47390780881317,0.0106878948757656,0.0082725730270096,-75.06541760408965,-2647000000.0,25590000000.0,-75093000000.0,87539000000.0,3531000000.0,2470000000.0,2118000000.0,59.54688112985484,78.85809312638581,71.27494456762749,1.5114141713608065,1.1412905946857863,1.2627158189454035,0.0331751811394313,1.7278466518990183,2019-07-31,0.73,bmo,4651924999.0,2025-04-25,2019-06-30,0.0958904109589042,53.53857142857142,4217982.523809524
2019-03-31,SO,USD,92122,2019-05-01,2019-04-30 18:32:56,2019,Q1,5412000000.0,3136000000.0,2276000000.0,0.4205469327,0,0.0,0.0,67000000.0,78000000.0,1082000000.0,4218000000.0,0.0,430000000.0,851000000.0,2112000000.0,0.3902439024,3691000000.0,0.6820029564,-272000000.0,3419000000.0,0.631744272,1360000000.0,2088000000.0,0.3858093126,2.01,1.99,1038000000,1045000000,https://www.sec.gov/Archives/edgar/data/92122/000009212219000016/0000092122-19-000016-index.htm,https://www.sec.gov/Archives/edgar/data/3153/000009212219000016/so_10qx3312019.htm,5.213872832369942,2.0115606936416186,0.7167630057803468,-0.8998073217726397,1.311175337186898,29.84393063583815,24.189788053949904,25.7495183044316,44.70038535645472,53363580000.0,97971580000.0,6.389317528735631,9.860232815964524,71.72524193548387,-57.1344539614561,1.9965422029332536,1.9965422029332536,18.102657058388765,46.388058712121214,131.6822311827957,-104.89462526766596,0.0391278096409573,-0.0175025738528037,1.7198817719245736,0.4028975599495162,21.12121212121212,0.8780118963605202,8.583720930232559,0.3613404565322972,0.0116746290260136,0.2983716475095785,0.0,0.0,0.0514391389706913,2.255376344086021,0.3100517368810052,1.971797884841363,0.0118255728011825,34.1383387891312,0.0205874336266361,0.0192927827621573,-75.09031791907515,-1210000000.0,25109000000.0,-74409000000.0,89346000000.0,3874000000.0,3002500000.0,2243500000.0,61.3470066518847,73.72767857142857,60.06696428571428,1.46706424505286,1.220708446866485,1.4983277591973243,0.07812032325651,1.6165703275529866,2019-05-01,0.7,bmo,5566628571.0,2025-04-25,2019-03-31,0.0,49.013934426229504,5123745.852459016
2018-12-31,SO,USD,92122,2019-02-20,2019-02-19 18:34:01,2018,Q4,5337000000.0,3610000000.0,1727000000.0,0.3235900319,0,0.0,0.0,59000000.0,-81000000.0,1110000000.0,4720000000.0,0.0,456000000.0,793000000.0,1589000000.0,0.2977328087,578000000.0,0.1083005434,-458000000.0,120000000.0,0.0224845419,-149000000.0,282000000.0,0.0528386734,0.27,0.27,1033788000,1033788000,https://www.sec.gov/Archives/edgar/data/92122/000009212219000006/0000092122-19-000006-index.htm,https://www.sec.gov/Archives/edgar/data/3153/000009212219000006/so10-k12312018.htm,5.162567180118168,0.2727832011979245,1.3165175064906924,-0.8193169199100783,1.3503735775613568,28.37138755721676,22.63713643416252,24.19645033604569,45.758898342793685,45403968960.0,90856968960.0,40.25174553191489,8.507395345699832,33.36074133725202,-53.60563041322314,1.8151422787239144,1.8151422787239144,17.02397769533446,57.17870922592826,66.75750842027921,-107.26914871310508,0.0062109107740875,-0.0186547568285536,1.8729111697449428,0.4007133448517714,28.604782882315924,0.6707965840683187,1.2675438596491229,5.059479553903346,0.0136551939004761,2.198581560283688,0.0,0.0,0.0507039362266281,1.6223365172667157,0.4137155705452501,2.447893569844789,0.0031853100993067,12.18641319489027,0.0119153155969995,0.0025408610094966,-79.26842834314192,-4703000000.0,23402000000.0,-78001000000.0,83089000000.0,3893500000.0,3101500000.0,2344000000.0,68.44856661045532,85.66204986149584,59.68421052631579,1.3148558758314857,1.050640279394645,1.507936507936508,0.0112736867354281,2.1358344264007707,2019-02-20,0.23,bmo,4910040000.0,2025-04-25,2018-12-31,0.0869565217391303,45.45920634920635,6193644.095238095
2018-09-30,SO,USD,92122,2018-11-07,2018-11-06 17:47:23,2018,Q3,6159000000.0,3195000000.0,2964000000.0,0.4812469557,0,0.0,0.0,59000000.0,57000000.0,1107000000.0,4302000000.0,0.0,458000000.0,897000000.0,2813000000.0,0.4567299886,2174000000.0,0.3529793798,-329000000.0,1845000000.0,0.2995616171,623000000.0,1168000000.0,0.1896411755,1.14,1.13,1023000000,1029000000,https://www.sec.gov/Archives/edgar/data/92122/000009212218000062/0000092122-18-000062-index.htm,https://www.sec.gov/Archives/edgar/data/3153/000009212218000062/so_10qx9302018.htm,6.020527859237537,1.141739980449658,2.2737047898338223,0.3528836754643206,1.8054740957966764,27.75073313782991,21.89638318670577,24.634408602150536,46.39296187683284,44173140000.0,89328140000.0,9.454867294520549,7.172128592303945,18.99103181427343,122.36326869806092,1.752832824094282,1.752832824094282,14.503675921415814,31.755471027372916,38.40418744625968,247.44637119113577,0.0264414076065228,0.0081723871112626,1.8650847188603628,0.4207237931559208,16.052257376466407,0.7237948322406479,4.746724890829694,1.9034369885433715,0.0138319349722478,0.5231164383561644,0.0,0.0,0.0536086719120635,0.8447979363714532,0.3190452995616171,2.190635451505017,0.0040591005033284,25.156251845330324,0.0138015966324583,0.011047215496368,-75.79472140762464,-3581000000.0,22400000000.0,-73944000000.0,81892000000.0,3707000000.0,2707000000.0,2222500000.0,54.47637603507063,77.94366197183099,64.61971830985915,1.6520922746781117,1.154680159016986,1.392763731473409,0.0463473671679695,1.920821114369501,2018-11-07,1.07,bmo,5780815789.0,2025-04-25,2018-09-30,0.0654205607476633,46.08476190476191,6053500.682539683
2018-06-30,SO,USD,92122,2018-08-08,2018-08-07 18:44:06,2018,Q2,5627000000.0,3405000000.0,2222000000.0,0.3948818198,0,0.0,0.0,58000000.0,78000000.0,2159000000.0,5564000000.0,0.0,470000000.0,877000000.0,1153000000.0,0.2049049227,63000000.0,0.0111960192,-329000000.0,-266000000.0,-0.047272081,-139000000.0,-150000000.0,-0.0266571886,-0.15,-0.15,1014000000,1014000000,https://www.sec.gov/Archives/edgar/data/92122/000009212218000050/0000092122-18-000050-index.htm,https://www.sec.gov/Archives/edgar/data/3153/000009212218000050/so_10qx6302018.htm,5.54930966469428,-0.1479289940828402,1.7248520710059172,-0.2938856015779093,1.952662721893491,26.64299802761341,20.709072978303748,23.62919132149901,49.47830374753452,46958340000.0,94679340000.0,-78.2639,8.345182157455127,26.84867924528302,-157.578322147651,1.959863939899833,1.959863939899833,16.825900124400214,82.11564614050303,54.13341337907376,-317.71590604026846,-0.0031943207532463,-0.0063460505631161,2.0743322203672787,0.4407015614886014,41.38855160450997,0.8087846303772797,0.1340425531914893,-13.771653543307089,0.012947646786492,-4.053333333333334,0.0,0.0,0.0533530773118632,1.1703830760434537,0.3637817664830282,2.334093500570125,0.0024880042651501,,0.0002847603155233,-0.0014050206069689,-78.83727810650888,-2747000000.0,20999000000.0,-74142000000.0,81497000000.0,3699500000.0,2586500000.0,2190500000.0,58.95503820863693,69.9647577092511,56.85462555066079,1.526587086272382,1.286361919153759,1.582984658298466,-0.0062604340567612,2.018737672583826,2018-08-08,0.69,bmo,4853287499.0,2025-04-25,2018-06-30,0.1594202898550726,44.7571875,5148897.375
2018-03-31,SO,USD,92122,2018-05-02,2018-05-01 17:40:51,2018,Q1,6372000000.0,3828000000.0,2544000000.0,0.3992467043,0,0.0,0.0,0.0,60000000.0,1168000000.0,4996000000.0,0.0,458000000.0,769000000.0,2291000000.0,0.3595417451,1376000000.0,0.2159447583,-327000000.0,1049000000.0,0.1646264909,113000000.0,942000000.0,0.147834275,0.93,0.93,1011624620,1011624620,https://www.sec.gov/Archives/edgar/data/92122/000009212218000027/0000092122-18-000027-index.htm,https://www.sec.gov/Archives/edgar/data/3153/000009212218000027/so_10qx3312018.htm,6.298779086653704,0.9311754393640598,1.491660019108669,-0.2688744368439748,2.2577544623222,26.04622256030107,19.05351018443976,24.71272397463004,51.80775454041441,45179155529.2,94847155529.2,11.99022174341826,7.090262951851852,29.939798230086147,-166.09983650441174,1.8071662211679995,1.8071662211679995,14.884989882172002,41.39989329079005,62.85431115255136,-348.7027776808823,0.0208503233176009,-0.0060204755227043,2.07808,0.4656574076563858,21.679615888258404,0.6987527512839325,3.004366812227074,1.6121794871794872,0.0129705832952379,0.6220806794055201,0.0,0.0,0.0634058458146226,1.1802518223989398,0.2795040803515379,2.040091638029782,0.0108286252354048,22.75450144722081,0.0116439690053604,0.0090149579397663,-78.12606419167616,-4106000000.0,19275000000.0,-75694000000.0,84946000000.0,3880500000.0,2801000000.0,2428500000.0,52.443502824858754,59.38871473354232,52.4294670846395,1.71613250740641,1.515439429928741,1.716591928251121,0.03768,1.7605344559526437,2018-05-02,0.83,bmo,6009954545.0,2025-04-25,2018-03-31,0.0602409638554217,44.39475409836066,7576518.901639344
2017-12-31,SO,USD,92122,2018-02-21,2018-02-20 21:22:00,2017,Q4,5629000000.0,3545000000.0,2084000000.0,0.3702256173,0,0.0,0.0,0.0,-56000000.0,1290000000.0,4835000000.0,0.0,446000000.0,774000000.0,1611000000.0,0.2861964825,794000000.0,0.1410552496,-470000000.0,325000000.0,0.0577367206,-175000000.0,501000000.0,0.0890033754,0.49,0.49,1007061638,1007603100,https://www.sec.gov/Archives/edgar/data/92122/000009212218000012/0000092122-18-000012-index.htm,https://www.sec.gov/Archives/edgar/data/3153/000009212218000012/so_10-kx12312017.htm,5.58952877122701,0.497486927408906,1.1339921578861691,-1.0317144063430206,2.115064182397145,25.67072264945117,18.57979620508591,24.31926614605093,50.87970593513959,48429594171.420006,97092594171.42,24.16646415739521,8.603587523791083,42.40770067549912,-46.61173644987488,1.977444537643216,1.977444537643216,17.248639930968203,60.26852524607077,85.01978473854642,-93.44811758558232,0.0103449142734228,-0.0214538242117492,2.073945531011392,0.457573983153912,30.206703910614525,0.7409151096071797,1.7802690582959642,2.288577154308617,0.0120587423865847,1.1656686626746506,0.0,0.0,0.0643304355659655,1.9098073555166373,0.3874578077811334,2.4423292273236283,0.0024871202700302,16.49898882708761,0.0117747726238019,0.0048236154971886,-78.12183190320273,-3522000000.0,18711000000.0,-75081000000.0,84515000000.0,3774500000.0,2940000000.0,2664000000.0,64.7219754841002,78.09308885754584,66.69393511988717,1.3905632411067197,1.1524707412223667,1.3494480395888846,0.0204564942223674,2.1657065642291897,2018-02-21,0.46,bmo,5076235294.0,2025-04-25,2017-12-31,0.108695652173913,50.95301587301587,4530356.158730159
2017-09-30,SO,USD,92122,2017-11-01,2017-10-31 17:54:28,2017,Q3,6201000000.0,3052000000.0,3149000000.0,0.5078213191,0,0.0,0.0,0.0,11000000.0,1104000000.0,4156000000.0,0.0,407000000.0,881000000.0,2872000000.0,0.4631511047,2045000000.0,0.3297855185,-292000000.0,1699000000.0,0.2739880664,590000000.0,1079000000.0,0.1740041929,1.07,1.06,1003000000,1010000000,https://www.sec.gov/Archives/edgar/data/92122/000009212217000076/0000092122-17-000076-index.htm,https://www.sec.gov/Archives/edgar/data/3153/000009212217000076/so_10qx9302017.htm,6.182452642073779,1.0757726819541376,2.5034895314057826,0.6650049850448654,1.835493519441675,26.221335992023928,19.07377866400797,24.83050847457627,50.38185443668993,49287420000.0,97572420000.0,11.419698795180723,7.948301886792453,19.628602150537635,73.89418290854573,1.9790170648464165,1.9790170648464165,15.734949201741657,33.97368384401114,38.85799283154122,146.28548725637182,0.0218919959697626,0.0135328649785279,2.012688215217828,0.4543897022163803,16.81232590529248,0.7301436165992224,5.024570024570025,2.26012601260126,0.0118082869827635,0.5393883225208527,0.0,0.0,0.0649866291982051,0.7343687773795301,0.2973713917110143,2.0930760499432464,0.0035478148685695,24.51570130874389,0.0128602929670235,0.0104609000833769,-77.96385842472583,-3401000000.0,19131000000.0,-74813000000.0,84533000000.0,3603500000.0,2629000000.0,2631500000.0,50.81277213352685,82.6867627785059,79.64941022280472,1.7712082262210798,1.0884450784593438,1.1299518696778972,0.0433246336077092,1.8384845463609167,2017-11-01,1.07,bmo,5924169642.0,2025-04-25,2017-09-30,0.0467289719626168,48.476507936507936,4576015.095238095
2017-06-30,SO,USD,92122,2017-08-02,2017-08-01 18:43:13,2017,Q2,5430000000.0,2950000000.0,2480000000.0,0.4567219153,0,0.0,0.0,0.0,-3000000.0,4074000000.0,7024000000.0,0.0,424000000.0,860000000.0,-656000000.0,-0.1208103131,-1594000000.0,-0.2935543278,-286000000.0,-1935000000.0,-0.3563535912,-587000000.0,-1370000000.0,-0.2523020258,-1.37,-1.36,998000000,1005000000,https://www.sec.gov/Archives/edgar/data/92122/000009212217000065/0000092122-17-000065-index.htm,https://www.sec.gov/Archives/edgar/data/3153/000009212217000065/so_10qx6302017.htm,5.440881763527054,-1.372745490981964,1.848697394789579,-0.065130260521042,1.435871743486974,25.40981963927856,18.195390781563127,24.0,50.71543086172345,47784240000.0,96541240000.0,-8.71975182481752,8.800044198895028,25.89931707317073,-735.1421538461539,1.995,1.995,17.779233885819522,-147.1665243902439,52.32587533875338,-1485.2498461538462,-0.0286705407473258,-0.0013602811303475,2.095440881763527,0.461797504692503,-74.32469512195122,0.693043682848404,-3.759433962264151,-1.36767976278725,0.0120960383590907,-0.4218978102189781,0.0,0.0,0.066247101689301,1.0352303523035231,0.3517495395948434,2.2209302325581395,0.0022099447513812,,-0.0108613771595314,-0.0134996649718182,-77.9874749498998,-3914000000.0,18159000000.0,-74488000000.0,82984000000.0,3659500000.0,2337500000.0,2536000000.0,61.42541436464088,74.86779661016949,78.16271186440679,1.465191581219644,1.202118989405053,1.1514441842310694,-0.0571977287909151,1.9138276553106213,2017-08-02,0.71,bmo,5281232876.0,2025-04-25,2017-06-30,0.028169014084507,50.135714285714286,4830395.555555556
2017-03-31,SO,USD,92122,2017-05-03,2017-05-02 17:48:08,2017,Q1,5771000000.0,3311000000.0,2460000000.0,0.4262692774,0,0.0,0.0,0.0,-6000000.0,1154000000.0,4465000000.0,0.0,416000000.0,823000000.0,2107500000.0,0.365188009,1306000000.0,0.2263039335,-272000000.0,980000000.0,0.1698145902,315000000.0,669000000.0,0.1159244498,0.66,0.66,993000000,1000000000,https://www.sec.gov/Archives/edgar/data/92122/000009212217000024/0000092122-17-000024-index.htm,https://www.sec.gov/Archives/edgar/data/3153/000009212217000024/so_10qx3312017.htm,5.811681772406848,0.6737160120845922,0.9033232628398792,-0.595166163141994,1.1017119838872105,27.305135951661637,20.068479355488417,26.003021148036257,49.636455186304126,49431540000.0,97210540000.0,18.472174887892372,8.565506844567667,55.1076254180602,-83.64050761421319,1.91439293598234,1.91439293598234,16.844661237220585,46.12599762752076,108.37295429208471,-164.48483925549917,0.0135338692664642,-0.0119559293519886,1.8927617055884745,0.4452715014577259,22.67093712930012,0.6860143275805927,3.139423076923077,1.348872180451128,0.0112478793903649,0.8310911808669657,0.0,0.0,0.0654701166180758,1.6588628762541806,0.2578409287818402,1.8080194410692587,0.0105700918385028,19.85370654248576,0.0085572481070873,0.0065221206153606,-78.13418932527694,-3857000000.0,19928000000.0,-74219000000.0,84213000000.0,3701500000.0,2523000000.0,2646000000.0,56.34552070698319,60.37148897614014,68.22712171549381,1.597287572654304,1.490769923457902,1.3191235059760955,0.0259091437202277,1.498489425981873,2017-05-03,0.6,bmo,5246363636.0,2025-04-25,2017-03-31,0.1,49.41903225806452,5052723.370967742
2016-12-31,SO,USD,92122,2017-02-22,2017-02-21 21:23:49,2016,Q4,5181000000.0,3399000000.0,1782000000.0,0.3439490446,0,0.0,0.0,0.0,-27000000.0,1195000000.0,4594000000.0,0.0,404000000.0,697000000.0,1401000000.0,0.2704111175,587000000.0,0.113298591,-348000000.0,239000000.0,0.0461300907,34000000.0,233000000.0,0.0449720131,0.2,0.2,990200000,990200000,https://www.sec.gov/Archives/edgar/data/92122/000009212217000007/0000092122-17-000007-index.htm,https://www.sec.gov/Archives/edgar/data/3153/000009212217000007/so_10-kx12312016.htm,5.232276307816603,0.2353059987881236,0.6382548980004039,-1.4401131084629368,1.9945465562512623,26.99454655625126,19.702080387800443,25.737224803070088,48.334679862654006,48707938000.0,94189938000.0,52.26173605150214,9.401261918548542,77.06952215189874,-34.157039270687235,1.91123947420051,1.91123947420051,18.179876085697742,67.23050535331906,149.03471202531645,-66.05184992987377,0.0047836145311673,-0.0292765421521231,1.8621542083578573,0.4326189412654858,32.46395431834404,0.7526515444762716,1.452970297029703,2.747826086956522,0.0113123244921597,2.3648068669527897,0.0,0.0,0.0658267773959178,3.2563291139240507,0.3972206137811233,2.5282555282555284,0.0065624396834587,11.673164790973342,0.0049552567105874,0.0022737031109723,-77.51817814582913,-3195000000.0,19509000000.0,-73245000000.0,83516000000.0,3500500000.0,2545000000.0,2670500000.0,65.836711059641,74.80141218005296,73.66284201235658,1.367018469656992,1.2031858407079643,1.221782890007189,0.0091426329213262,2.0783680064633407,2017-02-22,0.33,bmo,7123875000.0,2025-04-25,2016-12-31,-0.2727272727272727,49.13079365079365,5285357.73015873
2016-09-30,SO,USD,92122,2016-11-04,2016-11-04 16:43:30,2016,Q3,6264000000.0,3255000000.0,3009000000.0,0.4803639847,0,0.0,0.0,0.0,21000000.0,1067000000.0,4322000000.0,0.0,374000000.0,695000000.0,2720000000.0,0.4342273308,1942000000.0,0.3100255428,-301000000.0,1641000000.0,0.2619731801,458000000.0,1150000000.0,0.1835887612,1.17,1.17,973504273,979999480,https://www.sec.gov/Archives/edgar/data/92122/000009212216000213/0000092122-16-000213-index.htm,https://www.sec.gov/Archives/edgar/data/3153/000009212216000213/so_10qx9302016.htm,6.434486394904607,1.1812993860377232,2.205434592889558,0.3913696226785847,2.7416417924649417,27.013748916539168,19.65374013309544,25.96187885453688,47.09583847918046,49940769204.9,92745769204.9,10.856688957586956,7.972664304741379,23.26072156725664,131.07813439606298,1.9759740921460789,1.9759740921460789,14.806157280475734,34.09770926650735,43.19784313223101,243.4272157608924,0.0230272784802675,0.0076290374791147,1.7992403260267469,0.4275399108704236,15.737132352941176,0.9139774770511973,5.192513368983957,1.8413379073756435,0.0106125718213406,0.4608695652173913,0.0,0.0,0.0673642842368515,0.8225430833721472,0.2819284802043422,2.199252801992528,0.0028735632183908,26.268743972697457,0.0140393653026674,0.0115930925330403,-75.71332971437302,-909000000.0,19133000000.0,-70406000000.0,82828000000.0,2540000000.0,1879000000.0,2283500000.0,46.13505747126437,62.62672811059908,70.7557603686636,1.950794145126129,1.4370860927152318,1.2719812426729191,0.0455013056896415,1.814064970210973,2016-10-31,1.17,bmo,5725687499.0,2025-04-25,2016-09-30,0.0940170940170941,52.66265625,5630972.625
2016-06-30,SO,USD,92122,2016-08-08,2016-08-08 12:24:43,2016,Q2,4453000000.0,2365000000.0,2088000000.0,0.4688973726,0,0.0,0.0,0.0,-28000000.0,862000000.0,3227000000.0,0.0,293000000.0,569000000.0,1852000000.0,0.4158993937,1226000000.0,0.275320009,-277000000.0,950000000.0,0.2133393218,288000000.0,635000000.0,0.142600494,0.68,0.68,941598673,941598673,https://www.sec.gov/Archives/edgar/data/92122/000009212216000179/0000092122-16-000179-index.htm,https://www.sec.gov/Archives/edgar/data/3153/000009212216000179/so_10qx6302016.htm,4.7291910318994255,0.674384977600749,1.3275294834660414,-0.2655058966932083,2.0263410035625657,25.02552379871504,24.224758014288323,24.15254041038777,42.22287173932752,50497936832.990005,88064936832.99,19.881077493303152,11.340205891082418,40.398349466392,-201.99174733196003,2.220470355860962,2.220470355860962,19.776540946101505,47.55126178887149,70.45194946639201,-352.25974733196,0.0125747711654064,-0.0049506973092151,1.7352915310878552,0.4342764077338703,20.284557235421165,1.779304674653512,4.184300341296928,1.9654088050314464,0.0104162671385886,0.8283464566929134,0.0,0.0,0.0082972940257282,1.2,0.3368515607455647,2.2488755622188905,0.0024702447788008,19.143732251898065,0.009880969918029,0.0070462388619492,-66.90244135465132,6635000000.0,22810000000.0,-52160000000.0,72275000000.0,1751500000.0,1538500000.0,1965000000.0,37.77453402200763,56.81606765327696,76.41437632135307,2.382557517388978,1.5840589417280644,1.177788844621514,0.0279219066045202,1.5930353801592496,2016-07-27,0.7,bmo,4217972972.0,2025-04-25,2016-06-30,0.0571428571428572,50.29203125,5223211.421875
2016-03-31,SO,USD,92122,2016-05-05,2016-05-05 14:14:47,2016,Q1,3965000000.0,2185000000.0,1780000000.0,0.4489281211,0,0.0,0.0,0.0,-18000000.0,850000000.0,3035000000.0,0.0,246000000.0,541000000.0,1579000000.0,0.3982345523,930000000.0,0.2345523329,-222000000.0,719000000.0,0.1813366961,222000000.0,500000000.0,0.1261034048,0.53,0.53,918258425,918258425,https://www.sec.gov/Archives/edgar/data/92122/000009212216000144/0000092122-16-000144-index.htm,https://www.sec.gov/Archives/edgar/data/3153/000009212216000144/so_10qx3312016.htm,4.317956570885805,0.544509025332384,0.9420006138250242,-1.2207892347952047,0.8418109531638656,24.287280565925656,28.976592292088142,23.440024522508462,32.58777614809252,47501508325.25,76425508325.25,23.750754162625,11.980203865132408,54.91503852630058,-42.3742268735504,2.206908953969987,2.206908953969987,19.27503362553594,48.40120856570614,88.35318881531792,-68.17618940700268,0.0105259815451843,-0.0235992506243032,1.3788329306820293,0.3769352892614466,18.3179227359088,0.6951374745417516,3.7804878048780486,1.7404426559356136,0.0104628256559131,0.994,0.0,0.0,-0.0546897821807328,2.2959537572254334,0.5008827238335435,3.107981220657277,0.0146279949558638,16.946219649132985,0.0086104981609383,0.0060211220963138,-58.23360673222247,-2395000000.0,26608000000.0,-50972000000.0,57100000000.0,1840500000.0,1744500000.0,1925500000.0,37.08953341740227,65.24485125858124,79.16704805491992,2.4265605875153,1.3794191919191918,1.1368366285119669,0.02322988292139,2.1627898486202293,2016-04-27,0.53,bmo,3647862068.0,2025-04-25,2016-03-31,0.0943396226415093,48.71622950819672,5586655.721311475
2015-12-31,SO,USD,92122,2016-02-26,2016-02-26 15:42:42,2015,Q4,3606000000.0,2090000000.0,1516000000.0,0.4204104271,0,0.0,0.0,0.0,-18000000.0,938000000.0,3028000000.0,6000000.0,228000000.0,519000000.0,1213000000.0,0.3363838048,578000000.0,0.1602884082,-163000000.0,401000000.0,0.1112035496,118000000.0,297000000.0,0.0823627288,0.3,0.3,911600000,911600000,https://www.sec.gov/Archives/edgar/data/92122/000009212216000126/0000092122-16-000126-index.htm,https://www.sec.gov/Archives/edgar/data/3153/000009212216000126/so_10-kx12312015.htm,3.955682316805616,0.3258007898200965,1.301009214567793,-1.743089074155331,1.564282580078982,24.24308907415533,24.9023694602896,23.38635366388767,31.77490127248793,42653764000.0,69987764000.0,35.90384175084175,11.828553521907931,35.964387858347386,-26.84314915040906,2.000739434307425,2.000739434307425,19.408697726012203,57.69807419620775,59.01160539629005,-44.04516299559472,0.0069630431677729,-0.0372534531770748,1.3479994371218162,0.3669399116422789,22.53421269579555,0.7148647168364552,2.5350877192982457,3.993265993265993,0.0115816273564977,1.6632996632996633,0.0,0.0,-0.0076738425393906,2.339797639123103,0.7695507487520798,4.564144736842105,0.0061009428729894,13.09328381770215,0.0055678962077212,0.0037633522979257,-57.363152698552,-2603000000.0,22701000000.0,-49692000000.0,59150000000.0,2161000000.0,1662000000.0,1833000000.0,51.08985024958403,82.03349282296651,83.066985645933,1.7616023448949685,1.0971128608923884,1.0834629341627786,0.0139312350485482,3.044098288723124,2016-02-03,0.42,bmo,3486909090.0,2025-04-25,2015-12-31,0.0476190476190476,45.33375,4322859.328125
2015-09-30,SO,USD,92122,2015-11-05,2015-11-05 14:52:12,2015,Q3,5401000000.0,2810000000.0,2591000000.0,0.4797259767,0,0.0,0.0,0.0,-21000000.0,942000000.0,3752000000.0,0.0,218000000.0,528000000.0,2265000000.0,0.4193667839,1649000000.0,0.3053138308,-179000000.0,1470000000.0,0.27217182,500000000.0,970000000.0,0.179596371,1.06,1.06,908938919,908938919,https://www.sec.gov/Archives/edgar/data/92122/000009212215000107/0000092122-15-000107-index.htm,https://www.sec.gov/Archives/edgar/data/3153/000009212215000107/so_10qx9302015.htm,5.9420934532565655,1.0671784205996795,3.27964832145118,1.1111857781501815,1.232206011414063,24.2491541942655,28.611383511459035,23.53403463406984,30.086730173339625,40629569679.3,66649569679.3,10.471538577139176,7.522601310738753,13.629510123884604,40.22729671217822,1.8993768257351225,1.8993768257351225,12.340227676226624,29.4258585780574,22.358124682757467,65.98967294980199,0.0238742375973082,0.0248587422404962,1.2682436538731243,0.3606860333710031,11.487858719646798,0.6471256063577252,7.564220183486238,3.076367389060888,0.0121340197272917,0.5082474226804123,0.0,0.0,-0.0527155487602207,0.6611875209661188,0.3649324199222366,3.199675324675325,0.0020366598778004,23.771575736587344,0.0154638761636964,0.0122505683253346,-54.43627615201721,-3419000000.0,26006000000.0,-46904000000.0,52100000000.0,2265500000.0,1407000000.0,1787500000.0,37.90964636178485,45.44839857651245,55.63345195729537,2.3740659340659342,1.9802677942212823,1.6177317213586644,0.0453461736244214,2.1684625433009983,2015-10-28,1.16,bmo,5354837606.0,2025-04-25,2015-09-30,0.0086206896551724,43.87203125,5460046.796875
2015-06-30,SO,USD,92122,2015-08-05,2015-08-05 16:48:40,2015,Q2,4337000000.0,2471000000.0,1866000000.0,0.4302513258,0,0.0,0.0,0.0,-12000000.0,768000000.0,3239000000.0,0.0,180000000.0,500000000.0,1691000000.0,0.3899008531,1098000000.0,0.2531703943,-153000000.0,945000000.0,0.2178925525,302000000.0,643000000.0,0.1482591653,0.69,0.69,908424808,908424808,https://www.sec.gov/Archives/edgar/data/92122/000009212215000066/0000092122-15-000066-index.htm,https://www.sec.gov/Archives/edgar/data/3153/000009212215000066/so_10qx6302015.htm,4.774198108425062,0.7078186266353043,1.3143630485265214,-0.3918871400966848,0.9070646164035626,23.40755097476378,29.488406485702228,23.0167646412404,30.331624320854083,38062999455.2,64623999455.2,14.79898890171073,8.776342968688033,31.8785590077052,-106.9185377955056,1.820412236606246,1.820412236606246,14.900622424533086,38.21643965416913,54.12395264254606,-181.52808835730332,0.0168930459817495,-0.009352915038107,1.3091969965086805,0.3690163249349564,15.707273802483735,0.7597193466758684,6.1,1.8540372670807448,0.0129784832270361,0.7682737169517885,0.0,0.0,-0.0744665075962847,1.2981574539363483,0.3573899008531243,2.6138279932546373,0.0023057412958266,19.145838493100616,0.0106432760439456,0.0080672479769148,-54.47011086029258,-2089000000.0,26788000000.0,-46312000000.0,50377000000.0,2064000000.0,1342000000.0,1871500000.0,46.81577127046346,50.80938891137191,66.94455685957102,1.9224290780141844,1.771326164874552,1.3443960826985857,0.0307523076187287,1.7062501886232064,2015-07-29,0.69,bmo,4214830985.0,2025-04-25,2015-06-30,0.0289855072463768,43.56825396825397,5123037.476190476
2015-03-31,SO,USD,92122,2015-05-07,2015-05-07 14:42:58,2015,Q1,4183000000.0,2478000000.0,1705000000.0,0.4076021994,0,0.0,0.0,0.0,-8000000.0,748000000.0,3226000000.0,0.0,213000000.0,487000000.0,1535000000.0,0.3669615109,957000000.0,0.22878317,-158000000.0,799000000.0,0.191011236,274000000.0,525000000.0,0.1255080086,0.56,0.56,908261371,908261371,https://www.sec.gov/Archives/edgar/data/92122/000009212215000031/0000092122-15-000031-index.htm,https://www.sec.gov/Archives/edgar/data/3153/000009212215000031/so_10qx3312015.htm,4.605502483711817,0.5780274453618705,1.0052172526007384,-0.2025848570411126,1.232024212114158,23.527368533214872,29.55096501621448,23.28404650383397,28.94651345906464,40217813507.88,65183813507.88,19.15133976565714,9.614586064518289,44.05017908858708,-218.57507341239128,1.9017312988405528,1.9017312988405528,15.58302976521157,42.465025086566776,71.39519551794085,-354.25985602108693,0.0130539170135923,-0.0045750871057161,1.2331189710610932,0.364167015779919,16.264495114006515,0.6937397931409908,4.492957746478873,1.739047619047619,0.0118852806333279,0.9104761904761904,0.0,0.0,-0.0763999441418796,1.2015334063526837,0.2622519722687066,1.897923875432526,0.0133875209180014,17.40182183455825,0.009322026115032,0.0068110169821356,-51.489033325848666,-2813000000.0,26840000000.0,-43869000000.0,48144000000.0,1909500000.0,1441000000.0,1937000000.0,40.27731293330146,46.81598062953995,69.18886198547216,2.234508547008547,1.922420480993018,1.300787401574803,0.0248250425572158,1.2078021096418512,2015-04-29,0.58,bmo,4332392857.0,2025-04-25,2015-03-31,-0.0344827586206894,47.506229508196725,5996154.1147540985
2014-12-31,SO,USD,92122,2015-03-02,2015-03-02 10:52:18,2014,Q4,4049000000.0,2728000000.0,1321000000.0,0.3262533959,0,0.0,0.0,0.0,-28000000.0,729000000.0,3457000000.0,5000000.0,217000000.0,424000000.0,1056000000.0,0.2608051371,592000000.0,0.1462089405,-173000000.0,415000000.0,0.1024944431,98000000.0,300000000.0,0.0740923685,0.33,0.33,906000089,908300000,https://www.sec.gov/Archives/edgar/data/92122/000009212215000015/0000092122-15-000015-index.htm,https://www.sec.gov/Archives/edgar/data/3153/000009212215000015/so_10-kx12312014.htm,4.4690944837203,0.3311257952867596,1.2450329902782162,-1.0441500078042487,0.7913906507353555,23.51103521801089,975.8233036994768,23.267105882149643,27.807944288182075,44493664370.79,68760664370.79001,37.078053642325,10.988803252850088,39.44473791736702,-47.03347185072939,2.110705140929317,2.110705140929317,16.982134939686343,65.11426550264206,60.95803578970745,-72.6856917238795,0.0067425329930107,-0.0212614540379606,1.1848671726755218,0.3521706639595053,22.98011363636364,0.7103825136612022,2.728110599078341,3.76,0.0106756772389337,1.5833333333333333,0.0,0.0,-12.16523553713182,1.838652482269504,0.5122252408001976,4.18989898989899,0.0029636947394418,13.166154568934736,0.0068406687790417,0.0003212961515146,-51.28062410157224,-2597000000.0,884096000000.0,-43252000000.0,-809578000000.0,2102500000.0,1487000000.0,1902000000.0,43.27735243269943,52.5549853372434,64.95967741935483,2.079609655880842,1.7124921531701194,1.3854748603351956,0.0142314990512333,2.289182998082465,2015-02-04,0.38,bmo,4017000000.0,2025-04-25,2014-12-31,0.0,47.22296875,5910399.25
2014-09-30,SO,USD,92122,2014-11-06,2014-11-06 13:41:14,2014,Q3,5339000000.0,2871000000.0,2468000000.0,0.46225885,0,0.0,0.0,0.0,-7000000.0,1190000000.0,4061000000.0,0.0,207000000.0,514000000.0,1894000000.0,0.3547480802,1278000000.0,0.2393706687,-151000000.0,1127000000.0,0.2110882188,392000000.0,735000000.0,0.1376662296,0.8,0.8,898000635,899812716,https://www.sec.gov/Archives/edgar/data/92122/000009212214000069/0000092122-14-000069-index.htm,https://www.sec.gov/Archives/edgar/data/3153/000009212214000069/so_10qx9302014.htm,5.945430094267138,0.8184849446125392,2.914251836804102,1.565700451871061,1.5768363014576263,23.371921112282955,29.26835346836921,23.371921112282955,27.46657300526297,39197727717.75,62241727717.75,13.332560448214284,7.341773312933133,14.978115291459686,27.878895958570418,1.867625677422813,1.867625677422813,11.657937388602734,32.86258063239176,23.78361777521972,44.26865413780227,0.0187510869327042,0.0358694261597035,1.1653325709929483,0.3615159487982972,12.166842661034847,0.9082728592162554,6.173913043478261,3.5605442176870747,0.0120160026466716,0.6408163265306123,0.0,0.0,-0.078265882283383,0.4627435995414596,0.2268215021539614,1.9659090909090908,0.0020603109196478,20.74645090212299,0.0131208894553085,0.0100755322211407,-47.48214905215518,-632000000.0,26283000000.0,-40408000000.0,48165000000.0,2048000000.0,1350500000.0,1868000000.0,38.063307735531,43.291536050156736,57.523510971786834,2.3644818423383525,2.0789283128167995,1.5645776566757492,0.0350200114351057,1.3485513849330408,2014-10-29,1.07,bmo,5241036697.0,2025-04-25,2014-09-30,0.0186915887850467,43.92953125,4170805.90625
2014-06-30,SO,USD,92122,2014-08-07,2014-08-07 15:30:09,2014,Q2,4467000000.0,2614000000.0,1853000000.0,0.4148197896,0,0.0,0.0,0.0,-6000000.0,750000000.0,3364000000.0,0.0,210000000.0,504000000.0,1698000000.0,0.3801208865,1103000000.0,0.2469218715,-154000000.0,949000000.0,0.2124468323,321000000.0,628000000.0,0.1405865234,0.68,0.68,895696608,895696608,https://www.sec.gov/Archives/edgar/data/92122/000009212214000044/0000092122-14-000044-index.htm,https://www.sec.gov/Archives/edgar/data/3153/000009212214000044/so_10qx6302014.htm,4.987179766120092,0.7011302648586116,1.0796066339463015,-0.608464959152776,0.65089003887352,22.95085167945617,28.864684502634624,22.95085167945617,27.61314465087268,40646712071.04,64586712071.04,16.181015951847133,9.099331110597715,42.0338284085212,-74.58112306612844,1.9772686710628984,1.9772686710628984,14.458632655258564,38.03693290402827,66.7908087601241,-118.5077285707156,0.0154502041617146,-0.0134082185798319,1.1929269835092668,0.3693222891566265,14.098939929328624,0.8998995647807164,5.252380952380952,1.5398089171974525,0.0115384486494334,0.7468152866242038,0.0,0.0,-0.0797740963855421,1.563598759048604,0.338482202820685,2.541176470588235,0.002686366689053,19.027863151884027,0.0116175809876637,0.0087590833647154,-47.93029203924372,-598000000.0,25854000000.0,-40467000000.0,47774000000.0,1822000000.0,1353000000.0,1881000000.0,37.03156480859637,45.447589900535576,65.451415455241,2.430359085963003,1.9803030303030305,1.37506575486586,0.030549204650484,1.6880715930990775,2014-07-30,0.66,bmo,4335617647.0,2025-04-25,2014-06-30,0.0303030303030303,44.21539682539683,4693085.571428572
2014-03-31,SO,USD,92122,2014-05-08,2014-05-08 13:50:32,2014,Q1,4644000000.0,2820000000.0,1824000000.0,0.3927648579,0,0.0,0.0,0.0,-7000000.0,1124000000.0,3944000000.0,0.0,206000000.0,497000000.0,1287000000.0,0.2771317829,700000000.0,0.1507321275,-156000000.0,544000000.0,0.1171403962,176000000.0,368000000.0,0.0792420327,0.39,0.39,890811428,890811428,https://www.sec.gov/Archives/edgar/data/92122/000009212214000025/0000092122-14-000025-index.htm,https://www.sec.gov/Archives/edgar/data/3153/000009212214000025/so_10qx3312014.htm,5.213224543410325,0.4131065098998707,1.2381969576618408,-0.0864380469083968,0.665685218398433,22.677077735019807,28.613238670754907,22.677077735019807,26.78456882122532,39142254146.32,62206254146.32,26.59120526244565,8.428564630990525,35.487084448159564,-508.3409629392208,1.9376394310341072,1.9376394310341072,13.394972899724376,48.33430780599845,56.39732923510426,-807.8734304716883,0.0094016046859324,-0.001967183589176,1.1709321320726698,0.3648169283444893,17.920745920745922,1.063081695966908,3.3980582524271843,2.9972826086956523,0.0115220753080313,1.2255434782608696,0.0,0.0,-0.0815571115703754,1.069809610154125,0.2540913006029285,2.0102214650766608,0.0060292850990525,14.518301892833309,0.0077161011547313,0.0052476970025382,-46.87748572529539,305000000.0,25489000000.0,-39497000000.0,47484000000.0,1812500000.0,1381000000.0,2079500000.0,35.0,44.23404255319149,59.3936170212766,2.571428571428572,2.034632034632035,1.5153143471252015,0.0182169199544577,1.3246350045702378,2014-04-30,0.55,bmo,3940363636.0,2025-04-25,2014-03-31,0.1999999999999999,41.91295081967213,4396157.606557377
2013-12-31,SO,USD,92122,2014-02-27,2014-02-27 16:36:49,2013,Q4,3927000000.0,2396000000.0,1531000000.0,0.3898650369,0,0.0,0.0,0.0,-42000000.0,743000000.0,3139000000.0,5000000.0,196000000.0,479000000.0,1361000000.0,0.3465749936,799000000.0,0.2034632035,-176000000.0,623000000.0,0.1586452763,192000000.0,431000000.0,0.1097529921,0.47,0.47,885001154,887300000,https://www.sec.gov/Archives/edgar/data/92122/000009212214000012/0000092122-14-000012-index.htm,https://www.sec.gov/Archives/edgar/data/3153/000009212214000012/so_10-kx12312013.htm,4.437282349577592,0.4870050146849865,1.905082261621548,0.2271183479157361,0.7480216234836684,22.75590253072145,841.2746092306226,22.75590253072145,26.543468213375917,36382397440.94,59018397440.94,21.103478794048723,9.26467976596384,21.57912066485172,181.0069524424876,1.8065642505059831,1.8065642505059831,15.02887635368984,43.363995180705366,35.00498068857652,293.62386786537314,0.0118463880974212,0.005524649669563,1.1567108595262925,0.3609054007994298,16.631888317413665,1.0113800578034682,4.076530612244898,3.91183294663573,0.0127809059519741,1.0788863109048723,0.0,0.0,-11.222848820995878,0.8807829181494662,0.3781512605042016,2.5916230366492146,0.0028011204481792,15.790831819072825,0.0090674239191369,0.0005463054037336,-46.58948727201321,63000000.0,744529000000.0,-38808000000.0,-672236000000.0,1939500000.0,1328500000.0,2303000000.0,41.688311688311686,51.68614357262104,86.31886477462437,2.1588785046728973,1.7412790697674418,1.042645778938207,0.0214012612344207,1.677963913705812,2014-01-29,0.46,bmo,3612840000.0,2025-04-25,2013-12-31,0.0869565217391303,41.26375,5709940.75
2013-09-30,SO,USD,92122,2013-11-06,2013-11-06 15:02:03,2013,Q3,5017000000.0,2653000000.0,2364000000.0,0.471197927,0,0.0,0.0,0.0,-10000000.0,873000000.0,3526000000.0,0.0,202000000.0,480000000.0,2076000000.0,0.4137931034,1491000000.0,0.2971895555,-154000000.0,1337000000.0,0.2664939207,468000000.0,869000000.0,0.1732110823,0.97,0.97,878350515,881740546,https://www.sec.gov/Archives/edgar/data/92122/000009212213000076/0000092122-13-000076-index.htm,https://www.sec.gov/Archives/edgar/data/3153/000009212213000076/so_10qx9302013.htm,5.711842726021513,0.989354460616443,2.805258217444092,1.2329929583977075,0.7844248830434168,22.66634977722988,28.517089216939777,22.66634977722988,26.540657291013257,36170474207.7,58598474207.7,10.405775088521288,7.20958226184971,14.679575571306817,33.39840647063711,1.816790105364408,1.816790105364408,11.679982899681084,28.226625340895957,23.781848298579543,54.10754774487534,0.0240251204617883,0.0299415482855198,1.1607815560801646,0.3572035797641312,10.803468208092486,1.0142005610098177,7.381188118811881,2.835443037974684,0.0127452019941132,0.5304948216340621,0.0,0.0,-0.0794318129124998,0.5604707792207793,0.2752641020530197,2.3606837606837607,0.0021925453458241,22.462495872117263,0.015873779538701,0.0124434389140271,-47.133802841796026,81000000.0,25048000000.0,-39003000000.0,46020000000.0,2013000000.0,1374000000.0,2440500000.0,36.95435519234602,43.45646437994724,78.29626837542405,2.4354368932038835,2.07103825136612,1.14948006932409,0.043648601135165,1.572265259046384,2013-10-30,1.11,bmo,5156361111.0,2025-04-25,2013-09-30,-0.027027027027027,43.07546875,4341877.125
2013-06-30,SO,USD,92122,2013-08-06,2013-08-06 12:45:48,2013,Q2,4246000000.0,2448000000.0,1798000000.0,0.4234573716,0,0.0,0.0,0.0,-4000000.0,1158000000.0,3606000000.0,0.0,215000000.0,476000000.0,1112000000.0,0.2618935469,640000000.0,0.1507300989,-169000000.0,471000000.0,0.1109279322,158000000.0,313000000.0,0.073716439,0.34,0.34,873903083,873903083,https://www.sec.gov/Archives/edgar/data/92122/000009212213000050/0000092122-13-000050-index.htm,https://www.sec.gov/Archives/edgar/data/3153/000009212213000050/so_10qx6302013.htm,4.858662342080329,0.3581632861684274,1.3845928954114928,-0.2174154133290773,0.492045409113175,21.937215204903907,27.608324617845525,21.937215204903907,27.268469998062702,38285694066.23,61476694066.23,30.57962784842652,9.016885083897789,31.64106947622314,-201.5036529801579,1.9970629631333785,1.9970629631333785,14.478731527609517,55.28479682214928,50.80718517870248,-323.561547717,0.0081753774519157,-0.0049626891880638,1.2318084606958426,0.3692093619549413,20.855215827338128,0.8169071603593793,2.976744186046512,3.865814696485623,0.0120149317184703,1.4696485623003197,0.0,0.0,-0.0774847172495739,1.1570247933884297,0.3297220913801225,2.4475524475524475,0.0025906735751295,13.296046948675324,0.0070547191869943,0.0045416950824905,-47.60138831092784,-1345000000.0,24127000000.0,-38789000000.0,43888000000.0,1689000000.0,1418000000.0,2648000000.0,41.672162034856335,53.93382352941177,94.59558823529412,2.1597151576805698,1.6687116564417177,0.9514185775359504,0.0163267435188566,1.60200830874057,2013-07-31,0.67,bmo,4374666666.0,2025-04-25,2013-06-30,-0.0149253731343283,45.9840625,4431078.171875
2013-03-31,SO,USD,92122,2013-05-10,2013-05-10 14:31:48,2013,Q1,3897000000.0,2331000000.0,1566000000.0,0.4018475751,0,0.0,0.0,0.0,-6000000.0,1241000000.0,3572000000.0,0.0,211000000.0,466000000.0,907000000.0,0.2327431357,325000000.0,0.0833974852,-197000000.0,128000000.0,0.0328457788,31000000.0,97000000.0,0.0248909418,0.0931,0.0931,870390537,870390537,https://www.sec.gov/Archives/edgar/data/92122/000009212213000031/0000092122-13-000031-index.htm,https://www.sec.gov/Archives/edgar/data/3153/000009212213000031/so_10qx3312013.htm,4.477300515504111,0.111444226328945,0.8467463381900256,-0.5284983929001517,0.5997307849866939,21.9660016823,27.61174320993336,21.9660016823,26.995927691249705,40682053699.380005,63453053699.380005,104.85065386438144,10.439326071177833,55.19953012127544,-88.43924717256523,2.1278337621936294,2.1278337621936294,16.282538798917116,69.95926537969129,86.09640936143828,-137.9414210856087,0.0023843437383171,-0.0113071971095453,1.2179507296406715,0.3680184593988052,25.1058434399118,0.9212610653828234,1.5402843601895737,7.597938144329897,0.0108647415704762,4.556701030927835,0.0,0.0,-0.0776622309321364,1.6241519674355496,0.3071593533487298,2.107394366197183,0.0066717988196048,7.421565968045096,0.0041118077815619,0.0014225376899161,-47.34943482042935,-507000000.0,24033000000.0,-38223000000.0,44131000000.0,1413000000.0,1378000000.0,2771000000.0,32.609699769053115,52.85714285714285,105.13513513513512,2.759915014164306,1.7027027027027026,0.8560411311053985,0.0050734871070662,1.3752447310901772,2013-04-24,0.51,bmo,3976530612.0,2025-04-25,2013-03-31,-0.0392156862745098,44.4845,4392046.316666666
2012-12-31,SO,USD,92122,2013-02-28,2013-02-27 18:33:23,2012,Q4,3703000000.0,2213000000.0,1490000000.0,0.4023764515,0,0.0,0.0,0.0,-16000000.0,676000000.0,2889000000.0,6000000.0,210000000.0,452000000.0,1256000000.0,0.339184445,814000000.0,0.2198217661,-179000000.0,635000000.0,0.1714825817,236000000.0,399000000.0,0.1077504726,0.44,0.44,868000000,868000000,https://www.sec.gov/Archives/edgar/data/92122/000009212213000014/0000092122-13-000014-index.htm,https://www.sec.gov/Archives/edgar/data/3153/000009212213000014/so_10-kx12312012.htm,4.266129032258065,0.4596774193548387,0.9838709677419356,-0.4573732718894009,0.7315668202764977,22.32603686635945,656.7557603686636,22.32603686635945,26.08755760368664,37159080000.0,58965080000.0,23.28263157894737,10.034858223062384,43.511803278688525,-93.59969773299748,1.9174921306568968,1.9174921306568968,15.923597083445856,46.94671974522293,69.04576112412178,-148.5266498740554,0.0107376178312272,-0.0106837951854566,1.1576448733164766,0.3552550317503048,17.361464968152866,0.8785286569717707,3.876190476190476,2.1403508771929824,0.0118948047152943,1.1077694235588973,0.0,0.0,-8.720407290693439,1.464871194379391,0.3378341884958142,2.303867403314917,0.0027005130974885,15.19580329403006,0.0086259215068392,0.000650012869929,-46.84907834101382,-852000000.0,570064000000.0,-37608000000.0,-502261000000.0,1710500000.0,1333500000.0,2674500000.0,34.36672967863894,56.40759150474469,114.64527790329868,2.618811881188119,1.5955299206921414,0.7850301525363604,0.0205892976933794,1.4412442396313363,2013-01-30,0.39,bmo,3282204545.0,2025-04-25,2012-12-31,0.1282051282051281,44.21177419354839,4629880.79032258
2012-09-30,SO,USD,92122,2012-11-07,2012-11-07 16:06:13,2012,Q3,5049000000.0,2623000000.0,2426000000.0,0.4804911864,0,0.0,0.0,0.0,1592000000.0,686000000.0,3309000000.0,0.0,218000000.0,449000000.0,2189000000.0,0.4335511983,1740000000.0,0.3446226976,-178000000.0,1562000000.0,0.3093681917,569000000.0,993000000.0,0.1966726084,1.12,1.12,874105516,874105516,https://www.sec.gov/Archives/edgar/data/92122/000009212212000149/0000092122-12-000149-index.htm,https://www.sec.gov/Archives/edgar/data/3153/000009212212000149/so_10qx9302012.htm,5.776190525721382,1.1360184575245262,2.616388934902912,1.2412689087755395,1.4437616247693374,22.13233945545769,22.13233945545769,22.13233945545769,25.10108859672269,39920398915.72,60387398915.72,10.050452899224572,7.906595150667459,17.455355887940534,36.79299439236866,2.063496273943968,2.063496273943968,11.960269145517923,27.58675144619461,26.404634418766943,55.65658886241475,0.024874500931126,0.0271790871201125,1.1228677762845032,0.3505801849490825,9.349931475559616,1.019333231846552,7.981651376146789,2.303121852970796,0.0111972828964887,0.4501510574018127,0.0,0.0,0.0,0.5255793616090949,0.2380669439492969,2.234200743494424,0.0019805902158843,23.784696506702808,0.0190185820777596,0.0160256927521262,-44.14198205334286,127000000.0,19346000000.0,-35921000000.0,47401000000.0,1953000000.0,1266500000.0,2560500000.0,35.775401069518715,43.919176515440334,86.80899733130003,2.515695067264574,2.04921875,1.0367588932806324,0.0513284399875943,1.375120026127372,2012-11-05,1.13,bmo,5139972972.0,2025-04-25,2012-09-30,-0.0176991150442476,46.47476190476191,4003126.8253968256
2012-06-30,SO,USD,92122,2012-08-06,2012-08-06 11:43:03,2012,Q2,4181000000.0,2384000000.0,1797000000.0,0.4298014829,0,0.0,0.0,0.0,1617000000.0,654000000.0,3038000000.0,0.0,220000000.0,445000000.0,1588000000.0,0.3798134418,1124000000.0,0.2688352069,-175000000.0,968000000.0,0.231523559,329000000.0,639000000.0,0.1528342502,0.71,0.71,874796883,874796883,https://www.sec.gov/Archives/edgar/data/92122/000009212212000113/0000092122-12-000113-index.htm,https://www.sec.gov/Archives/edgar/data/3153/000009212212000113/so10-Q.htm,4.779395173039271,0.7304552775824191,1.359172652653359,0.0731598400082548,0.7533177275849987,21.52613979992885,16.481540206859652,21.52613979992885,25.38532136036429,40503095682.9,61831095682.9,15.84628156607981,9.687418245132742,34.06484077619848,632.8608700453124,2.150873330301099,2.150873330301099,14.788590213561347,38.936458238602015,52.0026036021026,966.1108700453124,0.0157765718700306,0.0015801261340875,1.1675959853433169,0.3610522685846593,13.43073047858942,1.0468134034165573,5.109090909090909,1.8607198748043816,0.0109374355843874,0.6932707355242567,0.0,0.0,0.0724666239716242,0.9461732548359968,0.2690743841186319,2.102803738317757,0.0023917723032767,18.80923588330444,0.0129406724949504,0.0113129381771829,-44.224265943114936,285000000.0,14418000000.0,-35693000000.0,51211000000.0,1697500000.0,1257500000.0,2537000000.0,40.87778043530256,47.30285234899329,97.81459731543625,2.2016850974196944,1.902633679169992,0.9201080663836356,0.0339334076788274,1.286012812645104,2012-07-25,0.68,bmo,4120405797.0,2025-04-25,2012-06-30,0.014705882352941,45.93206349206349,4263067.650793651
2012-03-31,SO,USD,92122,2012-05-07,2012-05-07 11:19:36,2012,Q1,3604000000.0,2172000000.0,1432000000.0,0.397336293,0,0.0,0.0,0.0,1633000000.0,666000000.0,2838000000.0,0.0,211000000.0,441000000.0,1207000000.0,0.3349056604,766000000.0,0.2125416204,-182000000.0,584000000.0,0.1620421754,200000000.0,384000000.0,0.1065482797,0.42,0.42,868690126,868690126,https://www.sec.gov/Archives/edgar/data/92122/000009212212000076/0000092122-12-000076-index.htm,https://www.sec.gov/Archives/edgar/data/3153/000009212212000076/march3110q.htm,4.148775141021921,0.4420448540933456,0.653858013346407,-0.763218068395542,1.2018094470662832,21.18822287615135,16.119672114242494,21.18822287615135,25.5234856899939,39030247361.18,59947247361.18,25.410317292434897,10.829702375466148,68.71522422742957,-58.86915137432881,2.120517622578507,2.120517622578507,16.63353145426748,49.66631927189727,105.54092845278169,-90.41817098217194,0.0098385233495069,-0.016986825470633,1.193143540149951,0.3667869191969803,17.329743164871584,0.9563083742282728,3.6303317535545023,1.4791666666666667,0.0109146118408592,1.109375,0.0,0.0,0.0735377626348665,2.1672535211267605,0.3415649278579356,2.32703213610586,0.0069367369589345,14.516826788943108,0.0089197448576462,0.0069225360999441,-43.81366710734318,-276000000.0,14003000000.0,-35427000000.0,49928000000.0,1672500000.0,1407500000.0,2376500000.0,37.35849056603773,52.29281767955801,102.88674033149172,2.409090909090909,1.7210776545166402,0.8747482883608538,0.0208627621427795,1.417076081741949,2012-04-25,0.46,bmo,3947238095.0,2025-04-25,2012-03-31,-0.0869565217391305,44.69516129032258,4572054.661290322
2011-12-31,SO,USD,92122,2012-02-24,2012-02-24 16:40:28,2011,Q4,3696000000.0,1353000000.0,2343000000.0,0.6339285714,0,0.0,0.0,0.0,1754000000.0,1754000000.0,3107000000.0,0.0,219000000.0,518000000.0,1107000000.0,0.299512987,589000000.0,0.1593614719,-216000000.0,373000000.0,0.1009199134,96000000.0,277000000.0,0.0749458874,0.32,0.32,866000000,868690126,https://www.sec.gov/Archives/edgar/data/92122/000009212212000016/0000092122-12-000016-index.htm,https://www.sec.gov/Archives/edgar/data/3153/000009212212000016/form10-k2011.htm,4.267898383371825,0.3198614318706697,1.5069284064665127,-0.1212471131639722,1.5184757505773672,21.11431870669746,15.915704387990765,21.11431870669746,24.759815242494227,40087140000.0,59995140000.0,36.17972924187725,10.846087662337665,30.718114942528736,-381.7822857142857,2.1923511074651354,2.1923511074651354,16.2324512987013,54.19615176151761,45.97328735632184,-571.3822857142857,0.0069099466811551,-0.0026192938683078,1.1606781514902926,0.3580913493174954,17.983739837398375,0.9536262733769196,2.689497716894977,4.7111913357400725,0.0105769580967861,1.530685920577617,0.0,0.0,0.0759613275515885,1.0804597701149423,0.3814935064935065,2.722007722007722,0.0018939393939393,12.32709474394527,0.0079145859425761,0.0050579749840226,-42.89289838337182,-305000000.0,13783000000.0,-34710000000.0,49152000000.0,1959500000.0,1454000000.0,2100000000.0,45.02435064935065,103.30376940133036,150.99778270509978,1.9989183342347216,0.871216999356085,0.5960352422907489,0.0151490292589554,1.628175519630485,2012-01-25,0.3,bmo,3696000000.0,2025-04-25,2011-12-31,0.0,43.6684126984127,4963678.238095238
2011-09-30,SO,USD,92122,2011-11-07,2011-11-07 13:49:30,2011,Q3,5428000000.0,3106000000.0,2322000000.0,0.4277818718,0,0.0,0.0,0.0,1653000000.0,670000000.0,3776000000.0,0.0,217000000.0,431000000.0,2083000000.0,0.3837509211,1652000000.0,0.3043478261,-176000000.0,1476000000.0,0.2719233604,543000000.0,933000000.0,0.1718865144,1.06,1.06,861928103,861928103,https://www.sec.gov/Archives/edgar/data/92122/000009212211000140/0000092122-11-000140-index.htm,https://www.sec.gov/Archives/edgar/data/3153/000009212211000140/G28005-10Q.HTM,6.297509016247959,1.0824568740160918,2.562858772456106,1.415431282207537,1.7588473965792015,21.277876816136253,17.06174789847872,21.277876816136253,24.33845691651616,36519893724.11,55764893724.11,9.785609250833332,6.728057060447679,16.532319476736077,29.934339118122956,1.991270104913304,1.991270104913304,10.27356185042557,26.77143241675948,25.244406393893165,45.708929282057376,0.0255477194717038,0.0334064498986909,1.1320065430752453,0.3620494218997959,9.239078252520404,1.1481350539155029,7.612903225806452,2.367631296891747,0.0115827281206117,0.4533762057877814,0.0,0.0,0.0633730359416144,0.447713897691263,0.1822033898305084,1.905587668593449,0.0014738393515106,22.76463574367317,0.0194409657169513,0.0173713902697871,-40.571249363243005,838000000.0,14706000000.0,-32508000000.0,48212000000.0,2045500000.0,1389000000.0,1998500000.0,34.32203389830509,39.26271732131359,55.924018029620086,2.6222222222222222,2.292250922509225,1.6093264248704664,0.0508724100327153,1.1474274902485688,2011-10-26,1.04,bmo,5275813084.0,2025-04-25,2011-09-30,0.0288461538461538,40.72484375,6409408.5
2011-06-30,SO,USD,92122,2011-08-05,2011-08-05 12:26:04,2011,Q2,4521000000.0,2730000000.0,1791000000.0,0.396151294,0,0.0,0.0,0.0,1567000000.0,656000000.0,3386000000.0,0.0,199000000.0,429000000.0,1564000000.0,0.3459411635,1136000000.0,0.2512718425,-167000000.0,968000000.0,0.2141119221,349000000.0,620000000.0,0.1371378014,0.7,0.7,857652680,857652680,https://www.sec.gov/Archives/edgar/data/92122/000009212211000103/0000092122-11-000103-index.htm,https://www.sec.gov/Archives/edgar/data/3153/000009212211000103/so10-qmarch2011.htm,5.271364627462017,0.7229033552369941,1.6218686566688043,0.4092565769164273,0.50953026812672,20.624899114172884,16.356271398813796,20.624899114172884,24.443461192239266,34632015218.4,54960015218.4,13.96452226548387,7.660255522760451,24.897207202300503,98.66671002393164,1.9578277584035275,1.9578277584035275,12.156605887723956,35.14067469207161,39.51115400316319,156.58123993846155,0.0179025100355867,0.010135130681437,1.1738933800667082,0.3706513396283669,12.997442455242966,0.965432532023162,5.708542713567839,2.2435483870967743,0.0120697567659278,0.6741935483870968,0.0,0.0,0.0653481605769059,0.7476635514018691,0.230037602300376,2.0392156862745097,0.0013271400132714,18.315859175830436,0.0138275388229963,0.0118406477980214,-41.214527540449126,-197000000.0,14028000000.0,-32832000000.0,46677000000.0,1804500000.0,1369000000.0,2122500000.0,40.232249502322496,46.91208791208791,68.14285714285714,2.2370113805047005,1.9184820801124385,1.320754716981132,0.0350500310927695,1.2126120797523772,2011-07-27,0.64,bmo,4075267605.0,2025-04-25,2011-06-30,0.1093749999999999,39.35968253968254,3743177.936507937
2011-03-31,SO,USD,92122,2011-05-06,2011-05-06 16:30:01,2011,Q1,4012000000.0,2520000000.0,1492000000.0,0.371884347,0,0.0,0.0,0.0,1582000000.0,638000000.0,3158000000.0,0.0,222000000.0,418000000.0,1272000000.0,0.3170488534,854000000.0,0.2128614158,-185000000.0,669000000.0,0.1667497507,231000000.0,438000000.0,0.1091724826,0.5,0.5,848000000,848000000,https://www.sec.gov/Archives/edgar/data/92122/000009212211000051/0000092122-11-000051-index.htm,https://www.sec.gov/Archives/edgar/data/3153/000009212211000051/g26628e10vq.htm,4.731132075471698,0.5165094339622641,1.17688679245283,-0.1037735849056603,0.4834905660377358,20.25,16.06485849056604,20.25,24.80306603773585,32317280000.0,52718280000.0,18.44593607305936,8.055154536390827,32.38204408817636,-367.2418181818182,1.8819753086419757,1.8819753086419757,13.140149551345962,41.44518867924528,52.82392785571143,-599.0713636363637,0.0135531208071966,-0.0027230014407153,1.211914744933613,0.3782511496028645,16.038522012578618,0.8679807851581911,3.846846846846846,2.278538812785388,0.0124082224741686,0.9155251141552512,0.0,0.0,0.064504989185554,1.088176352705411,0.2706879361914257,2.167664670658682,0.0052342971086739,15.340619637063446,0.0108230947780329,0.0085098115407033,-41.45872641509434,-797000000.0,13623000000.0,-32607000000.0,45386000000.0,1704000000.0,1295000000.0,2156500000.0,35.62313060817547,46.96428571428572,77.78571428571429,2.526448362720403,1.9163498098859315,1.1570247933884297,0.0255066387141858,1.2806603773584906,2011-04-27,0.5,bmo,4012000000.0,2025-04-25,2011-03-31,0.0,37.88274193548387,4284589.467741936
2010-12-31,SO,USD,92122,2011-02-25,2011-02-25 15:19:39,2010,Q4,3771352000.0,1553948000.0,2217404000.0,0.5879599677,0,0.0,0.0,0.0,1746964000.0,1746964000.0,3300912000.0,8943000.0,228711000.0,454489000.0,953565000.0,0.2528443381,470440000.0,0.1247404114,-200075000.0,270365000.0,0.0716891449,100890000.0,169475000.0,0.0449374654,0.2,0.2,841000000,848000000,https://www.sec.gov/Archives/edgar/data/92122/000009212211000013/0000092122-11-000013-index.htm,https://www.sec.gov/Archives/edgar/data/3153/000009212211000013/g24641xxe10vk.htm,4.4843662306777645,0.2015160523186682,0.5521985731272295,-0.865385255648038,0.5315101070154578,20.105826397146256,20.105826397146256,20.105826397146256,24.947337693222355,32151430000.0,52456430000.0,47.42798347838914,8.525173465643089,69.23234115491204,-44.17685620420204,1.9014388787036487,1.9014388787036487,13.909184292529575,55.01085924923839,112.95551885339977,-72.07642599709531,0.0052711496813672,-0.0226362870951618,1.227275415459223,0.3770896932693705,21.29377651235102,0.9089925834363412,2.056918993839387,2.7402212715739784,0.012382995095397,2.349201947189851,0.0,0.0,0.0,2.567163150652779,0.3161168726758998,2.623139393912724,0.0012443813253178,9.547882078950346,0.0057642904629811,0.0030795718854484,-41.90665873959572,-589000000.0,16909000000.0,-32240000000.0,41413000000.0,1857000000.0,1218000000.0,2083000000.0,43.432699997242366,73.84416981778027,123.65278632232224,2.072171428571429,1.2187827450980393,0.7278444964871195,0.0100227689396179,1.4175838287752676,2011-01-26,0.18,bmo,3771400000.0,2025-04-25,2010-12-31,0.0,37.98078125,3456135.90625
2010-09-30,SO,USD,92122,2010-11-05,2010-11-05 15:09:36,2010,Q3,5320000000.0,3199000000.0,2121000000.0,0.3986842105,0,0.0,0.0,0.0,1682000000.0,662000000.0,3861000000.0,5463000000.0,225000000.0,427000000.0,2010000000.0,0.3778195489,1459000000.0,0.2742481203,-183000000.0,1276000000.0,0.2398496241,442000000.0,834000000.0,0.1567669173,0.98,0.98,836000000,836000000,https://www.sec.gov/Archives/edgar/data/92122/000009212210000126/0000092122-10-000126-index.htm,https://www.sec.gov/Archives/edgar/data/3153/000009212210000126/g24757e10vq.htm,6.363636363636363,0.9976076555023924,2.525883971291866,1.379836124401914,334.1794258373206,20.73803827751196,20.73803827751196,20.73803827751196,22.45334928229665,31132640000.0,48419640000.0,9.33232613908873,5.852,14.743353385687612,26.988712167643516,1.795733979350522,1.795733979350522,9.101436090225564,24.08937313432836,22.92988526921505,41.97471615709167,0.0267886051423843,0.0370525275081072,1.0697352483128568,0.3378449767738409,8.60049751243781,1.1026026026026026,6.484444444444445,2.533663773812652,0.0127026169319402,0.4741798561151079,0.0,0.0,0.0,0.4537214931150637,0.1800932330827067,1.8825767102615696,0.0008454887218045,21.575207514165896,0.019363027023256,0.0151926404954913,292.1674641148325,615000000.0,17337000000.0,-30949000000.0,5072000000.0,1797500000.0,1222000000.0,2109500000.0,32.04135338345865,32.66333229134104,57.13973116598937,2.808870116156283,2.755383290267011,1.5750861644510097,0.0481052085135836,1.1460478468899522,2010-10-27,0.99,bmo,5374184693.0,2025-04-25,2010-09-30,-0.0101010101010101,36.10453125,4210885.5625
2010-06-30,SO,USD,92122,2010-08-06,2010-08-06 13:40:06,2010,Q2,4207000000.0,2675000000.0,1532000000.0,0.3641549798,0,0.0,0.0,0.0,1500000000.0,581000000.0,3256000000.0,4807000000.0,219000000.0,367000000.0,1438000000.0,0.3418112669,951000000.0,0.2260518184,-178000000.0,774000000.0,0.1839790825,248000000.0,526000000.0,0.1250297124,0.62,0.62,828000000,828000000,https://www.sec.gov/Archives/edgar/data/92122/000009212210000079/0000092122-10-000079-index.htm,https://www.sec.gov/Archives/edgar/data/3153/000009212210000079/g22124e10vq.htm,5.080917874396135,0.6352657004830918,0.816427536231884,-0.2483985507246376,344.8152173913044,20.065217391304348,20.065217391304348,20.066425120772948,23.231884057971016,27555840000.0,46306840000.0,13.096882129277564,6.54999762300927,40.76295632261443,-133.9782374048251,1.6584917243454709,1.6584917243454709,11.007092940337532,32.20225312934632,68.50103993775167,-225.1467856899754,0.0190885126347082,-0.0074638987597547,1.14456816130003,0.3562970734814704,13.039638386648122,0.9307497893850042,4.342465753424658,1.2842251642796487,0.0142280184527127,0.74537072243346,0.0,0.0,0.0,1.3042505791402983,0.2095735678630853,1.976785534118808,0.0011495127169004,16.935731789241796,0.0133748643799885,0.0098549855735002,303.2810990338164,-411000000.0,16614000000.0,-31236000000.0,3491000000.0,1687008000.0,1256054000.0,2149870000.0,36.389351081530776,43.16635514018691,73.61495327102803,2.4732510288065845,2.084957131722525,1.2225776965265085,0.0316581402347276,1.0648260869565218,2010-07-28,0.59,bmo,4003911290.0,2025-04-25,2010-06-30,0.0508474576271186,33.75650793650794,5073019.063492063
2010-03-31,SO,USD,92122,2010-05-07,2010-05-07 15:20:14,2010,Q1,4157000000.0,2680000000.0,1477000000.0,0.355304306,0,0.0,0.0,0.0,1463599000.0,555000000.0,3235000000.0,4787000.0,222000000.0,343000000.0,1391000000.0,0.3346163098,921994000.0,0.22179312,-175000000.0,747000000.0,0.1796968968,236000000.0,511000000.0,0.1229251864,0.6,0.6,823000000,823000000,https://www.sec.gov/Archives/edgar/data/92122/000009212210000041/0000092122-10-000041-index.htm,https://www.sec.gov/Archives/edgar/data/3153/000009212210000041/g22664e10vq.htm,5.051032806804375,0.6208991494532199,0.8978857837181045,-0.3828432563791008,0.4119684082624544,19.322205346294044,19.322205346294044,19.322205346294044,24.70657958687728,27290680000.0,47063145000.0,13.351604696673188,6.56499398604763,36.93120060625744,-86.61508188396597,1.7161602107887757,1.7161602107887757,11.321420495549676,33.83403666427031,63.68835254952907,-149.3688745715374,0.0187243410570934,-0.0115453334251839,1.264702155522751,0.3824933014036028,14.214568655643422,0.9463783173852042,4.153126126126126,1.4469466598003144,0.013753339968077,0.7345166340508806,0.0,0.0,0.0,1.426383024791599,0.2535578542217945,2.5002846515864583,0.0045641087322588,16.429719092673942,0.0128512137567131,0.0097185158361884,-41.34652247873633,-295772000.0,15902175000.0,-31457739000.0,39702624000.0,1685008000.0,1279054000.0,2176370000.0,36.22117873466442,41.27601492537314,70.91664179104478,2.4847341567564207,2.180443053010801,1.2690956273026035,0.0321339690954224,1.2807290400972051,2010-04-28,0.44,bmo,3048686666.0,2025-04-25,2010-03-31,0.3636363636363636,32.53262295081967,4389779.508196721
2009-12-31,SO,USD,92122,2010-02-25,2010-02-25 16:38:34,2009,Q4,3510047000.0,1429445000.0,2080602000.0,0.5927561654,0,0.0,0.0,0.0,1603749000.0,1603749000.0,3033194000.0,5209000.0,220098000.0,477146000.0,1029517000.0,0.2933057592,476853000.0,0.1358537364,-144580000.0,332273000.0,0.0946634048,67167000.0,265106000.0,0.0755277636,0.32,0.32,810975000,823000000,https://www.sec.gov/Archives/edgar/data/92122/000009212210000009/0000092122-10-000009-index.htm,https://www.sec.gov/Archives/edgar/data/3153/000009212210000009/g21794e10vk.htm,4.32818150991091,0.3268978698480224,1.1137408674743363,-0.7247757329140849,0.8508277073892537,19.217608434292057,19.217608434292057,19.217608434292057,24.788801134436945,27021687000.0,46214687000.0,25.481964761265303,7.698383241022129,29.917192565233563,-45.97284164859002,1.7338265640038495,1.7338265640038495,13.166401190639329,44.88967836373756,51.16681613257516,-78.6264931308749,0.0098108604396165,-0.0217519727765331,1.275777991658646,0.382027437267033,18.642722752514043,1.0517550143266476,2.1665485374696725,3.4069994643651973,0.0135593680735033,1.382077357736151,0.0,0.0,0.0,1.6507579582292609,0.4247780727722449,3.1248108545392816,0.0006125274106016,11.889045099028262,0.0078910693485271,0.0050936863543788,-41.15755726132125,289000000.0,15585000000.0,-30588000000.0,39519000000.0,1783964500.0,1243780000.0,2204829500.0,43.51223787031911,83.67583222859221,141.09671935611374,2.068383618149676,1.0755793829947329,0.6378603302097278,0.0170103304459416,1.8385166003884208,2010-01-27,0.3,bmo,3396774193.0,2025-04-25,2009-12-31,0.0333333333333333,32.481875,4569472.3125
2009-09-30,SO,USD,92122,2009-11-06,2009-11-06 11:10:39,2009,Q3,4682000000.0,1901000000.0,2781000000.0,0.5939769329,0,0.0,0.0,0.0,1365888000.0,1366000000.0,3267000000.0,6013000.0,226000000.0,332000000.0,1883962000.0,0.4023840239,1415276000.0,0.3022802221,-173159000.0,1243000000.0,0.2654848355,436000000.0,806170000.0,0.1721849637,0.99,0.99,798000000,798000000,https://www.sec.gov/Archives/edgar/data/92122/000009212209000089/0000092122-09-000089-index.htm,https://www.sec.gov/Archives/edgar/data/3153/000009212209000089/form10q9-09.htm,5.867167919799499,1.0102380952380952,2.1806629072681702,0.9450112781954888,0.7604774436090226,18.88397994987469,18.88397994987469,18.88397994987469,24.70328822055138,25272660000.0,44153023000.0,7.837261371670989,5.397834258863734,14.52310666377806,33.512827551089416,1.6770829075260782,1.6770829075260782,9.430376548483554,23.436259860867683,25.372836201541343,58.54914542665017,0.0318988978603755,0.0298393204356011,1.2931638492161872,0.3857007394495078,10.021626232376237,1.1363827454871644,6.262283185840708,2.158563330314946,0.0144390024635317,0.452648945011598,0.0,0.0,0.0,0.566640366539112,0.2106044425459205,2.373164861612515,0.0004045279794959,20.71809857441568,0.0196229399151991,0.0159561138683482,-40.55188439849624,705919000.0,15069416000.0,-29572858000.0,38847698000.0,1890849500.0,1289047000.0,2165059000.0,35.96403460059803,54.85028932140978,102.67191478169384,2.502500094872654,1.640829995856926,0.876578567677076,0.0534970963705561,1.2356516290726818,2009-10-28,0.98,bmo,4634212121.0,2025-04-25,2009-09-30,0.010204081632653,31.51625,4085486.390625
2009-06-30,SO,USD,92122,2009-08-06,2009-08-06 12:42:06,2009,Q2,3885164000.0,1582326000.0,2302838000.0,0.5927260728,0,0.0,0.0,0.0,1416644000.0,1416644000.0,2998970000.0,4870000.0,232830000.0,438521000.0,1391876000.0,0.3582541175,886194000.0,0.2280969349,-165669000.0,720525000.0,0.1854554917,225717000.0,494808000.0,0.1273583303,0.61,0.6,790748000,792068000,https://www.sec.gov/Archives/edgar/data/92122/000009212209000063/0000092122-09-000063-index.htm,https://www.sec.gov/Archives/edgar/data/3153/000009212209000063/form10q-q209.htm,4.913277049072524,0.6257467612943693,0.2763004142912786,-1.0600886755325338,0.9887359816275224,18.325733356265207,18.325733356265207,18.325733356265207,25.726327477274683,24639707680.0,43968078680.0,12.4491255598131,6.341999380206344,112.7757990516468,-29.39376744530058,1.700341230237698,1.700341230237698,11.316917041339826,31.58907738907776,201.24164094395928,-52.45141283821426,0.0200817317488565,-0.0340208175716474,1.3877690050753442,0.3988772131427208,13.88656101549276,1.1283133566270311,3.8061847700038656,0.441553087258088,0.014596195891233,0.7268395013823543,0.0,0.0,0.0,4.836724886032845,0.2719954678875846,2.4097979344204723,0.0005150361735051,16.06279977652124,0.0129641721835615,0.0098142991272654,-41.26518688634053,726608000.0,14491037000.0,-29536642000.0,38224554000.0,1760567000.0,1529468500.0,2052962000.0,44.26307357939073,80.7406691162251,122.94009578304345,2.0332975711362438,1.1146798879068764,0.7320638513152459,0.0341457964671541,1.3363890898238124,2009-07-29,0.59,bmo,3820446666.0,2025-04-25,2009-06-30,0.0169491525423729,29.62920634920635,5085382.142857143
2009-03-31,SO,USD,92122,2009-05-07,2009-05-07 17:28:16,2009,Q1,3666307000.0,1513911000.0,2152396000.0,0.5870746776,0,202000000.0,0.0,202000000.0,1460719000.0,1662719000.0,3176630000.0,6908000.0,225727000.0,456833000.0,991645000.0,0.2704751675,489677000.0,0.1335613739,-180592000.0,309085000.0,0.0843041786,167169000.0,141916000.0,0.0387081606,0.16,0.16,779858000,781645000,https://www.sec.gov/Archives/edgar/data/92122/000009212209000035/0000092122-09-000035-index.htm,https://www.sec.gov/Archives/edgar/data/3153/000009212209000035/g18925e10vq.htm,4.701249458234704,0.1819767188385578,0.514364153474094,-0.9425831369300564,0.8619261455290579,17.900790913217534,13.38925291527432,17.900790913217534,25.3800589338059,23879251960.0,42774186960.0,42.06582055582175,6.513162143813925,59.52980936402322,-32.485198175439166,1.7105389448122594,1.7105389448122594,11.666831762861102,43.13457634536553,106.6339598784437,-58.18975998563424,0.0059430672383591,-0.0307832507162004,1.401648271946963,0.3948396793243448,19.054132275158956,1.0898542164341736,2.169332866692952,2.826538233884833,0.0143658185178762,2.417239775641929,0.0550963135383916,0.0,0.0709960430706275,2.8325210467403417,0.309906399000411,2.48714957106864,0.0046245445348684,8.561212641183136,0.0049026329714364,0.0030825334003927,-41.98822542052528,490451000.0,10441716000.0,-29648291000.0,40776538000.0,1629682000.0,1444701500.0,1859732500.0,39.530993994774576,97.4603328729364,115.5958639576567,2.2766945858203487,0.9234526226925288,0.7785745693545525,0.0101658479628512,1.4569472904041505,2009-04-29,0.41,bmo,3579007142.0,2025-04-25,2009-03-31,0.024390243902439,31.897704918032787,5393409.0
2008-12-31,SO,USD,92122,2009-02-25,2009-02-25 13:54:36,2008,Q4,3802404000.0,1737732000.0,2064672000.0,0.5429912234,0,0.0,0.0,0.0,1595525000.0,1595525000.0,3333257000.0,12263000.0,200877000.0,438304000.0,902554000.0,0.2373640465,469147000.0,0.1233816817,-205774000.0,263373000.0,0.0692648651,77395000.0,185978000.0,0.0489106365,0.24,0.24,776106000,779858000,https://www.sec.gov/Archives/edgar/data/92122/000009212209000011/0000092122-09-000011-index.htm,https://www.sec.gov/Archives/edgar/data/3153/000009212209000011/so10k123108.htm,4.899335915454848,0.2396296382195215,1.0454306499369932,-0.3730379613094087,0.5372977402571298,18.50005025086779,13.704313586030777,18.50005025086779,23.948889713518515,28715922000.0,46684922000.0,38.601235092322746,7.552043917479573,35.392113290565895,-99.18561604327208,1.999994567488508,1.999994567488508,12.277738504377757,51.72535050534373,57.53874273600661,-161.25105606924637,0.0064764767086357,-0.0100821070624164,1.280540465245856,0.3802924690259995,19.909058072979565,1.0252583237657864,2.335493859426415,4.362693436858123,0.0113373340406761,1.7505403864973277,0.0,0.0,0.0769851283430202,1.3568270753606575,0.2895226283161915,2.5116859531284224,0.0005969907458544,9.987297324342276,0.0074127472671136,0.0041675742296918,-40.51991609393562,132000000.0,10636000000.0,-28631000000.0,39732000000.0,1796977500.0,1218730000.0,1678260000.0,39.03057118601811,64.7395570778463,91.93017105054174,2.3058847786537293,1.3901856,0.979003943661972,0.0129529182337372,1.418468611246402,2009-01-28,0.25,bmo,3656153846.0,2025-04-25,2008-12-31,0.04,35.4084375,6945985.828125
2008-09-30,SO,USD,92122,2008-11-06,2008-11-06 11:21:04,2008,Q3,5426499000.0,2531087000.0,2895412000.0,0.5335690654,0,0.0,0.0,0.0,1490716000.0,1490716000.0,4021803000.0,9744000.0,219067000.0,433905000.0,1884118000.0,0.3472069192,1404696000.0,0.2588586122,-173550000.0,1214951000.0,0.223892237,434515000.0,796631000.0,0.1468038601,1.01,1.0,772622000,776903000,https://www.sec.gov/Archives/edgar/data/92122/000009212208000061/0000092122-08-000061-index.htm,https://www.sec.gov/Archives/edgar/data/3153/000009212208000061/soco10q9-08.htm,7.023484964186886,1.0310747040596824,1.5648337738247164,0.4298143205862634,1.0432255359024205,18.749037692429155,12.960038673503991,18.749037692429155,23.82908200905488,29120123180.0,46505910180.0,9.138523099151302,5.366281866079769,24.085625342734847,87.68902801700774,2.0102365048430824,2.0102365048430824,8.570149958564445,24.6831197302929,38.46563154608051,140.0426102431915,0.0273567180700366,0.0114039352768974,1.2558268481274817,0.3711678050770429,9.227546788470786,0.9887985862425168,6.41217527057932,1.5491661071503622,0.0111209694408991,0.4065169444824517,0.0,0.0,0.0912567565370107,0.7253290874878517,0.16160345740412,2.0210437768636,0.0003678246324195,20.855750190962144,0.019817411422292,0.0178858873155264,-40.73264125277303,-65984000.0,10013211000.0,-28701729000.0,39518821000.0,1963943500.0,1291920000.0,1582110000.0,32.257621350340244,42.2235189861115,56.23544350707819,2.790038329935654,2.1315134825594124,1.6004141585310334,0.0549934733170881,1.135019453238453,2008-10-23,1.02,bmo,5480227722.0,2025-04-25,2008-09-30,-0.0098039215686274,36.79609375,5131376.265625
2008-06-30,SO,USD,92122,2008-08-06,2008-08-06 11:23:29,2008,Q2,4215187000.0,1819334000.0,2395853000.0,0.568385934,0,0.0,0.0,0.0,1471785000.0,1471785000.0,3291119000.0,1188000.0,228947000.0,424101000.0,1310578000.0,0.3109181159,924068000.0,0.2192234888,-266539000.0,641334000.0,0.15214841,224952000.0,432577000.0,0.1026234423,0.54,0.54,769122000,773140000,https://www.sec.gov/Archives/edgar/data/92122/000009212208000048/0000092122-08-000048-index.htm,https://www.sec.gov/Archives/edgar/data/3153/000009212208000048/soco10q06-08.htm,5.480518045251599,0.5624296275493355,1.1150103624652523,-0.1465190177891153,0.2521927600562719,18.010583496506406,12.443837258588363,18.010583496506406,23.24684120334615,26857740240.0,44314483240.0,15.521941897049544,6.371660436417175,31.31809458953636,-238.33083600287512,1.938860004550857,1.938860004550857,10.513052740008924,33.812930813732564,51.67393702504376,-393.2388854478175,0.0161062321749523,-0.0041958481612003,1.2742045818120495,0.3688122352141757,13.31988099907064,0.9408806389402776,4.036165575438857,2.059596716476697,0.0120127008868561,0.7458417807696665,0.0,0.0,0.0894622463773491,1.131405969595804,0.2301843310866161,0.0,0.0,15.096951009307867,0.0135672557282844,0.0099267848073472,-40.99922118987625,-337332000.0,9570829000.0,-28637303000.0,38506745000.0,2103215000.0,1274609000.0,1542682500.0,42.33830669908595,69.07703588236134,78.29403506997615,2.1257345183798537,1.3028931952620346,1.149512857774689,0.0312277293880252,1.261529380254368,2008-07-30,0.57,bmo,3813661904.0,2025-04-25,2008-06-30,0.1052631578947369,36.11984375,3726948.09375
2008-03-31,SO,USD,92122,2008-05-07,2008-05-07 15:34:19,2008,Q1,3682910000.0,1544847000.0,2138063000.0,0.580536315,0,0.0,0.0,0.0,1429974000.0,1429974000.0,2974821000.0,9805000000.0,217109000.0,407690000.0,1178335000.0,0.3199467269,708089000.0,0.1922634547,-154552000.0,537342000.0,0.1459014746,178138000.0,375399000.0,0.1019299956,0.47,0.47,766150000,770322000,https://www.sec.gov/Archives/edgar/data/92122/000009212208000032/0000092122-08-000032-index.htm,https://www.sec.gov/Archives/edgar/data/3153/000009212208000032/soco1stqtr10q.htm,4.807035175879397,0.4899810742021797,0.6787587287084774,-0.643315277687137,0.3248045421914768,16.397987339293874,16.397987339293874,16.397987339293874,22.86690465313581,27282601500.0,44336122500.0,18.169069110466463,7.407892536065231,52.46341371956672,-55.35388515569839,2.171607970123816,2.171607970123816,12.038339926851322,37.62607620074088,85.25669142801102,-89.95390828524822,0.0137596482505526,-0.0180655792666985,1.377213408114003,0.3713293355297853,14.472557464558042,0.8867067662928694,3.261444712103138,1.4477316510951994,0.011287779869526,0.8203538102126005,0.0,0.0,0.0,1.9477819591524352,0.2750289852317868,0.0024845029311486,0.0,13.445476103633204,0.0108645214213182,0.0080565067807789,-40.93797559224695,-616611000.0,12563318000.0,-29206435000.0,33386753000.0,1921749000.0,1183419000.0,1468832500.0,54.336060343587,67.16226267067223,87.54255275765172,1.6563585845366176,1.3400382360747998,1.028071459706588,0.0298805618070003,1.3220740063956145,2008-04-30,0.41,bmo,3212742553.0,2025-04-25,2008-03-31,0.1463414634146341,36.440327868852464,5061364.24590164
2007-12-31,SO,USD,92122,2008-02-25,2008-02-25 12:28:45,2007,Q4,3340360000.0,1412584000.0,1927776000.0,0.577116239,0,0.0,0.0,0.0,1518743000.0,1518743000.0,2931327000.0,13147000.0,212788000.0,377525000.0,823052000.0,0.2463961968,409033000.0,0.1224517717,-176294000.0,232739000.0,0.0696748255,28576000.0,204163000.0,0.0611200589,0.27,0.27,760296000,766150000,https://www.sec.gov/Archives/edgar/data/92122/000009212208000010/0000092122-08-000010-index.htm,https://www.sec.gov/Archives/edgar/data/3153/000009212208000010/soco10-k1207.htm,4.393499373928049,0.2685309405810369,1.2201340004419332,-0.1950266738217747,0.2643707187726885,17.710207603354483,12.441207108810254,17.710207603354483,22.10426991592748,29461470000.0,45853470000.0,36.07591728177975,8.819848758816415,31.75880680807577,-198.69077004005987,2.1880037133308576,2.1880037133308576,13.727104264211045,55.7115103298455,49.42901678734626,-309.2398737506575,0.0069298307246719,-0.005032946421207,1.232305978462681,0.3623796108235602,19.916117086162235,0.8403480731664003,1.9222559542831363,4.54373711201344,0.0103943896893128,1.4999485705049396,0.0,0.0,0.0874882613728188,1.1598403730665123,0.3221033062304662,2.849986093636183,0.0005954448023566,10.34427962094605,0.0084212211605979,0.004886269535457,-39.70887654282016,-899000000.0,9459000000.0,-27592000000.0,36434000000.0,1821584000.0,1158396500.0,1434294000.0,43.647990037002,77.34761260215322,91.42819117305592,2.0619506172839506,1.1635782537067545,0.984379094076655,0.0151624953583364,1.4151606742637075,2008-01-30,0.24,bmo,3083446153.0,2025-04-25,2007-12-31,0.0833333333333334,37.26515625,3873779.71875
2007-09-30,SO,USD,92122,2007-11-06,2007-11-06 12:46:15,2007,Q3,4832043000.0,2020182000.0,2811861000.0,0.5819196973,0,0.0,0.0,0.0,1430278000.0,1430278000.0,3450460000.0,11638000.0,232786000.0,375964000.0,1816004000.0,0.3758252979,1381583000.0,0.2859210897,-174329000.0,1207254000.0,0.2498433892,445259000.0,761995000.0,0.1576962374,1.0,1.0,758308000,762392000,https://www.sec.gov/Archives/edgar/data/92122/000009212207000103/0000092122-07-000103-index.htm,https://www.sec.gov/Archives/edgar/data/3153/000009212207000103/southernco10q.htm,6.37213770657833,1.004862140449527,1.968813463658566,0.7810348829235614,0.7048679428411675,16.282672739836585,11.9070562357248,16.282672739836585,21.53998111585266,27966399040.000004,43533046040.0,9.175387974986714,5.787696640944628,18.732094574093065,47.2194018555883,2.264984415597248,2.264984415597248,9.009242268746366,23.97188885046509,29.158746335317524,73.50264837530497,0.0272468042421238,0.0211777354371898,1.3040242625076728,0.3553694259500054,8.571923299728414,0.8886993512778257,5.93499179503922,1.959287134430016,0.0108978992813513,0.3999698160749086,0.0,0.0,0.0732331890195451,0.6032966569254378,0.1864019008108992,2.39571341936994,0.0005291757544376,19.18701204163393,0.0206654746383169,0.0181469944295744,-39.81529404938363,-680786000.0,9029216000.0,-27525079000.0,35222330000.0,1842155500.0,1081329500.0,1450948500.0,37.68284346807344,49.12991502745792,63.86697832175516,2.3883547980197397,1.8318777866743805,1.4091789272789672,0.0617135869832394,1.1877785807350048,2007-10-25,0.99,bmo,4832000000.0,2025-04-25,2007-09-30,0.0,35.41952380952381,4680280.222222222
2007-06-30,SO,USD,92122,2007-08-06,2007-08-06 12:31:50,2007,Q2,3771928000.0,1557642000.0,2214286000.0,0.5870435491,0,0.0,0.0,0.0,1370229000.0,1370229000.0,2927871000.0,9660000.0,222575000.0,368608000.0,1225918000.0,0.3250109758,844057000.0,0.2237733594,-209323000.0,634734000.0,0.1682783977,205581000.0,429153000.0,0.1137755015,0.57,0.56,755137000,759846000,https://www.sec.gov/Archives/edgar/data/92122/000009212207000070/0000092122-07-000070-index.htm,https://www.sec.gov/Archives/edgar/data/3153/000009212207000070/soco10q.htm,4.995024743854427,0.5683114454728082,0.9435638831099522,-0.1502416117870002,0.2235845945834994,15.611910156700043,10.987187755334462,15.611910156700043,21.49093740606009,25893647730.0,41730837730.0,15.08415863922657,6.864830858383299,36.34094162970864,-228.2323757855676,2.196400034065276,2.196400034065276,11.063529773102774,34.04048046443563,58.56795280132488,-367.82489427339954,0.016573678783109,-0.0043814993230387,1.357693539922493,0.3625805662127946,12.918637298742656,0.873803670664004,3.7922363248343256,1.6602936481860782,0.0117287067147414,0.707670690872486,0.0,0.0,0.0791101844826562,1.1592278111491607,0.2189789942968158,0.0,0.0,14.129034384000942,0.0137505050923364,0.0105566338970935,-40.00170333330244,-686597000.0,8296832000.0,-27601507000.0,34827796000.0,1796411000.0,1021892000.0,1429506500.0,39.63566377725132,61.238680004776455,84.8383710762807,2.2706822952629606,1.4696593720338231,1.0608407358396632,0.0364024286438075,1.0938054948969524,2007-07-26,0.52,bmo,3566160000.0,2025-04-25,2007-06-30,0.0576923076923077,36.47539682539682,3673705.460317461
2007-03-31,SO,USD,92122,2007-05-07,2007-05-07 14:26:26,2007,Q1,3408669000.0,1380592000.0,2028077000.0,0.5949762209,0,0.0,0.0,0.0,1336750000.0,1336750000.0,2717342000.0,0.0,0.0,363903000.0,1055230000.0,0.309572446,691327000.0,0.2028143536,-197054000.0,494273000.0,0.1450046924,155584000.0,338689000.0,0.0993610703,0.45,0.45,750259000,755352000,https://www.sec.gov/Archives/edgar/data/92122/000009212207000045/0000092122-07-000045-index.htm,https://www.sec.gov/Archives/edgar/data/3153/000009212207000045/soco10q1stqt.htm,4.5433230391104935,0.4514294397001568,0.3490128075771167,-0.6404908171711369,0.2152443356227649,15.30507731330114,15.30507731330114,15.30507731330114,22.00177405402668,27496992350.0,43842532350.0,20.29663817691156,8.066782767701998,105.01047298071414,-57.221741541701526,2.3946301772777514,2.3946301772777514,12.862067965531416,41.54784487742009,167.4337687607409,-91.23710778009465,0.0123173107694449,-0.0174758749569205,1.4375473970919217,0.38294543096353,15.490025871137098,0.7322533988060396,0.0,0.7731281500137294,0.0105572273616317,0.8571048956417244,0.0,0.0,0.0,2.835149894978041,0.2177929273860266,0.0336133297111292,0.0,12.468205793637676,0.0116229909731158,0.007857222827173,-39.0759214484598,-1471489000.0,11482772000.0,-27598324000.0,30051194000.0,1726339500.0,1032459000.0,1356852000.0,51.00263768644008,64.1410496366776,90.6591954755641,1.7646146176460995,1.4031575802048544,0.9927288625041706,0.029495404071421,0.9895036247482536,2007-04-27,0.35,bmo,2909865853.0,2025-04-25,2007-03-31,0.1714285714285714,36.28475409836065,2937856.2786885244
2006-12-31,SO,USD,92122,2007-02-27,2007-02-26 18:11:51,2006,Q4,3151859000.0,1230614000.0,1921245000.0,0.6095593109,0,0.0,0.0,0.0,1452316000.0,1452316000.0,2682930000.0,15343000.0,231922000.0,361433000.0,828026000.0,0.262710356,468929000.0,0.1487785462,-234258000.0,234671000.0,0.07445479,46398000.0,188185000.0,0.0597060338,0.25,0.25,744404000,750259000,https://www.sec.gov/Archives/edgar/data/92122/000009212207000016/0000092122-07-000016-index.htm,https://www.sec.gov/Archives/edgar/data/3153/000009212207000016/soco10k.htm,4.234070477858797,0.2527995550803059,1.1281709931703752,-0.0556216785508944,0.2243405462625133,16.274764778265567,11.176726616192283,16.274764778265567,21.61987576638492,27438731440.0,43133731440.0,36.45180466030767,8.70557072508637,32.67235217279996,-662.6912556454535,2.2648560825423028,2.2648560825423028,13.685171652665934,52.09224280396992,51.36099193274709,-1041.7517555850743,0.0068583710005508,-0.0015089983329054,1.3092860090796534,0.370105931214709,18.954718813177365,0.6326145128285849,2.021925474944162,4.462709567712623,0.010496440064286,1.5304567314079232,0.0,0.0,0.0885482290354192,1.0493025249608543,0.2795873800192204,2.4381282284683468,0.0009375419395347,9.621366801920546,0.0094374537511512,0.0048174743363284,-38.6534059462335,-2334000000.0,8320000000.0,-26724000000.0,32553000000.0,1654375000.0,967336500.0,1297963000.0,43.43151137154296,79.05809620238352,96.75657842345366,2.072228139381985,1.1384033302497687,0.9301693121693122,0.0155332232769294,1.1837926717212697,2007-01-25,0.23,bmo,2899748000.0,2025-04-25,2006-12-31,0.0869565217391303,36.09047619047619,2203874.603174603
2006-09-30,SO,USD,92122,2006-11-06,2006-11-06 16:33:51,2006,Q3,4549378000.0,1864937000.0,2684441000.0,0.5900676972,0,0.0,0.0,0.0,1326728000.0,1326728000.0,3191665000.0,12748000.0,215739000.0,363519000.0,1722512000.0,0.3786258253,1357713000.0,0.2984392592,-214459000.0,1143414000.0,0.2513341384,405331000.0,737985000.0,0.162216681,0.99,0.99,742884000,747560000,https://www.sec.gov/Archives/edgar/data/92122/000009212206000298/0000092122-06-000298-index.htm,https://www.sec.gov/Archives/edgar/data/3153/000009212206000298/g03994c1corresp.htm,6.123941288276501,0.9934054307267352,1.6645357821678757,0.3923533149186144,0.5628025371390419,15.192079786346186,11.482995999375408,15.192079786346186,19.57695952530947,25599782640.0,39509356640.0,8.672189353442143,5.627095097395732,20.70246874183721,87.82900179433429,2.268287192051925,2.268287192051925,8.684562294010302,22.93705741382353,31.951100224251693,135.55065697337318,0.028827783828402,0.0113857607347247,1.2695136157309888,0.3408451512391164,8.075168126550063,0.7991402605753029,6.293312752909766,1.6755855471317167,0.0112440407814337,0.3900418030176765,0.0,0.0,0.0655494675849365,0.7642866442873236,0.20773916785987,0.0,0.0,18.42736084427932,0.0222501155411061,0.0187876620086913,-38.1679959455312,-1202066000.0,8530534000.0,-25967228000.0,32129006000.0,2008843000.0,860512500.0,1253029500.0,35.36692268701348,41.1974077408513,61.43013946315613,2.544750664242763,2.1846034722897407,1.465078881254684,0.065389692833206,1.272182467249261,2006-10-26,0.95,bmo,4365585858.0,2025-04-25,2006-09-30,0.0421052631578947,33.69015873015873,2252101.587301587
2006-06-30,SO,USD,92122,2006-08-03,2006-08-03 13:28:11,2006,Q2,3591503000.0,1446493000.0,2145010000.0,0.597245777,0,0.0,0.0,0.0,1353219000.0,1353219000.0,2799712000.0,6237000.0,211335000.0,344102000.0,1115199000.0,0.3105103908,791791000.0,0.2204622967,-201060000.0,609779000.0,0.1697837925,222249000.0,385223000.0,0.1072595512,0.52,0.52,742515000,746387000,https://www.sec.gov/Archives/edgar/data/92122/000009212206000291/0000092122-06-000291-index.htm,https://www.sec.gov/Archives/edgar/data/3153/000009212206000291/soco63006.htm,4.836943361413574,0.5188083742415978,0.9228406160144912,0.0859080287940311,0.3540669212069789,14.607535201309064,14.607535201309064,14.607535201309064,20.54299509100826,23797605750.0,38576852750.0,15.444045234838002,6.626085443893544,34.729724119009425,373.07339546623183,2.194073097090864,2.194073097090864,10.74114451526283,34.59190041418617,56.2982456076343,604.7666136263874,0.0161874687750888,0.0026804377158824,1.3868441389397357,0.3686690947806333,13.252564788885213,0.8000418503405895,3.746615562968746,1.778769699628527,0.0120896195618334,0.7468505255397523,0.0,0.0,0.0,0.9069091376092164,0.1730292303807069,0.0,0.0,13.058197071687632,0.0135077198539372,0.0094414590349821,-36.90562816912789,-1079813000.0,10846314000.0,-25634519000.0,28881643000.0,2177369000.0,856247000.0,1195533500.0,55.88029301381622,53.96616506267228,76.72485798410362,1.610585684970331,1.6677116095887252,1.173022699092474,0.0355164897494208,0.8369325872204602,2006-07-27,0.51,bmo,3522432692.0,2025-04-25,2006-06-30,0.0196078431372549,31.947301587301588,2689187.333333333
2006-03-31,SO,USD,92122,2006-05-04,2006-05-04 16:04:06,2006,Q1,3063260000.0,1152956000.0,1910304000.0,0.6236179756,0,0.0,0.0,0.0,1320011000.0,1320011000.0,2472967000.0,0.0,0.0,351946000.0,942239000.0,0.3075935441,590293000.0,0.1927009134,-220722000.0,367136000.0,0.1198514001,107022000.0,261607000.0,0.0854015004,0.35,0.35,742195000,747039000,https://www.sec.gov/Archives/edgar/data/92122/000009212206000228/0000092122-06-000228-index.htm,https://www.sec.gov/Archives/edgar/data/3153/000009212206000228/g01238-soco.htm,4.127298082040434,0.35247744864894,0.0786922574256091,-0.6573151260787259,0.4052654625805886,14.448662413516663,14.448662413516663,14.448662413516663,21.623262080720025,24321730150.000004,40069621150.0,23.24262170928148,7.939819065309508,416.43232856775967,-49.854322074546594,2.268030012891976,2.268030012891976,13.080711774384152,42.52596331716263,686.0649113945724,-82.13411570217441,0.0107561015761043,-0.0200584414427441,1.4965580523558746,0.4014437005464387,16.713265954816134,0.8529618440754411,0.0,0.2232547294223778,0.01136604996006,1.056707198201883,0.0,0.0,0.0,9.352983477442,0.1783266846431579,4.226783144276451,0.0,10.70460753310878,0.0110482436206808,0.0065438716330855,-36.082598912684674,-726090000.0,10723725000.0,-25041663000.0,28915874000.0,1834401000.0,1037071000.0,1113467000.0,62.42766856225067,65.97197117669711,90.38858377943303,1.4416684472247296,1.3642157175953864,0.9957009639582222,0.0243951611963193,0.7360073835043351,2006-04-25,0.39,bmo,3413391428.0,2025-04-25,2006-03-31,-0.1025641025641026,34.03274193548388,2334627.4516129037
2005-12-31,SO,USD,92122,2006-02-27,2006-02-27 17:30:15,2005,Q4,3167461000.0,1290543000.0,1876918000.0,0.5925623078,0,0.0,0.0,0.0,1464648000.0,1464648000.0,2755191000.0,0.0,0.0,347127000.0,759978000.0,0.2399328674,412270000.0,0.1301578772,-228627000.0,183643000.0,0.057977983,24628000.0,159015000.0,0.0502026702,0.21,0.21,742038000,742195000,https://www.sec.gov/Archives/edgar/data/92122/000009212206000153/0000092122-06-000153-index.htm,https://www.sec.gov/Archives/edgar/data/3153/000009212206000153/g99802e10vk.htm,4.268596756500341,0.2142949552448796,0.6066373959285104,-0.2881348394556613,0.2722232554127956,15.20811602640296,11.772981976664267,15.20811602640296,20.2213363736089,25622572140.0,40425572140.0,40.28326280539572,8.089309431118489,56.92032873632672,-119.83972526624478,2.2704981958351795,2.2704981958351795,12.762768709701556,53.19308208921837,89.80506886623955,-189.07506367892532,0.0062060514116675,-0.0083444784087941,1.3296411165263624,0.3762820673571231,19.47819542144641,0.8024809160305344,0.0,2.8308524353048456,0.0108005550140681,1.7403263843033676,0.0,0.0,0.0639215587932893,1.4749704541617423,0.2096174191252867,0.0,0.0,8.563177402274905,0.0097016329115118,0.0042599389198456,-35.978615650411435,-1035000000.0,8736000000.0,-24387000000.0,30994000000.0,2030294000.0,1189797000.0,1036112000.0,43.87110054393724,85.70810891229506,74.5500149936887,2.051464378238342,1.0500756712774613,1.2072432179607109,0.0140908285334514,0.8947722353841717,2006-01-26,0.22,bmo,3446038095.0,2025-04-25,2005-12-31,-0.0454545454545455,34.61936507936508,2337903.1746031744
2005-09-30,SO,USD,92122,2005-11-03,2005-11-03 11:41:42,2005,Q3,4377644000.0,1779706000.0,2597938000.0,0.5934557493,0,0.0,0.0,0.0,1335385000.0,1335385000.0,3115091000.0,9104000.0,194106000.0,363668000.0,1640254000.0,0.3746887595,1262553000.0,0.2884092448,-208910000.0,1068066000.0,0.2439819227,345862000.0,722204000.0,0.1649754982,0.97,0.97,743214000,747817000,https://www.sec.gov/Archives/edgar/data/92122/000009212205000380/0000092122-05-000380-index.htm,https://www.sec.gov/Archives/edgar/data/3153/000009212205000380/final10q9-05.htm,5.890152768919854,0.9717308877389284,1.7326234435842167,1.0299079403778724,0.5601872408216206,14.553404537589442,14.553404537589442,14.553404537589442,19.941643994865544,26577332640.0,40787796640.0,9.200078038892055,6.071149833106575,20.63922206086774,34.721549954144145,2.4571570114495778,2.4571570114495778,9.317294106144766,24.866756392607485,31.67467569561469,53.28659341922706,0.0271736825430349,0.0288005576168308,1.3522934010484553,0.3713922736010882,8.663575275536594,0.9005334808538525,6.504451176161479,1.783028064092694,0.0104459316425969,0.3844135452032943,0.0,0.0,0.0,0.4055788958694116,0.1193034426737304,0.0,0.0,17.83801659367009,0.0235756169878631,0.0183376357474562,-34.66298670369503,-491757000.0,10816294000.0,-24115221000.0,28581061000.0,2222165500.0,935261000.0,1032498000.0,51.73854246713529,58.18571157258558,50.73318851540648,1.7395155663143909,1.5467714936806554,1.7739866669856383,0.0667700045875232,0.7027155032063443,2005-10-25,0.9,bmo,4043319587.0,2025-04-25,2005-09-30,0.0777777777777777,34.9575,1906210.9375
2005-06-30,SO,USD,92122,2005-08-03,2005-08-03 12:24:35,2005,Q2,3144435000.0,1136151000.0,2008284000.0,0.6386788088,0,0.0,0.0,0.0,1290169000.0,1290169000.0,2426320000.0,0.0,0.0,344134000.0,1065524000.0,0.3388602404,718115000.0,0.228376481,-189382000.0,532008000.0,0.1691903315,145187000.0,386821000.0,0.1230176486,0.52,0.52,746823000,751016000,https://www.sec.gov/Archives/edgar/data/92122/000009212205000331/0000092122-05-000331-index.htm,https://www.sec.gov/Archives/edgar/data/3153/000009212205000331/final10q6-05.htm,4.210415319292523,0.5179553923754356,0.831964200352694,-0.1110423755026291,0.3170202310319848,14.125754027393372,14.125754027393372,14.125754027393372,19.80981839070302,25892353410.0,40450023410.0,16.734066538528158,8.234342070992087,41.67246617739366,-312.223147632312,2.4543822533484723,2.4543822533484723,12.864003679516353,37.96256434392844,65.10231826887484,-487.7669260451712,0.0149395844354033,-0.0032028374820487,1.402390155759956,0.3886097404102144,13.662451526197438,0.8357147884353383,0.0,1.6062468170032134,0.0107243631199918,0.7178488241331262,0.0,0.0,0.0,1.133470136642364,0.2239699659875303,0.0,0.0,12.83049046497413,0.0145502558070103,0.0101607448692994,-33.88654708009796,-704937000.0,10549438000.0,-23934707000.0,28190301000.0,1874242500.0,724048500.0,1014899000.0,55.17584876138321,57.02896886065321,84.10808070406135,1.6311484466549742,1.5781453145314532,1.070051762525288,0.0366674509106551,0.9430065758553232,2005-07-26,0.51,bmo,3059607692.0,2025-04-25,2005-06-30,0.0196078431372549,33.52953125,2199503.140625
2005-03-31,SO,USD,92122,2005-05-04,2005-05-04 09:41:20,2005,Q1,2864460000.0,1019600000.0,1844860000.0,0.6440515839,0,0.0,0.0,0.0,1275798000.0,1275798000.0,2295398000.0,0.0,0.0,343071000.0,902750000.0,0.3151553871,569062000.0,0.1986629243,-157396000.0,402283000.0,0.1404393847,79323000.0,322960000.0,0.1127472543,0.43,0.43,744025000,748672000,https://www.sec.gov/Archives/edgar/data/92122/000009212205000223/0000092122-05-000223-index.htm,https://www.sec.gov/Archives/edgar/data/3153/000009212205000223/form10q_3-05.htm,3.849951278518867,0.4340714357716475,0.2295783071805383,-0.414913477369712,0.5131400154564699,13.988857901280198,13.988857901280198,13.988857901280198,19.43323141023487,23682315750.0,37759336750.0,18.33223599671786,8.267637093902515,138.64550353605134,-76.71478931410468,2.275382323891292,2.275382323891292,13.18200873812167,41.827013846579895,221.05786917780952,-122.3148780716928,0.0136371798860084,-0.0130352961787531,1.3891935672930402,0.3877400971784545,15.593487676543894,0.9676001653453196,0.0,0.5288952192221947,0.011230236215392,0.8235013623978201,0.0,0.0,0.0,2.807285202444793,0.1674025819875299,3.7668342498036136,0.0,11.6886133380021,0.0129010977205135,0.0086607778776229,-33.13132556029704,-120550000.0,10408060000.0,-23281745000.0,28418688000.0,1549371000.0,802584500.0,947513000.0,57.206866215621794,64.2754119262456,85.44756767359749,1.5732377239608906,1.4002243984569516,1.053277494612748,0.0310297980603493,0.6444917845502504,2005-04-26,0.41,bmo,2657372093.0,2025-04-25,2005-03-31,0.048780487804878,32.65786885245902,2035622.950819672
2004-12-31,SO,USD,92122,2005-03-01,2005-02-28 21:51:12,2004,Q4,2719985000.0,3249162000.0,-529177000.0,-0.1945514405,0,0.0,0.0,0.0,-925158000.0,-925158000.0,2324004000.0,0.0,0.0,311161000.0,639142000.0,0.2349799723,395981000.0,0.1455820528,-192418000.0,203563000.0,0.074839751,-690000.0,204253000.0,0.0750934288,0.27,0.27,741832000,744025000,https://www.sec.gov/Archives/edgar/data/92122/000095014405001905/0000950144-05-001905-index.htm,https://www.sec.gov/Archives/edgar/data/3153/000095014405001905/southernco10k2004.htm,3.666578147073731,0.2753359251151204,0.8224355379654693,-0.0576006427331255,0.5028092613961113,14.611124890810858,14.611124890810858,14.611124890810858,18.68077947567643,24866208640.000004,38351208640.0,30.43554885362761,9.14203888624386,40.756993651954,-581.9379508542008,2.294142323092536,2.294142323092536,14.09978681500082,60.00420663952612,62.859601546608886,-897.5241900304236,0.0082140789115489,-0.0017183962629214,1.278531229818249,0.374925599264109,21.09859780768593,0.9134792930625164,0.0,2.987025894356509,0.0106620596584843,1.298022550464375,0.0,0.0,0.0,1.0700366655794291,0.2400156618510764,0.0,0.0,9.51403020531464,0.0114899717394933,0.0055260267301552,-32.79448716151366,-328000000.0,10839000000.0,-22660000000.0,28033000000.0,1580512500.0,792511500.0,899958000.0,42.28699790623845,24.29241755258741,25.677390047033665,2.128313771517997,3.704859749144812,3.5050291262135924,0.0188442660762062,0.8800361806985948,2005-01-25,0.21,bmo,2331415714.0,2025-04-25,2004-12-31,0.1428571428571428,32.24015625,1912068.75
2004-09-30,SO,USD,92122,2004-11-05,2004-11-05 14:39:54,2004,Q3,3440805000.0,1170264000.0,2270541000.0,0.6598865672,0,0.0,0.0,0.0,1157574000.0,1157574000.0,2327838000.0,0.0,0.0,299034000.0,1410040000.0,0.409799451,1112967000.0,0.3234612249,-162879000.0,950088000.0,0.2761237559,305615000.0,644473000.0,0.1873029713,0.87,0.87,739345000,743695000,https://www.sec.gov/Archives/edgar/data/92122/000009212204000411/0000092122-04-000411-index.htm,https://www.sec.gov/Archives/edgar/data/3153/000009212204000411/form10q9-04.htm,4.653855777749224,0.8716810149524241,1.591612846506029,1.0263408828084315,0.3841630091499908,13.933157051173676,13.933157051173676,13.933157051173676,18.2858083844484,22165563100.0,35401055100.0,8.598328828360536,6.441970149427242,18.836239017430195,29.21056785535437,2.1517018641137478,2.1517018641137478,10.288596738263283,25.1064190377578,30.08372637881761,46.65277022218708,0.0290754174433763,0.0342341855506481,1.3123951963857374,0.3704165898591249,9.38660747212845,1.0385185244497606,0.0,1.825912024243064,0.0119126682597113,0.4097161556806879,0.0,0.0,0.0,0.3551566984009361,0.1214631459789206,0.0,0.0,16.530836058615375,0.0221632413232341,0.0176576885317371,-32.547709459048214,125073000.0,10301410000.0,-22824582000.0,28183468000.0,1817420500.0,668230500.0,888514500.0,49.25366302362384,54.45102130801255,67.13223682861303,1.8272752618791568,1.652861559582104,1.3406375871217848,0.0625616299127983,0.5652719636975972,2004-10-21,0.87,bmo,3120800000.0,2025-04-25,2004-09-30,0.0,29.75671875,1574065.625
2004-06-30,SO,USD,92122,2004-08-05,2004-08-05 15:42:47,2004,Q2,3008895000.0,1088066000.0,1920829000.0,0.6383835262,0,0.0,0.0,0.0,1225912000.0,1225912000.0,2313978000.0,0.0,0.0,273977000.0,963222000.0,0.3201248299,694917000.0,0.2309542207,-183765000.0,511152000.0,0.1698803049,159020000.0,352132000.0,0.1170303384,0.48,0.47,738185000,742453000,https://www.sec.gov/Archives/edgar/data/92122/000009212204000306/0000092122-04-000306-index.htm,https://www.sec.gov/Archives/edgar/data/3153/000009212204000306/form10q2nd04.htm,4.076071716439646,0.477024052236228,0.8089422028353326,0.095621016411875,0.2589662482981908,13.43237128904001,13.43237128904001,13.43237128904001,18.826420206316843,21518092750.0,35224308750.0,15.277007450331125,7.151493405386363,36.034712860609325,304.8493008528603,2.1701306026125566,2.1701306026125566,11.70672580797934,36.56925272678573,58.987470045164606,499.0268431416995,0.0163644614832325,0.0032803093108705,1.4015708620024558,0.3867344401328569,14.229550404787268,0.8567938337631967,0.0,1.6958100939420444,0.0120046884731454,0.7335828609725898,0.0,0.0,0.0,0.8817949958887983,0.1750021187180011,0.0,0.0,12.0070893278674,0.0141221718137275,0.0097990817027224,-32.59690389265563,-529587000.0,9915575000.0,-22851142000.0,27375917000.0,1553367500.0,643507000.0,884767500.0,52.399116619224,51.98160773335441,74.78422264825848,1.717586207683912,1.7313816160066704,1.2034623990585247,0.0355130186600373,0.7133211864234575,2004-07-28,0.48,bmo,3008900000.0,2025-04-25,2004-06-30,0.0,28.976451612903222,1787216.161290323
2004-03-31,SO,USD,92122,2004-05-06,2004-05-06 16:40:02,2004,Q1,2754050000.0,927377000.0,1826673000.0,0.6632679145,0,0.0,0.0,0.0,1172407000.0,1172407000.0,2099784000.0,0.0,0.0,293828000.0,924596000.0,0.3357222999,654266000.0,0.2375650406,-168938000.0,454197000.0,0.1649196638,123055000.0,331142000.0,0.1202381947,0.45,0.45,736638000,741603000,https://www.sec.gov/Archives/edgar/data/92122/000009212204000193/0000092122-04-000193-index.htm,https://www.sec.gov/Archives/edgar/data/3153/000009212204000193/southernform10q0304.htm,3.738674898661215,0.449531520231104,0.4181036004115997,-0.2778515363041277,0.4418601809844183,13.274202525528144,13.274202525528144,13.274202525528144,18.75734892851034,22467459000.0,35959344000.0,16.96210311588382,8.157970625079429,72.94842706442721,-109.7708524692685,2.297689819131827,2.297689819131827,13.056895844302028,38.89195280965957,116.75452854141842,-175.68910863999687,0.0147387383682329,-0.0091098864362009,1.413067857932508,0.3906822735138622,14.592194861323216,0.8088216927732572,0.0,0.9300873945316512,0.0114612871887292,0.7776301405439359,0.0,0.0,0.0,1.6645518862564166,0.1861502151377063,4.127089035582032,0.0,11.587121295904998,0.0142247594105258,0.0093629433993782,-32.32880159589921,-684248000.0,9778282000.0,-22694154000.0,27058716000.0,1410959500.0,673288000.0,876211000.0,44.27759481490895,63.91342463744519,83.98739671136981,2.032630732907281,1.4081548674716358,1.0715893517844473,0.0338650490955364,0.6959551367157274,2004-04-28,0.37,bmo,2158579729.0,2025-04-25,2004-03-31,0.2162162162162162,29.996451612903225,2197630.741935484
2003-12-31,SO,USD,92122,2004-03-01,2004-03-01 11:42:39,2003,Q4,2538629000.0,3033609000.0,-494980000.0,-0.1949792585,0,0.0,0.0,0.0,-926326000.0,-926326000.0,2107283000.0,0.0,0.0,296217000.0,445563000.0,0.1755132396,431346000.0,0.1699129727,-279647000.0,151699000.0,0.05975627,25853000.0,125479000.0,0.0494278605,0.17,0.17,734614000,736638000,https://www.sec.gov/Archives/edgar/data/92122/000009212204000119/0000092122-04-000119-index.htm,https://www.sec.gov/Archives/edgar/data/3153/000009212204000119/form10k2003.txt,3.455731853735431,0.1708094318921229,0.9229990171709224,0.1761101748673453,0.4233515832804711,13.70924049909204,13.70924049909204,13.70924049909204,15.617725771629727,22222073500.0,33384073500.0,44.27448716518302,8.7535726961285,32.77359936169711,171.76747466627504,2.20654090954225,2.20654090954225,13.150434151662177,74.92559638030986,49.23556075676058,258.04513692965304,0.0056465927898222,0.0058218239625568,1.139211597656638,0.3273790840348123,25.05145175878608,0.806469449820293,0.0,5.403677109317097,0.0115150820646867,2.0392974123160053,0.0,0.0,0.0,0.8091978738968333,0.2161304389101361,0.0,0.0,7.258616988087599,0.0108933214673243,0.0035805107718647,-31.47128968410621,-700000000.0,10071000000.0,-22057000000.0,26834000000.0,1537451000.0,691253500.0,878432500.0,52.00838720427444,20.411331849292377,26.31519091616619,1.730490115882754,4.409315406976744,3.4200777903043966,0.012459437990269,0.7468888423035771,2004-01-29,0.17,bmo,1791973411.0,2025-04-25,2003-12-31,0.2941176470588234,29.62359375,1577031.25
2003-09-30,SO,USD,92122,2003-11-13,2003-11-13 10:56:32,2003,Q3,3319096000.0,1075993000.0,2243103000.0,0.6758174515,0,0.0,0.0,0.0,1148754000.0,1148754000.0,2224747000.0,0.0,0.0,281402000.0,1390985000.0,0.419085498,1094349000.0,0.32971297,-196299000.0,898051000.0,0.2705709627,279216000.0,618835000.0,0.1864468518,0.85,0.84,729816000,734855000,https://www.sec.gov/Archives/edgar/data/92122/000009212203000256/0000092122-03-000256-index.htm,https://www.sec.gov/Archives/edgar/data/3153/000009212203000256/form10q-3rd03.txt,4.547853157508194,0.847932903635985,1.6936474399026604,1.1699770901158648,0.7987616056649895,16.25615497604876,16.25615497604876,13.269100704835193,15.644276091507995,21420099600.0,32254593600.0,8.653396947490043,6.453594472711847,17.329462619260855,25.0859612961254,2.2119057389703145,2.2119057389703145,9.717885110885614,23.188311592145133,26.0948727843754,37.774683674760034,0.0288903885395565,0.0398629332237091,1.179000479347278,0.3368720392067607,7.789080399860531,0.837309767297965,0.0,1.9973837937414656,0.0119066673247401,0.412132474730744,0.0,0.0,0.0,0.3091967888056399,0.1151467146476028,0.0,0.0,15.910826801552677,0.0239593535272692,0.0182587474605755,-27.136582371447048,-664696000.0,11864002000.0,-18607562000.0,25363792000.0,1572917500.0,676163500.0,875315500.0,43.59957651119461,58.09111211690039,72.75869824431943,2.064240233546572,1.549290359924378,1.2369655061417577,0.0639028162117273,0.5236703497867956,2003-10-21,0.78,bmo,3028969411.0,2025-04-25,2003-09-30,0.0897435897435896,28.79890625,2068545.34375
2003-06-30,SO,USD,92122,2003-08-13,2003-08-13 15:40:12,2003,Q2,2859223000.0,867820000.0,1991403000.0,0.6964839748,0,0.0,0.0,0.0,1210181000.0,1210181000.0,2078001000.0,0.0,0.0,296181000.0,1084321000.0,0.3792362471,781222000.0,0.2732287758,-163572000.0,617650000.0,0.2160202265,185763000.0,431887000.0,0.1510504777,0.6,0.59,724627000,730286000,https://www.sec.gov/Archives/edgar/data/92122/000009212203000188/0000092122-03-000188-index.htm,https://www.sec.gov/Archives/edgar/data/3153/000009212203000188/form10q.txt,3.945785900884179,0.5960128452293387,1.0926794060944458,0.3533155678714704,0.2906861047131834,15.72893364448192,15.72893364448192,12.720489300012282,16.102200166430453,22579377320.0,34036827320.0,13.070188104758882,7.897032627395625,28.51705617055135,88.19311356055339,2.4495913062062726,2.4495913062062726,11.904222692668602,31.389991819765548,42.98746164678543,132.94493176367655,0.0191274982422765,0.0113387537827814,1.2658475461643528,0.3504636399149931,10.566474318951675,0.7136318065676527,0.0,1.8333151958729943,0.0109535350109468,0.5726590520205517,0.0,0.0,0.0,0.6766521214723694,0.1873806275341238,0.0,0.0,13.060836035997765,0.0174580280117679,0.0129721919375115,-27.72628159039064,-1187113000.0,11397610000.0,-18937389000.0,24775704000.0,1445830000.0,687884500.0,860529000.0,48.40964485806109,68.22129012928949,91.3426056094582,1.8591336553673017,1.3192362652397311,0.9853014308000082,0.0468545534037565,0.7393638382229754,2003-07-29,0.45,bmo,2593469387.0,2025-04-25,2003-06-30,0.0888888888888888,29.807301587301584,2242161.888888889
2003-03-31,SO,USD,92122,2003-05-15,2003-05-14 21:13:02,2003,Q1,2552902000.0,847429000.0,1705473000.0,0.668052671,0,0.0,0.0,0.0,1117390000.0,1117390000.0,1964819000.0,0.0,0.0,289200000.0,899798000.0,0.3524608465,588083000.0,0.2303586272,-187052000.0,418600000.0,0.1639702582,121168000.0,297432000.0,0.11650741,0.41,0.41,718943000,724891000,https://www.sec.gov/Archives/edgar/data/92122/000009212203000099/0000092122-03-000099-index.htm,https://www.sec.gov/Archives/edgar/data/3153/000009212203000099/mar2003-10q.txt,3.5509101556034346,0.4137073453667398,0.5008964549345358,-0.2437787140287894,0.4303470511570458,15.649122392178516,15.649122392178516,12.338706962860757,16.253953373215957,20446738920.0,31823009920.0,17.186061788913097,8.009214188402062,56.7782018016417,-116.6631800208829,2.3049416835656924,2.3049416835656924,12.4654255901715,35.366837801373194,88.36877539459508,-181.572892852456,0.0145466717780147,-0.0085716847408153,1.3173141579697136,0.3557234451524887,12.643138793373623,0.6058834410739274,0.0,1.209258593883794,0.0120187870037125,0.8262224642943597,0.0,0.0,0.0,1.4866848459940685,0.2097138863928188,0.0,0.0,10.716986904649213,0.0134746766403188,0.0090541297122983,-27.616599299249035,-1900460000.0,11250827000.0,-18677981000.0,23790878000.0,1430363500.0,757474500.0,839146000.0,47.7242878888418,76.24875948309534,89.24202499560435,1.8858322246656825,1.1803470720065077,1.0084934760773636,0.0335292301382948,0.7446751689633253,2003-04-30,0.33,bmo,2045195121.0,2025-04-25,2003-03-31,0.2424242424242423,28.62295081967213,1977677.0819672127
2002-12-31,SO,USD,92122,2003-03-10,2003-03-10 11:53:27,2002,Q4,2456632000.0,2922287000.0,-465655000.0,-0.1895501646,0,0.0,0.0,0.0,-805636000.0,-805636000.0,2116651000.0,0.0,0.0,316541000.0,413522000.0,0.1683288339,339981000.0,0.1383931334,-183374000.0,156607000.0,0.0637486608,-10302000.0,166909000.0,0.0679422071,0.23,0.23,714162000,718943000,https://www.sec.gov/Archives/edgar/data/92122/000009212203000074/0000092122-03-000074-index.htm,https://www.sec.gov/Archives/edgar/data/3153/000009212203000074/form10k2002.txt,3.4398805873177234,0.233713079105301,0.8063170541137725,-0.2024904713496377,0.3822662085073134,12.61338463821934,12.61338463821934,12.61338463821934,15.828341468742384,20275059180.0,31306059180.0,30.368433068318662,8.253193469758596,35.20947480294039,-140.20412817835435,2.250783656749556,2.250783656749556,12.743487498331048,75.70590967348775,54.365804414760326,-216.4846324276853,0.0082322324447094,-0.0071324576030164,1.2548845470692718,0.3554828768200258,26.675727047170405,0.591743119266055,0.0,3.450029656878898,0.0120701990473795,1.4662121275665183,0.0,0.0,0.0,1.2511300862564492,0.2932681818033796,0.0,0.0,8.144202946826612,0.0122983335091927,0.0052488757508097,-29.361335383288385,-2047000000.0,9008000000.0,-19824000000.0,22595000000.0,1474631000.0,762716000.0,853297500.0,55.20973430289925,24.545843717608847,25.80855336933025,1.6301473125414732,3.666608531994981,3.4872159904534605,0.0185289742451154,1.0088075254634103,2003-01-27,0.16,bmo,2280061575.0,2025-04-25,2002-12-31,0.4375,28.05953125,2629295.390625
2002-09-30,SO,USD,92122,2002-11-13,2002-11-13 15:27:34,2002,Q3,3248008000.0,1028715000.0,2219293000.0,0.6832781816,0,0.0,0.0,0.0,1149241000.0,1149241000.0,2177956000.0,0.0,0.0,289796000.0,1359848000.0,0.4186713826,1070052000.0,0.3294486959,-202356000.0,867696000.0,0.2671471253,272283000.0,595413000.0,0.1833163588,0.84,0.83,710647000,716464000,https://www.sec.gov/Archives/edgar/data/92122/000009212202000078/0000092122-02-000078-index.htm,https://www.sec.gov/Archives/edgar/data/3153/000009212202000078/sept10q.txt,4.570494211612798,0.837846356911378,1.7079717496872568,0.8825774259231376,0.4123355196039665,15.511630950387463,15.511630950387463,12.272329299919653,15.58182473154745,20452420660.0,31232572660.0,8.587493328160454,6.296912033467898,16.8503958014937,32.60903707105059,2.345113082989749,2.345113082989749,9.615916173851788,22.96769393343962,25.731976667641597,49.79675201410712,0.0291121041317365,0.0306663455845426,1.2696713354692548,0.3520703315458782,7.927468364111283,0.6867471120846128,0.0,2.03852619946155,0.0118739001136895,0.4078681520222098,0.0,0.0,0.0,0.4832599391150676,0.1805919197243356,0.0,0.0,15.21027099962308,0.0252009263368243,0.0189310847570418,-26.200479281556103,-1428987000.0,11023294000.0,-17295530000.0,22856527000.0,1373822000.0,706027000.0,890195000.0,39.964057970300566,63.72890450707922,75.9914553593561,2.252023557439633,1.412232027148725,1.1843436814625918,0.0682711762726953,0.8253943237641191,2002-10-30,0.79,bmo,3054666666.0,2025-04-25,2002-09-30,0.0632911392405062,27.5015625,2272998.484375
2002-06-30,SO,USD,92122,2002-08-12,2002-08-12 08:14:33,2002,Q2,2630772000.0,810188000.0,1820584000.0,0.6920341253,0,0.0,0.0,0.0,1161871000.0,1161871000.0,1972059000.0,0.0,0.0,277140000.0,935853000.0,0.355733222,658713000.0,0.2503877189,-172440000.0,486273000.0,0.1848404195,154881000.0,331392000.0,0.1259675867,0.47,0.46,706181000,712165000,https://www.sec.gov/Archives/edgar/data/92122/000009212202000069/0000092122-02-000069-index.htm,https://www.sec.gov/Archives/edgar/data/3153/000009212202000069/form10q2ndqtr-02.txt,3.725350866137718,0.469273458221051,0.8445596808750164,-0.1889274845967252,0.9554321059331814,15.582217590107918,15.582217590107918,11.73582410175295,16.033562217052,19102196050.0,29750085050.0,14.410574221767574,7.261061030754471,32.02852399012763,-143.17662704153145,2.304908438084004,2.304908438084004,11.308499957426946,31.789271445408627,49.88176805631007,-222.98571433925213,0.0173483718381164,-0.0069843802069029,1.3662067595795944,0.3616233252568022,11.37773667445635,0.6335081340481437,0.0,1.7997175550405562,0.0123626623547296,0.7126122537659328,0.0,0.0,0.0,1.2236993890129642,0.2774200880958137,0.0,0.0,11.131688646801535,0.015307150034882,0.0105840627378597,-25.768130266886253,-1934907000.0,11003866000.0,-16961977000.0,22020096000.0,1179315000.0,666547000.0,924962500.0,44.65775825499131,75.9403743328709,101.2870469570026,2.0153273141501877,1.1851403260866384,0.8885637670748359,0.0399864086366935,1.0334871654717417,2002-07-22,0.42,bmo,2317584857.0,2025-04-25,2002-06-30,0.119047619047619,27.20171875,1632973.4375
2002-03-31,SO,USD,92122,2002-05-15,2002-05-15 14:35:58,2002,Q1,2213588000.0,641810000.0,1571778000.0,0.7100589631,0,0.0,0.0,0.0,1054278000.0,1054278000.0,1696088000.0,0.0,0.0,274523000.0,792023000.0,0.3578005483,517500000.0,0.2337833418,-176828000.0,340672000.0,0.1539003645,116386000.0,224286000.0,0.101322378,0.32,0.32,701012000,706298000,https://www.sec.gov/Archives/edgar/data/92122/000009212202000051/0000092122-02-000051-index.htm,https://www.sec.gov/Archives/edgar/data/3153/000009212202000051/form10q-m02.txt,3.157703434463319,0.3199460208955053,0.6347708741077186,-0.3354764255105476,0.4223693745613484,14.8101972576789,14.8101972576789,11.563105909741916,15.715258797281644,18576818000.0,29297317000.0,20.70661788965874,8.392175056966337,41.74734708370226,-78.99213770288256,2.291771796163672,2.291771796163672,13.235216761203985,36.99048764997986,65.8393305796639,-124.5777236332402,0.0120734347507737,-0.012659487755115,1.359086297397098,0.3648237752328012,13.53559050684134,0.7064501967787419,0.0,1.983993650963502,0.0126109864455796,1.0445235101611337,0.0,0.0,0.0,1.5285000292146649,0.3072635919602021,0.0,0.0,9.123613254234456,0.0120012818973791,0.0074274255816901,-26.047758098292185,-1142775000.0,10382126000.0,-17064702000.0,22341763000.0,1232624000.0,736236000.0,941065000.0,42.82292820524867,91.07443012729624,131.5524843801125,2.101677857446679,0.9882027246748128,0.6841375928709241,0.0276695572446457,0.9702472996182662,2002-04-18,0.29,bmo,1984596137.0,2025-04-25,2002-03-31,0.103448275862069,25.377666666666663,1508666.6666666667
2001-12-31,SO,USD,92122,2002-03-25,2002-03-25 00:00:00,2001,Q4,2159217000.0,2484410000.0,-325193000.0,-0.1506069098,0,0.0,0.0,0.0,-658206000.0,-658206000.0,1826204000.0,0.0,0.0,366986000.0,752361000.0,0.3484415879,333013000.0,0.1542285931,-192636000.0,140377000.0,0.065012919,24885000.0,115504000.0,0.0534934655,0.16,0.16,695036000,701012000,https://www.sec.gov/Archives/edgar/data/92122/000009212202000045/0000092122-02-000045-index.htm,https://www.sec.gov/Archives/edgar/data/3153/000009212202000045/form10k.txt,3.106626131596061,0.1661841976530712,0.8261615225686152,-0.0379548685247958,0.5424179466962863,12.016643742194647,14.217968565657031,12.016643742194647,15.291294263894244,17619162600.0,27870162600.0,38.13539487809946,8.159977714143599,30.68407243317799,-667.898506444276,2.109574066091954,2.109574066091954,12.907532035918576,37.04360353606846,48.53636392133916,-1056.4883472327522,0.0065555896510087,-0.0014972334723785,1.2725095785440612,0.3563572961373391,13.62510815951385,0.67612076852699,0.0,4.971360299210417,0.0132172569881385,2.016181257791938,0.0,0.0,-0.051300965665236,1.0459412203158416,0.278152682199149,0.0,0.0,6.7031311133332965,0.0098613868056706,0.0036838680870064,-28.14818225243009,-1416000000.0,9882000000.0,-18516000000.0,20138000000.0,1425734500.0,742793000.0,901695500.0,58.854668150537904,29.81391960264208,34.19725407642056,1.5291905099150145,3.0187241798298907,2.631790254237288,0.0138295019157088,0.864116391093411,2002-01-24,0.15,bmo,2015269199.0,2025-04-25,2001-12-31,0.0666666666666667,24.11625,1878554.75
2001-09-30,SO,USD,92122,2001-11-14,2001-11-14 00:00:00,2001,Q3,3164461000.0,1088846000.0,2075615000.0,0.6559142299,0,0.0,0.0,0.0,1077730000.0,1077730000.0,2166576000.0,0.0,0.0,327618000.0,1325503000.0,0.4188716499,997885000.0,0.3153412224,-159095000.0,838790000.0,0.2650656779,284412000.0,554378000.0,0.1751887604,0.8,0.79,691687000,691728000,https://www.sec.gov/Archives/edgar/data/92122/000009212201500103/0000092122-01-500103-index.htm,https://www.sec.gov/Archives/edgar/data/3153/000009212201500103/thirdq2001.txt,4.574989843672066,0.8014867996651664,1.4294095450687956,0.5553595773810986,0.441853034681872,12.05780360191821,12.05780360191821,11.52558888630262,14.9618425675197,17153837600.0,27197125600.0,7.735623347246824,5.420777061243605,17.349821180049844,44.655752795241256,2.151733871878175,2.151733871878175,8.594552310804273,20.51834330061871,27.507854322426127,70.8009569552371,0.0323180161155309,0.022393531346012,1.298141267671003,0.3472939483858882,7.57696361305859,0.7045142260883939,0.0,1.7834473950986511,0.0134775672587689,0.4170295358040903,0.0,0.0,0.0,0.6114762355568502,0.1910495973879911,0.0,0.0,14.416870859920667,0.0239298200393051,0.0186040933112845,-28.39949825571393,-1372860000.0,8340226000.0,-18185233000.0,21401427000.0,1342257000.0,683894500.0,877745500.0,40.939739816670205,54.76691837045827,71.03409481230588,2.1983530037812558,1.643327809522085,1.2669972108155658,0.0695397699476925,0.8740499676876969,2001-10-22,0.79,bmo,3124943750.0,2025-04-25,2001-09-30,0.0126582278481012,23.50406779661017,1869905.1355932204
2001-06-30,SO,USD,92122,2001-08-14,2001-08-14 00:00:00,2001,Q2,2561804000.0,852237000.0,1709567000.0,0.6673293507,0,0.0,0.0,0.0,1124753000.0,1124753000.0,1976990000.0,0.0,0.0,335603000.0,2897407000.0,1.131002606,584814000.0,0.2282821012,-175668000.0,409146000.0,0.1597101105,138758000.0,272573000.0,0.1063988502,0.39,0.39,686702000,691404000,https://www.sec.gov/Archives/edgar/data/92122/000009212201500095/0000092122-01-500095-index.htm,https://www.sec.gov/Archives/edgar/data/3153/000009212201500095/secondq2001.txt,3.730590561844876,0.3969305462922781,0.5781561725464612,-0.501869806699267,0.2915791711688622,11.508896144178989,11.508896144178989,10.972817903544769,15.429132287367738,15965821500.0,26360809500.0,14.643619782590353,6.232257229670966,40.21404787152317,-46.32675584313839,2.118872308314629,2.118872308314629,10.28994001883048,9.09806923915073,66.39651177141764,-76.48906669374846,0.0170722815609581,-0.0215857981376028,1.4061230600011467,0.3620169636426549,3.587686507280475,0.606599685282622,0.0,0.9622302201863768,0.0143814084355133,0.8423835082711787,0.0,0.0,0.0,1.8680523196505976,0.2895053641886733,0.0,0.0,9.89937112186646,0.0141462316221237,0.009313264574405,-28.807164170193182,-1971268000.0,7903182000.0,-18324422000.0,20479892000.0,1132216500.0,669021500.0,866305500.0,43.74029004560849,74.47255868966027,94.63212697876295,2.057599524515178,1.2084988294150762,0.9510512219618348,0.0361739846392647,1.080025979245728,2001-07-23,0.39,bmo,2497755000.0,2025-04-25,2001-06-30,0.0256410256410256,22.8084126984127,2214079.380952381
2001-03-31,SO,USD,92122,2001-05-15,2001-05-15 00:00:00,2001,Q1,2269518000.0,721507000.0,1548011000.0,0.6820880028,0,0.0,0.0,0.0,1072697000.0,1072697000.0,1794204000.0,0.0,0.0,327793000.0,2597311000.0,1.1444328708,475314000.0,0.2094338974,-186627000.0,288687000.0,0.1272018993,109945000.0,319545000.0,0.1407986189,0.47,0.47,682575000,684968000,https://www.sec.gov/Archives/edgar/data/92122/000009212201500076/0000092122-01-500076-index.htm,https://www.sec.gov/Archives/edgar/data/3153/000009212201500076/firstq2001.txt,3.3249357213493025,0.4681463575431271,0.6212694575687653,-0.360575760905395,0.2633498150386404,16.01401897227411,16.01401897227411,15.474699483573234,14.708801230633997,14586627750.0,24446731750.0,11.412029409003429,6.427191919165215,34.39731301716962,-59.26632435397367,1.3809638127502748,1.3809638127502748,10.771772574617165,9.412323649343492,57.648820458280966,-99.32850540386804,0.0219067083548491,-0.0168729883437246,0.9505064215461982,0.3184523810467821,3.7962739155996337,0.6431294302584529,0.0,2.3622968810058325,0.0156526925834519,0.7145159523697757,0.0,0.0,0.0,1.58038546159415,0.2952975036990233,0.0,0.0,12.76712749366355,0.0098923423667019,0.0101355861637108,-28.178171629491263,-1471099000.0,10930769000.0,-17945147000.0,20569000000.0,1374694000.0,750920000.0,769755500.0,40.42484791924981,78.93977466608087,104.34547412568416,2.226353459134304,1.140109664370141,0.8625194408680819,0.0302523714945208,0.9818452184741604,2001-04-26,0.23,bmo,2269518000.0,2025-04-25,2001-03-31,0.0,18.49967741935484,3535907.3870967743
2000-12-31,SO,USD,92122,2001-03-29,2001-03-29 00:00:00,2000,Q4,-3181213000.0,-1020459000.0,-2160754000.0,0.6792233026,0,0.0,0.0,0.0,-1958139000.0,-1958139000.0,-2978598000.0,0.0,0.0,187122000.0,243410000.0,-0.0765148388,-202615000.0,0.063691114,-27674000.0,-230289000.0,0.0723903115,-23408000.0,112119000.0,-0.0352441034,0.16,0.16,660824000,682575000,https://www.sec.gov/Archives/edgar/data/92122/000009212201500065/0000092122-01-500065-index.htm,https://www.sec.gov/Archives/edgar/data/3153/000009212201500065/year2000_10k.txt,-4.81400947907461,0.1696654479861506,0.7719014442574725,0.3082030918973887,0.3102187571879956,16.73365374138954,14.937411474159534,16.73365374138954,14.512184787477452,13381686000.0,22766686000.0,29.83813180638429,-4.206472813986363,26.233919045817316,65.7034291101204,1.2101361909929462,1.2101361909929462,-7.156605357767619,93.53225422127277,44.63259692878329,111.78332384076046,0.0083785406412913,0.0152199057727105,0.8672454331705552,0.3057840698935017,38.55634526108212,0.7559539737757559,0.0,4.549550031662787,0.0162808333718187,1.9431586082644337,0.0,0.0,0.0378483515081946,0.6007222240737436,-0.0963226920045907,0.0,0.0,7.992513016301856,-0.0061930508226424,0.0037156255178127,-27.919688146919604,-912000000.0,9871000000.0,-17479000000.0,21897000000.0,2813365500.0,1564936500.0,817620500.0,-48.94359478601401,-76.64198169647187,-62.00151108471776,-1.8388514450867053,-1.1742911392405064,-1.4515775248933145,0.0101391752577319,0.4636983523600838,2001-01-19,0.24,bmo,-3578864625.0,2025-04-25,2000-12-31,-0.125,18.338571428571427,3269824.873015873
2000-09-30,SO,USD,92122,2000-11-14,2000-11-14 00:00:00,2000,Q3,7478977000.0,4326602000.0,3152375000.0,0.4214981541,0,0.0,0.0,0.0,1884181000.0,1884181000.0,6210783000.0,0.0,0.0,362001000.0,1354943000.0,0.1811668895,1268194000.0,0.1695678433,-24003000.0,1014787000.0,0.1356852682,401254000.0,613533000.0,0.0820343477,0.95,0.95,649347000,650869000,https://www.sec.gov/Archives/edgar/data/92122/000009212200000087/0000092122-00-000087-index.htm,https://www.sec.gov/Archives/edgar/data/3153/000009212200000087/0000092122-00-000087-0001.txt,11.51768930941392,0.9448461300352508,1.7914874481594587,0.6619942804078559,1.285405183977134,15.484284981681595,8.372679014456061,14.44479915977128,27.42341767960736,12824603250.0,29797243250.0,5.225718604378248,1.7147536688506997,11.024358568791977,29.8340946206242,1.3672741158633543,1.3672741158633543,3.98413355864044,21.991510528487176,25.61447613979921,69.31783831630469,0.0478403103815316,0.0335186977421699,1.898497679080336,0.4090634757138723,12.526460522693574,0.6634363235108973,0.0,1.8960626404773664,0.0169431362330838,0.3541602489189661,0.0,0.0,0.1060808061507249,0.6304778573313607,0.0980659520680435,0.0,0.0,17.52377051801474,0.0201049937141255,0.0157663786324354,-45.05124725300957,-3788075000.0,5436774000.0,-26010159000.0,25949191000.0,2849254500.0,1573656000.0,912255000.0,46.89221400199519,47.02964820891776,19.39205177642871,1.9192951733132209,1.9136864388225256,4.641076717286625,0.0654108180795371,1.1294931677516027,2000-10-23,0.91,bmo,2824887378.0,2025-04-25,2000-09-30,0.1318681318681318,17.042539682539683,3221454.031746032
2000-06-30,SO,USD,92122,2000-08-14,2000-08-14 00:00:00,2000,Q2,3195649000.0,1043687000.0,2151962000.0,0.6734037437,0,0.0,0.0,0.0,1412317000.0,1412317000.0,2456004000.0,0.0,0.0,380206000.0,909566000.0,0.2846263779,739645000.0,0.2314537673,-194770000.0,490548000.0,0.1535049688,148644000.0,341904000.0,0.1069904736,0.52,0.52,648695988,648695988,https://www.sec.gov/Archives/edgar/data/92122/000009212200500025/0000092122-00-500025-index.htm,https://www.sec.gov/Archives/edgar/data/3153/000009212200500025/0000092122-00-500025-0001.txt,4.926266015383465,0.5270635341126851,1.2462925853643478,0.2511500040293142,1.214625979774057,14.906700794949266,7.799511779931033,13.751947237262703,27.02338895920534,9211483029.6,25953524029.6,6.735430873578548,2.882507756515187,11.3937932125695,56.53991547753499,1.0325810414341352,1.0325810414341352,8.121518987097769,28.533964582669096,32.102223385799014,159.30225895899827,0.0371171502896257,0.0176866200020643,1.965059092575772,0.4435552404527258,18.406625797358306,0.5386474417926079,0.0,2.3645964949225515,0.0235889269189084,0.6355263465768168,0.0,0.0,0.1166556473452797,0.7984823090671829,0.2020074795448436,0.0,0.0,12.770410056672585,0.0139473733705811,0.009793565568071,-42.032296336631575,-3541739000.0,5059512000.0,-25716452000.0,25959579000.0,1598461000.0,789513000.0,900063500.0,50.74400223553963,76.44007255048687,76.94280948215318,1.7736086243699278,1.177392917053514,1.1696999447476042,0.038326465701129,0.9951425813350336,2000-07-18,0.47,bmo,2280132692.0,2025-04-25,2000-06-30,0.1063829787234043,15.1615873015873,2745934.53968254
2000-03-31,SO,USD,92122,2000-05-15,2000-05-15 00:00:00,2000,Q1,2572587000.0,753170000.0,1819417000.0,0.7072324473,0,0.0,0.0,0.0,1250041000.0,1250041000.0,2003211000.0,0.0,0.0,407671000.0,977047000.0,0.3797916261,569376000.0,0.2213242934,-262422000.0,306954000.0,0.1193172476,61510000.0,245444000.0,0.0954074634,0.38,0.38,653134000,653134000,https://www.sec.gov/Archives/edgar/data/92122/000009212200000076/0000092122-00-000076-index.html,https://www.sec.gov/Archives/edgar/data/3153/000009212200000076/,3.938834909834735,0.3757942474285521,0.514667740463672,-0.3115011620892496,0.7212807785232433,14.642021392241102,7.41608307024286,13.491765855092524,26.098379505583846,8654025500.0,25228671500.0,8.814663935561676,3.3639389066336727,25.74476493914865,-42.53595688417907,0.982080488374228,0.982080488374228,9.806732094968996,25.821348921802123,75.05249637807269,-124.0030646049191,0.0283618299946077,-0.0235095216671131,1.934393154009036,0.4433047551781706,16.96402117810095,0.4650194841741863,0.0,1.369546617558384,0.0254860584822635,0.8986041622528967,0.0,0.0,0.1227391462401194,1.605247109151651,0.2097495633772541,0.0,0.0,10.680724690297303,0.0125663466229497,0.0072762937800797,-41.211959567255725,-3812567000.0,4843696000.0,-25574326000.0,25600280000.0,1341072000.0,680793500.0,901929000.0,48.80805197258635,82.76063836849582,108.48443246544603,1.8439580430407183,1.087473487085377,0.8296121199570858,0.0278535998522911,0.8261689025529217,2000-04-17,0.36,bmo,1996151351.0,2025-04-25,2000-03-31,0.0277777777777778,14.124126984126985,2614304.73015873
1999-12-31,SO,USD,92122,2000-03-27,2000-03-27 00:00:00,1999,Q4,2615700000.0,2940900000.0,-325200000.0,-0.1243261842,0,0.0,0.0,0.0,-910900000.0,-910900000.0,2030000000.0,0.0,0.0,775000000.0,1360700000.0,0.5202049165,585700000.0,0.2239171159,-337500000.0,248200000.0,0.0948885576,125700000.0,122500000.0,0.0468325878,0.19,0.19,653134000,653134000,https://www.sec.gov/Archives/edgar/data/92122/000009212200000068/0000092122-00-000068-index.html,https://www.sec.gov/Archives/edgar/data/3153/000009212200000068/,4.004844335159401,0.1875572240918402,1.1994475865595728,-0.1237112139315975,0.8237207066237556,15.767055458757314,8.48677300523323,14.657022908009688,24.86166697798614,9346347540.0,25046347540.0,19.074178653061228,3.57317258859961,11.930492136839415,-115.67261806930694,0.9763237793795048,0.9763237793795048,9.575389968268532,18.40695784522672,31.971339724278785,-309.9795487623762,0.0131067242551949,-0.0086450883250592,1.6962289773320798,0.4229086363162829,11.53817887851841,0.4947427449880835,0.0,6.395102040816327,0.024073575162603,1.836734693877551,0.0,0.0,0.1238410251067819,1.1031401582844014,0.3303895706694192,0.0,0.0,7.864679709099933,0.0078872154979001,0.0036413899705716,-40.03274978794551,-3604000000.0,5543000000.0,-24569000000.0,25695000000.0,1676200000.0,687950000.0,872700000.0,44.28260121573575,20.473324492502293,27.420177496684687,2.0324009324009324,4.395964125560538,3.2822544642857143,0.0127964065601169,1.3231588004911703,2000-01-20,0.23,bmo,2729426086.0,2025-04-25,1999-12-31,-0.0434782608695652,15.03546875,2006964.4375
1999-09-30,SO,USD,92122,1999-11-15,1999-11-15 00:00:00,1999,Q3,3736600000.0,1244100000.0,2492500000.0,0.6670502596,0,0.0,0.0,0.0,1382400000.0,1382400000.0,2626500000.0,0.0,0.0,134900000.0,1245000000.0,0.3331906011,1110100000.0,0.2970882621,-163100000.0,947000000.0,0.2534389552,331800000.0,615200000.0,0.1646416528,0.9,0.9,683555556,683555556,https://www.sec.gov/Archives/edgar/data/92122/000009212299000062/0000092122-99-000062-index.html,https://www.sec.gov/Archives/edgar/data/3153/000009212299000062/,5.466417421673331,0.8999999994148244,1.6262028598009084,0.6966514949956752,1.122951884835532,14.97288685632452,9.51173601462176,13.935516896010718,22.487272417108404,10718151118.08,25321851118.08,4.3555555583875165,2.8684234646684152,9.642093485138538,22.50766719462411,1.1251825186684443,1.1251825186684443,6.776709071904941,20.33883623942169,22.77964296336812,53.17482385149098,0.0573979591463536,0.0444293045277854,1.6136661872618283,0.4021310883567127,11.72987951807229,0.6149745052151946,0.0,1.806892067620286,0.0213376353328528,0.3717490247074122,0.0,0.0,0.0976596223374476,0.5716084922634042,0.1700476368891505,0.0,0.0,16.798637354283702,0.0202378835931221,0.0178362267914506,-36.93693918274581,-2484300000.0,6501800000.0,-24021800000.0,26510800000.0,1898700000.0,702550000.0,883950000.0,49.74736391371835,51.138172172654926,61.446829033035925,1.809141086472354,1.7599377564011882,1.4646809512597128,0.0645831802387226,0.9295513648052331,1999-10-19,0.79,bmo,3736600000.0,2025-04-25,1999-09-30,0.0,16.32359375,1839659.78125
1999-06-30,SO,USD,92122,1999-08-16,1999-08-16 00:00:00,1999,Q2,2791100000.0,901000000.0,1890100000.0,0.6771882054,0,0.0,0.0,0.0,1222800000.0,1222800000.0,2123800000.0,0.0,0.0,277400000.0,944700000.0,0.3384687041,667300000.0,0.2390813658,-193400000.0,473900000.0,0.1697896887,159900000.0,314000000.0,0.1125004479,0.45,0.45,697777778,697777778,https://www.sec.gov/Archives/edgar/data/92122/000009212299000052/0000092122-99-000052-index.html,https://www.sec.gov/Archives/edgar/data/3153/000009212299000052/,3.9999840751592406,0.4499999998566878,0.9153343946129509,0.1188057324462402,0.6431847131709603,14.482117829782766,9.115366239135234,13.649761142149758,22.08410827322162,11262133336.92,26223133336.92,8.966666669522294,4.035016064247071,17.632900167402536,135.85203060217128,1.1824382736017638,1.1824382736017638,9.395268294550537,27.758159560622417,41.05704295744481,316.3224769230398,0.0278810408833139,0.0073609499656902,1.6179117014016484,0.4101645470564123,15.836773578913942,0.5041368204786496,0.0,2.0340764331210197,0.0207243151024378,0.743312101910828,0.0,0.0,0.0996758034378676,0.8702051041177391,0.1991329583318405,0.0,0.0,11.756012568905,0.0124505613383569,0.0092830746489283,-36.19698247254873,-3572000000.0,6360500000.0,-23832900000.0,25065900000.0,1625550000.0,693950000.0,875600000.0,55.848948443266096,69.74250832408434,91.74805771365148,1.6114896073903002,1.290461185906617,0.9809471965160588,0.032967609848286,0.7965286621667106,1999-07-19,0.4,bmo,2442212500.0,2025-04-25,1999-06-30,0.1249999999999999,16.391111111111112,1943800.2063492064
1999-03-31,SO,USD,92122,1999-05-17,1999-05-17 00:00:00,1999,Q1,2441600000.0,786900000.0,1654700000.0,0.6777113368,0,0.0,0.0,0.0,1169800000.0,1169800000.0,1956700000.0,0.0,0.0,252800000.0,737700000.0,0.3021379423,484900000.0,0.1985992792,-151965000.0,332900000.0,0.1363450197,108600000.0,224300000.0,0.0918659895,0.32,0.32,700937500,700937500,https://www.sec.gov/Archives/edgar/data/92122/000009212299000046/0000092122-99-000046-index.html,https://www.sec.gov/Archives/edgar/data/3153/,3.4833348194382525,0.32,0.2700668747213553,-0.4498261257244761,0.7905127061970575,14.661792242532323,11.494605439144005,13.844458314757022,19.19058403923317,9953312500.0,22850612500.0,11.09375,4.076553284731324,52.57956946645536,-31.567752933713923,1.0256811553879288,1.0256811553879288,9.358868160222803,30.975481225430396,120.71110670892764,-72.4726054551221,0.0225352112676056,-0.03167789617778,1.3861563668964665,0.3795777390244315,17.483123220821472,0.5956067766217756,0.0,0.8439589835042354,0.0234997142910965,1.0427998216674097,0.0,0.0,0.0626449723176946,2.665610142630745,0.2066677588466579,0.0,0.0,9.983992180798747,0.0097285512943916,0.0067524038316806,-32.885991975033434,-2165000000.0,8057000000.0,-21972100000.0,23772500000.0,1658050000.0,858350000.0,799850000.0,55.99565858453473,78.88295844452917,95.23827678231032,1.6072674609966426,1.1409308394954327,0.9449981986309596,0.0231139415298688,0.7198930004458315,1999-04-19,0.32,bmo,2538000000.0,2025-04-25,1999-03-31,0.0,15.962295081967214,2329553.37704918
1998-12-31,SO,USD,92122,1999-03-26,1999-03-26 00:00:00,1998,Q4,2519100000.0,2956500000.0,-437400000.0,-0.1736334405,0,0.0,0.0,0.0,-783600000.0,-783600000.0,2172900000.0,0.0,0.0,533500000.0,-275900000.0,-0.1095232424,346200000.0,0.1374300345,-1013400000.0,-667200000.0,-0.2648564964,-634900000.0,-51500000.0,-0.0204438093,-0.0735,-0.0735,700937500,700937500,https://www.sec.gov/Archives/edgar/data/92122/000009212299000040/0000092122-99-000040-index.html,https://www.sec.gov/Archives/edgar/data/3153/,3.593901025412394,-0.07347302719572,1.028337048595631,0.1283994650022291,1.368167632634864,15.266696388765046,10.627195720017832,14.503432902362906,19.725011145786898,12406593750.0,25273593750.0,-60.226183252427184,4.925010420388234,17.212255480022197,137.85104166666667,1.2204007229982294,1.2204007229982294,10.0327870072645,-91.6041817687568,35.063254370144286,280.8177083333333,-0.0041510184856339,0.0072542070622728,1.3600236081054495,0.3820181255526083,-46.63646248640812,0.6454197143852316,0.0,-13.996116504854369,0.0187964565213558,-4.528155339805825,0.0,0.0,0.0898541114058355,0.8751387347391787,0.2504068913500853,0.0,0.0,,0.0004957841152015,-0.0015634486945962,-32.52893446277307,-2036000000.0,7449000000.0,-21785000000.0,25340000000.0,1993700000.0,899750000.0,733100000.0,64.20150053590568,31.263318112633183,23.34855403348554,1.4018363939899834,2.8787731256085687,3.8546284224250327,-0.0050659059610466,0.8999375835934017,1999-01-19,0.3,bmo,2938949999.0,2025-04-25,1998-12-31,-0.1666666666666666,17.75984375,2172277.3125
1998-09-30,SO,USD,92122,1998-11-13,1998-11-13 00:00:00,1998,Q3,3456800000.0,1067700000.0,2389100000.0,0.6911305253,0,0.0,0.0,0.0,1322300000.0,1322300000.0,2390000000.0,0.0,0.0,446800000.0,1513600000.0,0.4378616061,1066800000.0,0.3086091183,-235300000.0,831500000.0,0.2405403842,315500000.0,516000000.0,0.1492710021,0.74,0.74,697297297,697297297,https://www.sec.gov/Archives/edgar/data/92122/000009212298000093/0000092122-98-000093-index.html,https://www.sec.gov/Archives/edgar/data/3153/,4.9574263587027785,0.7400000003155038,1.3344379850650705,0.7374186049655661,1.2308953493620096,15.402468998815008,12.702616284485613,14.552759696127143,18.964794581729176,12502540535.21,24868340535.21,6.057432429849807,3.616796035411362,13.436368119516388,24.314547909782185,1.2320687192252355,1.2320687192252355,7.194035100442606,16.429929000535147,26.72578241290704,48.36316712409568,0.0412716118413554,0.041127641102374,1.3031751350072924,0.3678296158457041,8.169793868921776,0.8021795640871826,0.0,1.803294573643411,0.0186922009444278,0.452906976744186,0.0,0.0,0.0523647004175045,0.4473938742611499,0.120429298773432,0.0,0.0,15.56609935224058,0.0197750429931735,0.0151456892022389,-32.06795737801347,-989300000.0,8857500000.0,-21199900000.0,24651600000.0,2095000000.0,773150000.0,729850000.0,57.02846563295534,65.11660578814273,58.937903905591455,1.5781592403214024,1.382135922330097,1.5270308924485123,0.0508494619417399,0.5970193800995044,1998-10-19,0.76,bmo,3547768421.0,2025-04-25,1998-09-30,-0.0263157894736842,16.5496875,2065362.703125
1998-06-30,SO,USD,92122,1998-08-13,1998-08-13 00:00:00,1998,Q2,2913400000.0,919500000.0,1993900000.0,0.6843893732,0,0.0,0.0,0.0,1345200000.0,1345200000.0,2264700000.0,0.0,0.0,515000000.0,1163700000.0,0.399430219,648700000.0,0.2226608087,-219800000.0,428900000.0,0.1472163108,158100000.0,270800000.0,0.0929498181,0.39,0.39,694358974,694358974,https://www.sec.gov/Archives/edgar/data/92122/000009212298000084/0000092122-98-000084-index.html,https://www.sec.gov/Archives/edgar/data/3153/,4.195812409850125,0.3900000002016248,0.7673264405739502,0.0188663220186162,0.98954579076269,14.965169874797356,12.24381093690596,14.117625561212952,19.20562777950069,11706892301.64,24355392301.64,10.807692302104874,4.018292133466053,21.97239546103604,893.6559008885496,1.1942518185438706,1.1942518185438706,8.359783174860986,20.92927068973103,45.712072638213215,1859.1902520335875,0.0231316726098235,0.0011189989334885,1.3604007059279586,0.3729716123619074,10.869210277562946,0.8082045259117888,0.0,1.967503692762186,0.0199625992943713,0.8629985228951256,0.0,0.0,0.052848552649979,0.9754129129129128,0.1783826457060479,0.0,0.0,11.13023649181315,0.0122654186053225,0.00799636206866,-32.83136079983896,-914500000.0,8501600000.0,-21510200000.0,24718500000.0,1761250000.0,702350000.0,769500000.0,61.77112651884397,75.73898858075042,74.43719412724307,1.4569913982796558,1.1882915482036702,1.2090729783037475,0.0276250420802432,0.7484601185553339,1998-07-20,0.35,bmo,2580439999.0,2025-04-25,1998-06-30,0.1142857142857144,16.403492063492063,1925868.047619048
1998-03-31,SO,USD,92122,1998-05-15,1998-05-15 00:00:00,1998,Q1,2513700000.0,782300000.0,1731400000.0,0.6887854557,0,0.0,0.0,0.0,1141100000.0,1141100000.0,1923400000.0,0.0,0.0,344800000.0,935100000.0,0.3720014322,590300000.0,0.2348331145,-188800000.0,383800000.0,0.1526832955,142100000.0,241700000.0,0.0961530811,0.35,0.35,690571429,690571429,https://www.sec.gov/Archives/edgar/data/92122/000009212298000064/0000092122-98-000064-index.html,https://www.sec.gov/Archives/edgar/data/3153/,3.640028959263532,0.3499999997827885,0.8165701277514046,0.1820231691050745,0.6911667351937318,14.76414976328249,12.00846089449206,14.109619354090016,19.25897806003787,11643034292.94,24465434292.94,12.042857150330988,4.631831281752,20.647338700017738,92.6255711451074,1.1949294716524523,1.1949294716524523,9.73283776621713,26.163441656443165,43.38612217226459,194.6335265945903,0.0207591933441748,0.0107961547511906,1.3649537649968695,0.3797397153886566,13.712330232060742,0.6438870316057181,0.0,2.333057509309061,0.0199604324914614,0.9615225486139842,0.0,0.0,0.0543354119555037,0.7770881361943607,0.1743247006404901,0.0,0.0,10.541027101023008,0.0112556369614096,0.0072976612460069,-33.04332331420563,-1736300000.0,8292700000.0,-21688100000.0,23865600000.0,1819950000.0,839950000.0,742750000.0,54.52559971356964,72.58212961779368,89.56282755975968,1.6506008273688355,1.239974639404026,1.0048811817597945,0.024805771934686,0.6345469586463299,1998-04-20,0.31,bmo,2189351612.0,2025-04-25,1998-03-31,0.129032258064516,15.527868852459015,1961707.737704918
1997-12-31,SO,USD,92122,1998-03-31,1998-03-31 00:00:00,1997,Q4,3238200000.0,3467000000.0,-228800000.0,-0.0706565376,0,0.0,0.0,0.0,-863700000.0,-863700000.0,2603300000.0,0.0,0.0,199800000.0,834700000.0,0.2577666605,634900000.0,0.1960657155,-1071500000.0,-436600000.0,-0.1348279909,-579200000.0,195500000.0,0.0603730468,0.28,0.28,690571429,690571429,https://www.sec.gov/Archives/edgar/data/92122/000009212298000058/0000092122-98-000058-index.html,https://www.sec.gov/Archives/edgar/data/3153/,4.689160112935978,0.2830988827370094,0.5449110464139981,-0.3804095984399609,0.8702937520457424,15.313405038076082,12.579437311183634,14.683491923034657,19.00165493235313,10883405721.04,23404405721.04,13.917398620255751,3.3609430303996044,28.922151796545307,-41.42902824910544,1.0733141736725835,1.0733141736725835,7.227597344524736,28.03930240929676,62.196135320329525,-89.09176140479634,0.0179631270772214,-0.024137664875632,1.2940828402366864,0.3720336820617504,15.000599017611115,0.6688323742342677,0.0,1.9248081841432223,0.0206093575622545,1.147314578005115,0.0,0.0,0.053528394431686,1.69811320754717,0.197331851028349,0.0,0.0,9.671080785362244,-0.0063353203285203,0.0058562741515142,-32.08031648815868,-1784000000.0,8687000000.0,-21093000000.0,23756000000.0,2090750000.0,972800000.0,719200000.0,58.83824346859366,27.231035477357945,18.35304297663686,1.5296173830892772,3.3050524308865588,4.903818953323904,0.0192800788954635,0.925320644853959,1998-01-20,0.34,bmo,3809647058.0,2025-04-25,1997-12-31,-0.1764705882352941,14.2865625,2009020.40625
1997-09-30,SO,USD,92122,1997-11-14,1997-11-14 00:00:00,1997,Q3,4071200000.0,1832600000.0,2238600000.0,0.5498624484,0,0.0,0.0,0.0,1334100000.0,1334100000.0,3166700000.0,0.0,0.0,452400000.0,1356900000.0,0.3332923954,904500000.0,0.2221703675,-197600000.0,706900000.0,0.1736343093,332200000.0,374700000.0,0.0920367459,0.55,0.55,681272727,681272727,https://www.sec.gov/Archives/edgar/data/92122/000009212297000058/0000092122-97-000058-index.html,https://www.sec.gov/Archives/edgar/data/3153/,5.975874034951644,0.5500000002201761,1.6094875907163682,0.977582066043868,0.9106485191796032,14.65404324045398,11.885401659415026,14.074539637339688,18.546757413349383,9360687268.98,21375687268.98,6.245454542954364,2.299245251763608,8.536878494281806,14.055085989459458,0.9762308646705462,0.9762308646705462,5.2504635657742185,15.753325424850765,19.49447083354309,32.09562653,0.0400291120975382,0.0711486219828142,1.3177523308929353,0.3570915832490207,8.854742427592306,0.7224312379004274,0.0,2.926341072858287,0.0238230370903417,0.5951427808913797,0.0,0.0,0.0533062779432628,0.3926128590971272,0.1057427785419532,0.0,0.0,13.19744020944226,0.0147570407063576,0.011185742432384,-33.5641279824783,-1519800000.0,8097200000.0,-21445200000.0,23389300000.0,2036650000.0,879100000.0,779150000.0,45.63887797209668,44.03252209974899,35.919458692567936,1.9720029062727056,2.043943787642204,2.5056056877221766,0.039077654714974,0.6319055246725002,1997-10-20,0.77,bmo,4335563636.0,2025-04-25,1997-09-30,-0.0649350649350649,13.30265625,2080846.140625
1997-06-30,SO,USD,92122,1997-08-13,1997-08-13 00:00:00,1997,Q2,2717200000.0,1000400000.0,1716800000.0,0.6318268806,0,0.0,0.0,0.0,1133600000.0,1133600000.0,2134000000.0,0.0,0.0,345800000.0,929000000.0,0.3418960695,583200000.0,0.2146327101,-214700000.0,368500000.0,0.1356175475,153700000.0,214800000.0,0.0790519653,0.31,0.31,692903226,692903226,https://www.sec.gov/Archives/edgar/data/92122/000009212297000053/0000092122-97-000053-index.html,https://www.sec.gov/Archives/edgar/data/3153/,3.921471134845026,0.3099999999134078,0.8177188079652554,0.2235521414645571,0.5524581004043413,14.5396927333688,12.003985099067789,13.477206700146033,17.423933887125532,9229470970.32,20919770970.32,10.741935486871508,3.396684443662594,16.289218090928344,59.58341491491285,0.988335364764842,0.988335364764842,7.699017727925806,22.518590926071045,36.92158660487116,135.05339554757907,0.0232732732667723,0.0167831938036454,1.292844598646449,0.3508357452546175,12.583745963401508,0.8097563028747001,0.0,2.6378026070763503,0.0239992086992089,1.0311918063314711,0.0,0.0,0.0510571770640815,0.7266148958701024,0.1515162667451788,0.0,0.0,9.69554107346571,0.0105892358901918,0.0065777788665886,-31.800905484599376,-904000000.0,8317600000.0,-20490000000.0,24046200000.0,1894150000.0,817050000.0,813900000.0,66.53614014426616,77.51299480207916,74.39124350259895,1.3526483472720032,1.161095636025998,1.2098198089249002,0.0230017990233873,0.5941666665006983,1997-07-24,0.42,bmo,3428847619.0,2025-04-25,1997-06-30,-0.2619047619047618,12.931875,1832945.515625
1997-03-31,SO,USD,92122,1997-05-14,1997-05-14 00:00:00,1997,Q1,2584400000.0,944000000.0,1640400000.0,0.6347314657,0,0.0,0.0,0.0,1098100000.0,1098100000.0,2042100000.0,0.0,0.0,366100000.0,908400000.0,0.3514935768,542300000.0,0.2098359387,-209100000.0,333200000.0,0.1289274106,146200000.0,187000000.0,0.0723572202,0.28,0.28,667857143,667857143,https://www.sec.gov/Archives/edgar/data/92122/000009212297000029/0000092122-97-000029-index.html,https://www.sec.gov/Archives/edgar/data/3153/,3.8696898387444514,0.2799999999401069,0.8768342244113724,0.311144384960183,0.823379678968261,14.961433151879907,12.25546523802022,13.868085558530892,18.427144381085103,8595321430.41,20352121430.41,11.491071431029413,3.325847945523139,14.677802989088114,41.36343325510106,0.9280300403167816,0.9280300403167816,7.874988945368364,22.404360887725677,34.75430572132855,97.94091159966314,0.021756021751368,0.0241759428873491,1.3287446420280935,0.3619607001155879,12.942316160281814,0.7668987588115729,0.0,3.131550802139037,0.0256185881799531,1.1775401069518716,0.0,0.0,0.0531527848447504,0.6451502732240437,0.1461848011143786,0.0,0.0,9.347135336564676,0.0095162352048728,0.0058087342240059,-32.52645453849701,-1078000000.0,8184900000.0,-20461400000.0,23867900000.0,1640750000.0,780250000.0,790450000.0,61.96989630088222,73.64936440677967,76.35699152542374,1.4523180668727171,1.2220064724919093,1.1786739917592708,0.0201902417430548,0.5656898394511893,1997-04-23,0.34,bmo,3040470588.0,2025-04-25,1997-03-31,-0.1764705882352941,13.391311475409836,1760264.9344262294
1996-12-31,SO,USD,92122,1997-03-25,1997-03-25 00:00:00,1996,Q4,2487200000.0,2760700000.0,-273500000.0,-0.1099630106,0,0.0,0.0,0.0,-626500000.0,-626500000.0,2134200000.0,0.0,0.0,28000000.0,381000000.0,0.1531843036,353000000.0,0.1419266645,-892000000.0,-539000000.0,-0.2167095529,-605400000.0,139400000.0,0.0560469604,0.21,0.21,667857143,667857143,https://www.sec.gov/Archives/edgar/data/92122/000009212297000016/0000092122-97-000016-index.html,https://www.sec.gov/Archives/edgar/data/3153/,3.724149731823711,0.2087272726826251,0.776663101438147,0.3011122994008316,0.6663101602852812,15.828235290731929,15.352085558213458,15.266737964648826,14.38780748355341,9203071430.54,18367071430.54,16.50479094429699,3.700173460332904,17.742570716290725,45.76365703898558,0.9026158719635152,0.9026158719635152,7.384637918357993,48.20753656309712,35.40981575195682,91.33302551238192,0.0151471170306694,0.0218514005370705,0.94242840329541,0.3172124653373828,24.05249343832021,0.8048973143759873,0.0,3.720946915351506,0.0229705921110726,1.516499282639885,0.0,0.0,0.0104978212069193,0.6122999807210333,0.1276937922161466,0.0,0.0,8.467476188790402,-0.0015438247799184,0.0046506972709681,-26.591764700194275,-741000000.0,10253000000.0,-16664000000.0,22846000000.0,1468450000.0,692600000.0,788200000.0,54.35027339980701,25.689136813127107,25.42833339370449,1.6559254327563249,3.503426395939086,3.5393589743589744,0.0136720282463711,0.4755508020373153,1997-01-20,0.25,bmo,2885152000.0,2025-04-25,1996-12-31,-0.16,13.57953125,1672531.3125
1996-09-30,SO,USD,92122,1996-11-13,1996-11-13 00:00:00,1996,Q3,2916600000.0,894700000.0,2021900000.0,0.6932387026,0,0.0,0.0,0.0,1044700000.0,1044700000.0,1939400000.0,0.0,0.0,361100000.0,1299600000.0,0.4455873277,977200000.0,0.3350476582,-195000000.0,761000000.0,0.2609202496,293600000.0,467400000.0,0.1602550915,0.69,0.69,677391304,677391304,https://www.sec.gov/Archives/edgar/data/92122/000009212296000104/0000092122-96-000104-index.html,https://www.sec.gov/Archives/edgar/data/3153/,4.305635432249363,0.6900000003543004,1.466065469302216,1.0691014126157132,0.562451861649526,14.116065475797724,13.687509634756102,13.565276001830696,13.578857516600184,9280260864.8,18097460864.8,4.963768113393239,3.181876453678941,9.344739567817944,12.81449995139464,1.0099315338774622,1.0099315338774622,6.204985553315504,13.925408483225608,18.22320095136441,24.989589705606186,0.0503649635295109,0.0780365994610009,1.0010011970834694,0.3073535357585599,6.784549092028317,0.7974364362260979,0.0,2.1242780748663104,0.0228657365446346,0.4540008557980317,0.0,0.0,0.0097002382456034,0.2707683012788239,0.0921963930604128,0.0,0.0,14.512095301387758,0.0214646562469669,0.0157709334341089,-27.324863621219443,-771200000.0,9271800000.0,-17329000000.0,22598200000.0,1433750000.0,626750000.0,826500000.0,44.27792635260234,60.07376774337767,80.11176930814797,2.0326155132761863,1.4981580709979907,1.1234304369663486,0.0508651648710414,0.3969640566865027,1996-10-23,0.71,bmo,,2025-04-25,1996-09-30,-0.028169014084507,13.83515625,1606834.53125
1996-06-30,SO,USD,92122,1996-08-12,1996-08-12 00:00:00,1996,Q2,2538600000.0,778500000.0,1760100000.0,0.693334909,0,0.0,0.0,0.0,1072600000.0,1072600000.0,1851100000.0,0.0,0.0,321700000.0,995800000.0,0.3922634523,687500000.0,0.2708185614,-154100000.0,506200000.0,0.1994012448,218900000.0,287300000.0,0.1131726148,0.43,0.43,668139535,668139535,https://www.sec.gov/Archives/edgar/data/92122/000009212296000094/0000092122-96-000094-index.html,https://www.sec.gov/Archives/edgar/data/3153/,3.799505742464409,0.4299999999251653,0.7300870169282828,0.2271980507784201,0.9272015313388092,13.708214407638668,13.271030279625649,13.374002782218238,15.069157672281731,9915190699.4,19363990699.4,8.627906978245736,3.9057711728511775,20.32634419721197,65.31746178787878,1.1096154413644146,1.1096154413644146,7.627822697313481,19.44566248182366,39.696577899549,127.56252107641636,0.0289757412348494,0.015309841696659,1.1267500027977662,0.3318392005510713,9.488652339827274,0.7237620143204249,0.0,1.698467966573816,0.0213107348518053,0.7354681517577445,0.0,0.0,0.0096272688021779,0.6888068880688807,0.1323564169227133,0.0,0.0,11.375125357350688,0.0137976538980824,0.0095611139213545,-28.526451439518542,-1284700000.0,8866900000.0,-17815900000.0,22092700000.0,1338700000.0,393900000.0,849150000.0,50.78941148664618,75.8728323699422,99.02890173410404,1.7720228954348736,1.1861953374980954,0.908825589540042,0.0321519298991685,0.5028889661498627,1996-07-24,0.42,bmo,,2025-04-25,1996-06-30,0.0238095238095238,13.948888888888888,1584113.4444444445
1996-03-31,SO,USD,92122,1996-05-14,1996-05-14 00:00:00,1996,Q1,2415600000.0,774100000.0,1641500000.0,0.6795413148,0,0.0,0.0,0.0,1058200000.0,1058200000.0,1832300000.0,0.0,0.0,324300000.0,907600000.0,0.3757244577,583300000.0,0.241472098,-169700000.0,398900000.0,0.1651349561,166000000.0,232900000.0,0.0964149694,0.35,0.35,665428571,665428571,https://www.sec.gov/Archives/edgar/data/92122/000009212296000073/0000092122-96-000073-index.html,https://www.sec.gov/Archives/edgar/data/3153/,3.6301416940511855,0.3500000002254186,0.6032202665971792,0.1426148562532942,0.4685702021051332,13.525268364228385,13.069471884759214,13.181129248506524,14.928574505106424,9728565708.02,19350665708.02,10.442857136131384,4.027391003485676,24.236586218286,102.5138641519494,1.1091614173843645,1.1091614173843645,8.010707777786056,21.320698223909208,48.20793649232685,203.90585572202315,0.0239398084969506,0.0097547781295002,1.1325717412867258,0.334294656077534,10.601696782723668,0.6792030009256101,0.0,1.7234864748819236,0.021698984859194,0.9063975955345642,0.0,0.0,0.0102066226948445,0.7635774788241156,0.1268835899983441,0.0,0.0,10.18829685957582,0.0121633108508898,0.0079183481965273,-28.62764063672884,-1317000000.0,8696800000.0,-17927500000.0,21989500000.0,1383400000.0,458250000.0,860350000.0,46.3785394932936,15.288722387288464,97.8594496835034,1.940552699228792,5.8866920152091256,0.919686349055483,0.026553111924388,0.4606054103438849,1996-04-24,0.32,bmo,,2025-04-25,1996-03-31,0.0937499999999999,14.94746031746032,1523743.9047619049
1995-12-31,SO,USD,92122,1996-03-25,1996-03-25 00:00:00,1995,Q4,2308500000.0,712100000.0,1596400000.0,0.6915312974,0,0.0,0.0,0.0,1085900000.0,1085900000.0,1798000000.0,0.0,0.0,422100000.0,932600000.0,0.4039852718,510500000.0,0.2211392679,-213800000.0,296700000.0,0.1285250162,136400000.0,160300000.0,0.0694390297,0.24,0.24,665428571,665428571,https://www.sec.gov/Archives/edgar/data/92122/000009212296000052/0000092122-96-000052-index.html,https://www.sec.gov/Archives/edgar/data/3153/,3.4691927888380376,0.240897381005301,0.6682911124956791,0.0160798626123313,1.1601545735252177,13.529626457833594,13.012666388801632,13.182481760315037,15.756762569186408,9981428565.0,19694428565.0,15.566794393325017,4.323772391163093,22.445308219024064,932.8437911214952,1.1378737534199728,1.1378737534199728,8.531266434914446,21.11776599292301,44.28699924668316,1840.6008004672897,0.0160598254003534,0.001071990840822,1.1952804377564978,0.3431629246579826,10.414968904138966,0.8199018920812894,0.0,2.774173424828447,0.0203377701576527,1.2663755458515285,0.0,0.0,0.0112587549911631,0.9759388351697774,0.1880008663634394,0.0,0.0,8.452903048788976,0.009693908640578,0.0053061900033101,-28.85057966649887,-771000000.0,8659000000.0,-18041000000.0,22599000000.0,1578000000.0,711800000.0,850800000.0,59.33723196881092,99.213593596405,111.09394747928664,1.516754270696452,0.9071337579617834,0.8101251422070535,0.0182740538075695,0.6522112498833478,1996-01-15,0.26,bmo,,2025-04-25,1995-12-31,-0.0769230769230769,14.462539682539685,1265660.142857143
1995-09-30,SO,USD,92122,1995-11-14,1995-11-14 00:00:00,1995,Q3,2758800000.0,780300000.0,1978500000.0,0.7171596346,0,0.0,0.0,0.0,981900000.0,981900000.0,1762200000.0,0.0,0.0,327700000.0,1324300000.0,0.4800275482,996600000.0,0.3612440191,-204700000.0,791900000.0,0.2870450921,323100000.0,468800000.0,0.1699289546,0.71,0.71,660281690,660281690,https://www.sec.gov/Archives/edgar/data/92122/000009212295000110/0000092122-95-000110-index.html,https://www.sec.gov/Archives/edgar/data/3153/,4.1782167244407455,0.7100000001514505,1.4571053757374373,0.9536838739235672,0.5020584472060705,13.180435156395143,13.180435156395143,13.180435156395143,14.968459900803852,9448630983.9,19000530983.9,5.038732393291383,3.42490611276642,9.820840852198316,15.004972183420676,1.0857001176517904,1.0857001176517904,6.887244810751052,14.347603249943369,19.74901879627897,30.17394153390504,0.0496156533998218,0.0666445753964757,1.1356574895435951,0.3259857842571367,7.21279166352035,0.8214087191296752,0.0,2.0518234165067177,0.0214951774861429,0.4332337883959044,0.0,0.0,0.0,0.3454942313688806,0.1204871683340582,0.0,0.0,14.510597908712326,0.0211159286916395,0.0154625063904876,-29.756087890306333,-674700000.0,8702800000.0,-18512500000.0,22073400000.0,1420250000.0,560250000.0,862050000.0,53.30578512396694,73.6562860438293,94.87889273356402,1.6883720930232555,1.2218916379580331,0.948577680525164,0.053867720733557,0.5034215018138698,1995-10-25,0.71,bmo,,2025-04-25,1995-09-30,0.0,13.313650793650794,1301602.4603174604
1995-06-30,SO,USD,92122,1995-08-14,1995-08-14 00:00:00,1995,Q2,2183600000.0,616300000.0,1567300000.0,0.7177596629,0,0.0,0.0,0.0,920800000.0,920800000.0,1537100000.0,0.0,0.0,259900000.0,906400000.0,0.4150943396,646500000.0,0.2960707089,-185500000.0,461000000.0,0.2111192526,193500000.0,267500000.0,0.1225041216,0.4,0.4,668750000,668750000,https://www.sec.gov/Archives/edgar/data/92122/000009212295000091/0000092122-95-000091-index.html,https://www.sec.gov/Archives/edgar/data/3153/,3.265196261682243,0.4,0.6177196261682243,0.1363738317757009,0.1730093457943925,12.618616822429908,12.618616822429908,12.618616822429908,12.23192523364486,9115062500.0,17179462500.0,8.51875,4.174327944678512,22.06502662793513,99.94586074561404,1.0801500823586572,1.0801500823586572,7.867495191427001,18.95351114298323,41.5866920842411,188.3712993421053,0.0293470286133528,0.0100054168580851,0.9693554694443456,0.3027256073867105,8.897175639894087,0.8307626533364028,0.0,1.5442990654205608,0.0222708291906939,0.7588785046728972,0.0,0.0,0.0,0.7792302106027597,0.1474171093606887,0.0,0.0,10.656807749127744,0.0149304610949767,0.0098995244527505,-25.5872523364486,-514600000.0,8438700000.0,-16056700000.0,20481000000.0,1054800000.0,529400000.0,920900000.0,49.72751419673933,70.37319487262697,131.64854778516957,1.809863240779113,1.2788960365221,0.6836383804769828,0.031699195373695,0.4813457943925233,1995-07-26,0.39,bmo,,2025-04-25,1995-06-30,0.0256410256410256,13.01968253968254,1246789.6825396826
1995-03-31,SO,USD,92122,1995-05-15,1995-05-15 00:00:00,1995,Q1,1929000000.0,508300000.0,1420700000.0,0.7364955936,0,0.0,0.0,0.0,883200000.0,883200000.0,1391500000.0,0.0,0.0,272300000.0,809800000.0,0.4198030067,537500000.0,0.2786417833,-179100000.0,358300000.0,0.1857439088,152000000.0,206300000.0,0.1069466045,0.31,0.31,665483871,665483871,https://www.sec.gov/Archives/edgar/data/92122/000009212295000054/0000092122-95-000054-index.html,https://www.sec.gov/Archives/edgar/data/3153/,2.898642753131428,0.3099999999849733,0.7439699466435303,0.2740862821001412,0.169200193884188,12.574910324160207,12.574910324160207,12.574910324160207,12.514503150144716,8258654839.11,16474254839.11,10.008064516614152,4.281314069004665,16.680781335305998,45.27771293371711,0.9868857653924288,0.9868857653924288,8.540308366568171,20.34360933453939,33.274600765724095,90.31937960038375,0.02497985495447,0.022085921200656,0.995196214330099,0.3088522158353421,10.14522104223265,0.7965343570598387,0.0,2.3999030538051382,0.0244470805395419,0.9786718371303926,0.0,0.0,0.0,0.6315895778630579,0.1621047174701918,0.0,0.0,9.365361685848864,0.012275399869286,0.0076506582607083,-26.05100702733635,-577700000.0,8368400000.0,-16335000000.0,20578800000.0,980550000.0,691450000.0,923650000.0,42.135303265940905,102.14637025378713,166.49026165650207,2.1359760823829035,0.8810885768764084,0.5405721578219718,0.024652263276134,0.469883664543389,1995-04-26,0.31,bmo,,2025-04-25,1995-03-31,0.0,12.406666666666666,1358568.0793650793
1994-12-31,SO,USD,92122,1995-03-27,1995-03-27 00:00:00,1994,Q4,1914700000.0,555000000.0,1359700000.0,0.7101373583,0,0.0,0.0,0.0,899800000.0,899800000.0,1454800000.0,0.0,0.0,257100000.0,717000000.0,0.3744711965,459900000.0,0.2401942863,-162900000.0,297000000.0,0.1551156839,121800000.0,175200000.0,0.0915025853,0.26,0.26,646588000,665483871,https://www.sec.gov/Archives/edgar/data/92122/000009212295000038/0000092122-95-000038-index.html,https://www.sec.gov/Archives/edgar/data/3153/,2.96123652155623,0.2709607972928665,0.6166214034284583,-0.1596070449807296,0.2149746051581532,12.66030300593268,12.66030300593268,12.66030300593268,13.255736264823968,7875441840.0,16307441840.0,11.23778801369863,4.1131466234919305,19.75280120391272,-76.31242093023256,0.9620622819447836,0.9620622819447836,8.516969676711756,22.74399140864714,40.90153458740908,-158.0178472868217,0.0222463708779036,-0.0131040266815048,1.0470315172245297,0.3169514089194586,11.760111576011155,0.8524118070554355,0.0,2.275684931506849,0.02437958452373,1.095890410958904,0.0,0.0,0.0,1.2588412340105342,0.2621298375724656,0.0,0.0,8.785501147929915,0.0106515329978227,0.0064788107388506,-27.01875073462545,-410000000.0,8186000000.0,-16488000000.0,20707000000.0,1118450000.0,717250000.0,872200000.0,49.73102835953413,130.7027027027027,147.08108108108107,1.809735349716446,0.6885856079404467,0.6119073869900772,0.0214023943317859,0.7762284484091879,1995-01-16,0.25,bmo,,2025-04-25,1994-12-31,0.08,11.988253968253968,1432814.174603175
1994-09-30,SO,USD,92122,1994-11-14,1994-11-14 00:00:00,1994,Q3,2381300000.0,639700000.0,1741600000.0,0.7313652207,0,0.0,0.0,0.0,845700000.0,845700000.0,1485400000.0,0.0,0.0,279000000.0,1174900000.0,0.4933859656,895900000.0,0.3762230714,-190600000.0,705300000.0,0.2961827573,289300000.0,416000000.0,0.1746944946,0.64,0.64,650000000,650000000,https://www.sec.gov/Archives/edgar/data/92122/000095014494001977/0000950144-94-001977-index.html,https://www.sec.gov/Archives/edgar/data/3153/,3.6635384615384616,0.64,1.3009230769230768,0.7812307692307693,0.1801538461538461,12.508,12.508,12.508,12.723692307692309,7371000000.0,15524300000.0,4.4296875,3.0953680762608657,8.716887417218544,14.515557306025997,0.9066197633514552,0.9066197633514552,6.519254188888422,13.213294748489233,18.35891674550615,30.571681764474203,0.0564373897707231,0.0688916022249355,1.0172443482325155,0.3148265872849708,6.93956932504894,0.9499133187608352,0.0,2.032692307692308,0.0259801926468593,0.4603365384615384,0.0,0.0,0.0,0.3994796594134343,0.1418552891277873,0.0,0.0,13.42070042881518,0.0213581429765682,0.0158357347057636,-25.722346153846157,-132900000.0,8130200000.0,-15619000000.0,20041900000.0,1155450000.0,632600000.0,849800000.0,44.555914836433885,88.42426137251836,117.81460059402843,2.0199338366273647,1.0178202068416866,0.7639121089085263,0.0511672529581068,0.5196923076923077,1994-10-26,0.69,bmo,,2025-04-25,1994-09-30,-0.0724637681159419,11.3646875,1249293.859375
1994-06-30,SO,USD,92122,1994-08-15,1994-08-15 00:00:00,1994,Q2,2068500000.0,579600000.0,1488900000.0,0.7197969543,0,0.0,0.0,0.0,861600000.0,861600000.0,1441200000.0,0.0,0.0,259300000.0,886600000.0,0.4286197728,627300000.0,0.3032632342,-183800000.0,443500000.0,0.2144065748,187300000.0,256200000.0,0.123857868,0.39,0.39,656923077,656923077,https://www.sec.gov/Archives/edgar/data/92122/000095014494001496/0000950144-94-001496-index.html,https://www.sec.gov/Archives/edgar/data/3153/,3.14877049143457,0.3899999999543325,0.6180327868128768,0.0442974238824007,0.3114519905958487,11.906873534905518,11.906873534905518,11.906873534905518,13.322716626074625,7502061539.34,16049461539.34,7.320512821370024,3.626812443480784,18.477984087044337,257.8028020391753,0.9591098760326776,0.9591098760326776,7.758985515755378,18.10225754493571,39.53069344665025,551.5278879498281,0.0341506129557208,0.0038789337900526,1.1189097278154925,0.3327541565754305,9.640649672907738,1.0017411711268405,0.0,1.5846994535519126,0.0254863278576652,0.7462919594067136,0.0,0.0,0.0,0.9283251231527092,0.1822093304326807,0.0,0.0,10.22168358229511,0.0145738425014732,0.0097408152324754,-25.870761121092418,4600000.0,7821900000.0,-15833300000.0,20107400000.0,1049650000.0,600200000.0,832950000.0,49.25308194343727,98.8664596273292,133.88198757763976,1.827296819787986,0.910318831474792,0.6722338204592901,0.0327541901584014,0.573735362930476,1994-07-27,0.4,bmo,,2025-04-25,1994-06-30,-0.025,11.575806451612904,1333759.258064516
1994-03-31,SO,USD,92122,1994-05-16,1994-05-16 00:00:00,1994,Q1,1932400000.0,560700000.0,1371700000.0,0.7098426827,0,0.0,0.0,0.0,928900000.0,928900000.0,1489600000.0,0.0,0.0,265600000.0,708400000.0,0.366590768,442800000.0,0.2291451045,-188600000.0,254200000.0,0.1315462637,112600000.0,141600000.0,0.0732767543,0.22,0.22,643636364,643636364,https://www.sec.gov/Archives/edgar/data/92122/000095014494001079/0000950144-94-001079-index.html,https://www.sec.gov/Archives/edgar/data/3153/,3.002316382484567,0.2199999998757062,0.7157768357537984,0.2195338981810543,0.3315536721290657,12.049971744604536,12.049971744604536,12.049971744604536,13.232937845631108,7446872731.48,15750672731.48,13.147727280155369,3.853691125791762,16.164255983242892,52.70256710176929,0.9601682265504526,0.9601682265504526,8.150834574353135,22.23415123020892,34.1885668145865,111.4697291682944,0.0190146931612537,0.0189744077943867,1.0981716908636117,0.3291951392968678,11.721908526256351,1.0263413281574931,0.0,3.253531073446328,0.0256886356055639,1.3509887005649717,0.0,0.0,0.0,0.693292815281094,0.1652866901262678,0.0,0.0,7.723170340093074,0.0100393201453905,0.0054729290992857,-26.06483402482213,57000000.0,7755800000.0,-15896100000.0,20132000000.0,,,,45.05123162906231,90.48154093097914,129.0048154093098,1.9977256280368032,0.9946780202235233,0.6976483762597985,0.018257304211042,0.4962429375727441,1994-04-28,0.3,bmo,,2025-04-25,1994-03-31,0.0333333333333333,12.652539682539684,1386104.6984126985
1993-12-31,SO,USD,92122,1994-03-28,1994-03-28 00:00:00,1993,Q4,1944900000.0,0.0,1944900000.0,1.0,0,0.0,0.0,0.0,4495900000.0,4495900000.0,4495900000.0,0.0,0.0,0.0,6440800000.0,3.3116355597,6440800000.0,3.3116355597,-6440800000.0,0.0,0.0,-132800000.0,132800000.0,0.0682811456,0.21,0.21,640144928,640144928,https://www.sec.gov/Archives/edgar/data/92122/000095014494000714/0000950144-94-000714-index.html,https://www.sec.gov/Archives/edgar/data/3153/,3.0382182454783115,0.2074530222631085,,,,,,,,8603547832.32,,16.196437937349398,4.4236453454265,0.0,0.0,0.0,0.0,,,0.0,0.0,0.0154354927279098,,0.0,0.0,,0.0,0.0,0.0,0.012954613095238,0.8392743479975903,0.0,0.0,0.0,0.0,,0.0,,,0.0,0.0,,,,,,,,,,0.0,0.0,0.0,0.0,0.0,0.0,,1994-01-17,0.23,bmo,,2025-04-25,1993-12-31,-0.0869565217391305,13.39984375,1263407.78125
1993-09-30,SO,USD,92122,1993-09-30,1993-09-29 20:00:00,1993,Q3,2636400000.0,811300000.0,1825100000.0,0.6922697618,0,0.0,0.0,0.0,870300000.0,870300000.0,1681600000.0,0.0,0.0,278100000.0,1232900000.0,0.4676452739,954800000.0,0.3621605219,-195200000.0,759600000.0,0.2881201639,317900000.0,441700000.0,0.1675390684,0.69,0.69,640144928,640144928,,,4.118442378723338,0.6899999995001131,1.429832464438428,0.8941725146340611,0.2754063842242924,12.01087388760815,12.01087388760815,12.01087388760815,13.078757065462526,8769985513.6,16965985513.6,4.963768119538148,3.3265003465331517,9.581542132197091,15.3214282208246,1.1406330736795558,1.1406330736795558,6.435285052950994,13.761039430286315,18.53598329902764,29.64008650174703,0.0503649634671615,0.0652680667616103,1.0889096986486662,0.3239577771070818,6.6477410982237,0.9879776399418024,0.0,2.072220964455513,0.0207411973164516,0.4118179760018112,0.0,0.0,0.0,0.3746312684365782,0.1300637232589895,0.0,0.0,13.65535854417689,0.0229245299484106,0.0170911398478551,-25.936079899706712,-31400000.0,7688700000.0,-15574700000.0,19751100000.0,1168150000.0,593550000.0,906200000.0,44.12608101957215,67.32528041415013,90.18858621964748,2.039610088194337,1.33679354094579,0.9979089790897908,0.057447943085307,0.5356599498043668,1993-10-27,0.68,bmo,,2025-04-25,1993-09-30,0.014705882352941,13.26890625,1070985.03125
1993-06-30,SO,USD,92122,1993-06-30,1993-06-29 20:00:00,1993,Q2,2068100000.0,647000000.0,1421100000.0,0.6871524588,0,0.0,0.0,0.0,834900000.0,834900000.0,1481900000.0,0.0,0.0,147100000.0,733300000.0,0.3545766646,586200000.0,0.283448576,-175200000.0,411000000.0,0.1987331367,160500000.0,250500000.0,0.1211256709,0.4,0.4,626250000,626250000,,,3.3023552894211576,0.4,,,0.3937724550898203,11.818922155688623,11.818922155688623,11.818922155688623,13.945708582834332,8034787500.0,16521687500.0,8.018749999999999,3.885105894299115,0.0,0.0,1.0855473816472114,1.0855473816472114,7.988824283158455,22.53059798172644,0.0,0.0,0.0311769290724863,,1.179947578901859,0.3446105646112748,11.573571525978451,0.9447797824356592,0.0,0.0,0.0135705378020265,0.4352749999999999,0.0,0.0,0.0,0.0,,0.0,,10.313597791323724,0.0149446181992723,0.0098843472187696,-26.20746506986028,-166500000.0,7401600000.0,-15092800000.0,19505100000.0,,,,45.41995067936754,80.70788253477589,139.02009273570323,1.981508096196225,1.1151327128576354,0.647388433059836,0.0338440337224383,,1993-07-30,0.37,bmo,,2025-04-25,1993-06-30,0.0810810810810811,12.747777777777776,1053071.0634920634
1993-03-31,SO,USD,92122,1993-03-31,1993-03-30 19:00:00,1993,Q1,1839600000.0,0.0,1839600000.0,1.0,0,0.0,0.0,0.0,0.0,0.0,0.0,0.0,0.0,0.0,1839600000.0,1.0,1839600000.0,1.0,-1839600000.0,0.0,0.0,-177000000.0,177000000.0,0.0962165688,0.28,0.28,632142857,632142857,,,2.910101695572904,0.2800000000632768,,,,,,,,8205214283.860001,,11.589285711666664,4.460325224972821,0.0,0.0,0.0,0.0,,,0.0,0.0,0.0215716486951677,,0.0,0.0,,0.0,0.0,0.0,0.0134137134052388,0.6218214284309039,0.0,0.0,0.0,0.0,,0.0,,,0.0,0.0,,,,,,,,,,0.0,0.0,0.0,0.0,0.0,0.0,,1993-04-28,0.29,bmo,,2025-04-25,1993-03-31,-0.0344827586206894,12.147419354838709,1126558.0806451612
1992-12-31,SO,USD,92122,1992-12-31,1992-12-30 19:00:00,1992,Q4,1868000000.0,0.0,1868000000.0,1.0,0,0.0,0.0,0.0,0.0,0.0,0.0,0.0,0.0,0.0,1868000000.0,1.0,1868000000.0,1.0,-1868000000.0,0.0,0.0,-140800000.0,140800000.0,0.0753747323,0.24,0.24,590312500,590312500,,,3.164425622022234,0.2385177342509264,,,,,,,,6918462500.0,,12.284201882102272,3.703673715203426,0.0,0.0,0.0,0.0,,,0.0,0.0,0.0203513425128776,,0.0,0.0,,0.0,0.0,0.0,0.014334470989761,0.7043501420454545,0.0,0.0,0.0,0.0,,0.0,,,0.0,0.0,,,,,,,,,,0.0,0.0,0.0,0.0,0.0,0.0,,1992-12-30,,bmo,,2025-04-25,1992-12-31,,11.22578125,1429997.5
1992-09-30,SO,USD,92122,1992-09-30,1992-09-29 20:00:00,1992,Q3,2385600000.0,0.0,2385600000.0,1.0,0,0.0,0.0,0.0,0.0,0.0,0.0,0.0,0.0,0.0,2385600000.0,1.0,2385600000.0,1.0,-2385600000.0,0.0,0.0,-404000000.0,404000000.0,0.1693494299,0.64,0.64,590312500,590312500,,,4.041249338274219,0.6843832715722604,,,,,,,,6829915625.0,,4.226432936262377,2.862976033283032,0.0,0.0,0.0,0.0,,,0.0,0.0,0.0591515360045168,,0.0,0.0,,0.0,0.0,0.0,0.0145203111495246,0.2454764851485148,0.0,0.0,0.0,0.0,,0.0,,,0.0,0.0,,,,,,,,,,0.0,0.0,0.0,0.0,0.0,0.0,,1993-01-18,0.23,bmo,,2025-04-25,1992-09-30,-0.0869565217391305,11.2675,1136899.171875
1992-06-30,SO,USD,92122,1992-06-30,1992-06-29 20:00:00,1992,Q2,2011500000.0,0.0,2011500000.0,1.0,0,0.0,0.0,0.0,0.0,0.0,0.0,0.0,0.0,0.0,2011500000.0,1.0,2011500000.0,1.0,-2011500000.0,0.0,0.0,-223200000.0,223200000.0,0.1109619687,0.35,0.35,564571429,564571429,,,3.5628795519512555,0.3953441292545465,,,,,,,,5995748575.98,,6.715668207862902,2.9807350613870245,0.0,0.0,0.0,0.0,,,0.0,0.0,0.0372263775192605,,0.0,0.0,,0.0,0.0,0.0,0.015819209039548,0.4249462368817205,0.0,0.0,0.0,0.0,,0.0,,,0.0,0.0,,,,,,,,,,0.0,0.0,0.0,0.0,0.0,0.0,,1992-06-29,,bmo,,2025-04-25,1992-06-30,,10.193015873015872,1068323.8412698412
1992-03-31,SO,USD,92122,1992-03-31,1992-03-30 19:00:00,1992,Q1,1807900000.0,0.0,1807900000.0,1.0,0,0.0,0.0,0.0,0.0,0.0,0.0,0.0,0.0,0.0,1807900000.0,1.0,1807900000.0,1.0,-1807900000.0,0.0,0.0,-184800000.0,184800000.0,0.102218043,0.3,0.3,526000000,526000000,,,3.4370722433460075,0.3513307984790874,,,,,,,,5107460000.0,,6.9094426406926415,2.825078820731235,0.0,0.0,0.0,0.0,,,0.0,0.0,0.0361823685354363,,0.0,0.0,,0.0,0.0,0.0,0.0173017507723995,0.4781818181818182,0.0,0.0,0.0,0.0,,0.0,,,0.0,0.0,,,,,,,,,,0.0,0.0,0.0,0.0,0.0,0.0,,1992-03-30,,bmo,,2025-04-25,1992-03-31,,9.725238095238096,1232346.365079365
1991-12-31,SO,USD,92122,1991-12-31,1991-12-30 19:00:00,1991,Q4,1888100000.0,0.0,1888100000.0,1.0,0,0.0,0.0,0.0,0.0,0.0,0.0,0.0,0.0,0.0,1888100000.0,1.0,1888100000.0,1.0,-1888100000.0,0.0,0.0,-196200000.0,196200000.0,0.1039139876,0.34,0.34,584745763,584745763,,,3.228924636090095,0.3355304346172748,,,,,,,,6122288138.610001,,7.8010807066896035,3.2425656154917646,0.0,0.0,0.0,0.0,,,0.0,0.0,0.0320468418927674,,0.0,0.0,,0.0,0.0,0.0,0.0156084049665711,0.4870497073876657,0.0,0.0,0.0,0.0,,0.0,,,0.0,0.0,,,,,,,,,,0.0,0.0,0.0,0.0,0.0,0.0,,1991-12-30,,bmo,,2025-04-25,1991-12-31,,9.4184375,1320463.328125
1991-09-30,SO,USD,92122,1991-09-30,1991-09-29 20:00:00,1991,Q3,2363200000.0,0.0,2363200000.0,1.0,0,0.0,0.0,0.0,0.0,0.0,0.0,0.0,0.0,0.0,2363200000.0,1.0,2363200000.0,1.0,-2363200000.0,0.0,0.0,-371900000.0,371900000.0,0.1573713609,0.59,0.59,584745763,584745763,,,4.041414490762201,0.6360028982373319,,,,,,,,5362118646.71,,3.604543322606883,2.2690075519253554,0.0,0.0,0.0,0.0,,,0.0,0.0,0.0693569136572881,,0.0,0.0,,0.0,0.0,0.0,0.0178211559432933,0.256948514626136,0.0,0.0,0.0,0.0,,0.0,,,0.0,0.0,,,,,,,,,,0.0,0.0,0.0,0.0,0.0,0.0,,1991-09-29,,bmo,,2025-04-25,1991-09-30,,8.45375,1457843.890625
1991-06-30,SO,USD,92122,1991-06-30,1991-06-29 20:00:00,1991,Q2,2015400000.0,0.0,2015400000.0,1.0,0,0.0,0.0,0.0,0.0,0.0,0.0,0.0,0.0,0.0,2015400000.0,1.0,2015400000.0,1.0,-2015400000.0,0.0,0.0,-170700000.0,170700000.0,0.0846978267,0.28,0.28,512857143,512857143,,,3.929749302526533,0.3328412255340275,,,,,,,,4292614286.91,,6.286781322363796,2.129906860628163,0.0,0.0,0.0,0.0,,,0.0,0.0,0.0397659767663115,,0.0,0.0,,0.0,0.0,0.0,0.0195244922341696,0.4909848524256591,0.0,0.0,0.0,0.0,,0.0,,,0.0,0.0,,,,,,,,,,0.0,0.0,0.0,0.0,0.0,0.0,,1991-06-29,,bmo,,2025-04-25,1991-06-30,,8.3596875,1277175.1875
1991-03-31,SO,USD,92122,1991-03-31,1991-03-30 19:00:00,1991,Q1,1783200000.0,0.0,1783200000.0,1.0,0,0.0,0.0,0.0,0.0,0.0,0.0,0.0,0.0,0.0,1783200000.0,1.0,1783200000.0,1.0,-1783200000.0,0.0,0.0,-137200000.0,137200000.0,0.076940332,0.22,0.22,500909091,500909091,,,3.5599274040726083,0.273901996320526,,,,,,,,4327854546.240001,,7.886032336443148,2.427015784118439,0.0,0.0,0.0,0.0,,,0.0,0.0,0.0317016199445053,,0.0,0.0,,0.0,0.0,0.0,0.0189143518518518,0.5966367613062683,0.0,0.0,0.0,0.0,,0.0,,,0.0,0.0,,,,,,,,,,0.0,0.0,0.0,0.0,0.0,0.0,,1991-03-30,,bmo,,2025-04-25,1991-03-31,,8.317704918032787,1781086.524590164
1990-12-31,SO,USD,92122,1990-12-31,1990-12-30 19:00:00,1990,Q4,1851400000.0,0.0,1851400000.0,1.0,0,0.0,0.0,0.0,0.0,0.0,0.0,0.0,0.0,0.0,1851400000.0,1.0,1851400000.0,1.0,-1851400000.0,0.0,0.0,-86500000.0,86500000.0,0.0467214,0.16,0.16,531666667,531666667,,,3.482257051108302,0.1626959246628865,,,,,,,,4513850002.83,,13.045809256734104,2.43807389155774,0.0,0.0,0.0,0.0,,,0.0,0.0,0.0191632420097628,,0.0,0.0,,0.0,0.0,0.0,0.019248527679623,1.004450482325318,0.0,0.0,0.0,0.0,,0.0,,,0.0,0.0,,,,,,,,,,0.0,0.0,0.0,0.0,0.0,0.0,,1990-12-30,,bmo,,2025-04-25,1990-12-31,,8.03234375,1891267.203125
1990-09-30,SO,USD,92122,1990-09-30,1990-09-29 20:00:00,1990,Q3,2437600000.0,0.0,2437600000.0,1.0,0,0.0,0.0,0.0,0.0,0.0,0.0,0.0,0.0,0.0,2437600000.0,1.0,2437600000.0,1.0,-2437600000.0,0.0,0.0,-187900000.0,187900000.0,0.0770840171,0.3,0.3,531666667,531666667,,,4.584827583332396,0.3534169276781085,,,,,,,,3987500002.5,,5.305348593001597,1.6358303259353462,0.0,0.0,0.0,0.0,,,0.0,0.0,0.0471222570237478,,0.0,0.0,,0.0,0.0,0.0,0.0217893333333333,0.4624000357697712,0.0,0.0,0.0,0.0,,0.0,,,0.0,0.0,,,,,,,,,,0.0,0.0,0.0,0.0,0.0,0.0,,1990-09-29,,bmo,,2025-04-25,1990-09-30,,7.384285714285715,1551489.0317460315
1990-06-30,SO,USD,92122,1990-06-30,1990-06-29 20:00:00,1990,Q2,2018400000.0,0.0,2018400000.0,1.0,0,0.0,0.0,0.0,0.0,0.0,0.0,0.0,0.0,0.0,2018400000.0,1.0,2018400000.0,1.0,-2018400000.0,0.0,0.0,-216000000.0,216000000.0,0.1070154578,0.34,0.34,550882353,550882353,,,3.6639402024918377,0.3920982380787935,,,,,,,,4236285294.57,,4.903107979826389,2.098833380187277,0.0,0.0,0.0,0.0,,,0.0,0.0,0.0509880673704543,,0.0,0.0,,0.0,0.0,0.0,0.0212509752925877,0.4167833061447222,0.0,0.0,0.0,0.0,,0.0,,,0.0,0.0,,,,,,,,,,0.0,0.0,0.0,0.0,0.0,0.0,,1990-06-29,,bmo,,2025-04-25,1990-06-30,,7.64079365079365,1324095.3333333333
1990-03-31,SO,USD,92122,1990-03-31,1990-03-30 19:00:00,1990,Q1,1667600000.0,0.0,1667600000.0,1.0,0,0.0,0.0,0.0,0.0,0.0,0.0,0.0,0.0,0.0,1667600000.0,1.0,1667600000.0,1.0,-1667600000.0,0.0,0.0,-113100000.0,113100000.0,0.0678220197,0.18,0.18,462222222,462222222,,,3.6077884632729753,0.2446875001176382,,,,,,,,3693155553.78,,8.163473814721485,2.2146531265171507,0.0,0.0,0.0,0.0,,,0.0,0.0,0.0306242177869384,,0.0,0.0,,0.0,0.0,0.0,0.0204530663329161,0.6678722857580902,0.0,0.0,0.0,0.0,,0.0,,,0.0,0.0,,,,,,,,,,0.0,0.0,0.0,0.0,0.0,0.0,,1990-03-30,,bmo,,2025-04-25,1990-03-31,,8.194285714285714,1359574.111111111
1989-12-31,SO,USD,92122,1989-12-31,1989-12-30 19:00:00,1989,Q4,1780300000.0,0.0,1780300000.0,1.0,0,0.0,0.0,0.0,0.0,0.0,0.0,0.0,0.0,0.0,1780300000.0,1.0,1780300000.0,1.0,-1780300000.0,0.0,0.0,-104100000.0,104100000.0,0.058473291,0.18,0.18,574035088,574035088,,,3.101378360341624,0.1813477994223238,,,,,,,,5091691230.559999,,12.227884799615753,2.8600186657080267,0.0,0.0,0.0,0.0,,,0.0,0.0,0.0204450732155945,,0.0,0.0,,0.0,0.0,0.0,0.018423900789177,0.9011413456384246,0.0,0.0,0.0,0.0,,0.0,,,0.0,0.0,,,,,,,,,,0.0,0.0,0.0,0.0,0.0,0.0,,1989-12-30,,bmo,,2025-04-25,1989-12-31,,,
1989-09-30,SO,USD,92122,1989-09-30,1989-09-29 20:00:00,1989,Q3,2150900000.0,0.0,2150900000.0,1.0,0,0.0,0.0,0.0,0.0,0.0,0.0,0.0,0.0,0.0,2150900000.0,1.0,2150900000.0,1.0,-2150900000.0,0.0,0.0,-357500000.0,357500000.0,0.1662094937,0.57,0.57,574035088,574035088,,,3.746983494500253,0.6227842295243109,,,,,,,,4741529826.88,,3.315755123692308,2.204439921372449,0.0,0.0,0.0,0.0,,,0.0,0.0,0.0753976064799407,,0.0,0.0,,0.0,0.0,0.0,0.0197845036319612,0.2624022771495384,0.0,0.0,0.0,0.0,,0.0,,,0.0,0.0,,,,,,,,,,0.0,0.0,0.0,0.0,0.0,0.0,,1989-09-29,,bmo,,2025-04-25,1989-09-30,,,
1989-06-30,SO,USD,92122,1989-06-30,1989-06-29 20:00:00,1989,Q2,1882100000.0,0.0,1882100000.0,1.0,0,0.0,0.0,0.0,0.0,0.0,0.0,0.0,0.0,0.0,1882100000.0,1.0,1882100000.0,1.0,-1882100000.0,0.0,0.0,0.0,0.0,0.0,0.3,0.3,630897988,630897988,,,2.9832081189011497,0.0,,,,,,,,5066110843.639999,,0.0,2.691733087317358,0.0,0.0,0.0,0.0,,,0.0,0.0,0.0,,0.0,0.0,,0.0,0.0,0.0,0.0203511830635118,0.0,0.0,0.0,0.0,0.0,,0.0,,,0.0,0.0,,,,,,,,,,0.0,0.0,0.0,0.0,0.0,0.0,,1989-06-29,,bmo,,2025-04-25,1989-06-30,,,
1989-03-31,SO,USD,92122,1989-03-31,1989-03-30 19:00:00,1989,Q1,1679000000.0,0.0,1679000000.0,1.0,0,0.0,0.0,0.0,0.0,0.0,0.0,0.0,0.0,0.0,1679000000.0,1.0,1679000000.0,1.0,-1679000000.0,0.0,0.0,0.0,0.0,0.0,0.31,0.31,627573988,627573988,,,2.6753817591305267,0.0,,,,,,,,4418120875.52,,0.0,2.6314001640976774,0.0,0.0,0.0,0.0,,,0.0,0.0,0.0,,0.0,0.0,,0.0,0.0,0.0,0.0232130681818181,0.0,0.0,0.0,0.0,0.0,,0.0,,,0.0,0.0,,,,,,,,,,0.0,0.0,0.0,0.0,0.0,0.0,,1989-03-30,,bmo,,2025-04-25,1989-03-31,,,
1988-12-31,SO,USD,92122,1988-12-31,1988-12-30 19:00:00,1988,Q4,1644100000.0,0.0,1644100000.0,1.0,0,0.0,0.0,0.0,0.0,0.0,0.0,0.0,0.0,0.0,1644100000.0,1.0,1644100000.0,1.0,-1644100000.0,0.0,0.0,0.0,0.0,0.0,0.0,0.0,623831989,623831989,,,2.635485241203301,0.0,,,,,,,,4248295845.09,,0.0,2.583964384824524,0.0,0.0,0.0,0.0,,,0.0,0.0,0.0,,0.0,0.0,,0.0,0.0,0.0,0.0239970631424375,0.0,0.0,0.0,0.0,0.0,,0.0,,,0.0,0.0,,,,,,,,,,0.0,0.0,0.0,0.0,0.0,0.0,,1988-12-30,,bmo,,2025-04-25,1988-12-31,,,
1988-09-30,SO,USD,92122,1988-09-30,1988-09-29 20:00:00,1988,Q3,2123900000.0,0.0,2123900000.0,1.0,0,0.0,0.0,0.0,0.0,0.0,0.0,0.0,0.0,0.0,2123900000.0,1.0,2123900000.0,1.0,-2123900000.0,0.0,0.0,0.0,0.0,0.0,0.61,0.61,623831989,623831989,,,3.404602581224798,0.0,,,,,,,,4086099527.95,,0.0,1.9238662497998964,0.0,0.0,0.0,0.0,,,0.0,0.0,0.0,,0.0,0.0,,0.0,0.0,0.0,0.0249496183206106,0.0,0.0,0.0,0.0,0.0,,0.0,,,0.0,0.0,,,,,,,,,,0.0,0.0,0.0,0.0,0.0,0.0,,1988-09-29,,bmo,,2025-04-25,1988-09-30,,,
1988-06-30,SO,USD,92122,1988-06-30,1988-06-29 20:00:00,1988,Q2,1773000000.0,0.0,1773000000.0,1.0,0,0.0,0.0,0.0,0.0,0.0,0.0,0.0,0.0,0.0,1773000000.0,1.0,1773000000.0,1.0,-1773000000.0,0.0,0.0,0.0,0.0,0.0,0.26,0.26,618541989,618541989,,,2.8664181761797902,0.0,,,,,,,,4354535602.56,,0.0,2.456026848595601,0.0,0.0,0.0,0.0,,,0.0,0.0,0.0,,0.0,0.0,,0.0,0.0,0.0,0.0232130681818181,0.0,0.0,0.0,0.0,0.0,,0.0,,,0.0,0.0,,,,,,,,,,0.0,0.0,0.0,0.0,0.0,0.0,,1988-06-29,,bmo,,2025-04-25,1988-06-30,,,
1988-03-31,SO,USD,92122,1988-03-31,1988-03-30 19:00:00,1988,Q1,1694000000.0,0.0,1694000000.0,1.0,0,0.0,0.0,0.0,0.0,0.0,0.0,0.0,0.0,0.0,1694000000.0,1.0,1694000000.0,1.0,-1694000000.0,0.0,0.0,0.0,0.0,0.0,0.26,0.26,585021990,585021990,,,2.8956176502014905,0.0,,,,,,,,3983999751.9,,0.0,2.3518298417355368,0.0,0.0,0.0,0.0,,,0.0,0.0,0.0,,0.0,0.0,,0.0,0.0,0.0,0.0239970631424375,0.0,0.0,0.0,0.0,0.0,,0.0,,,0.0,0.0,,,,,,,,,,0.0,0.0,0.0,0.0,0.0,0.0,,1988-03-30,,bmo,,2025-04-25,1988-03-31,,,
1987-12-31,SO,USD,92122,1987-12-31,1987-12-30 19:00:00,1987,Q4,1612700000.0,0.0,1612700000.0,1.0,0,0.0,0.0,0.0,0.0,0.0,0.0,0.0,0.0,0.0,1612700000.0,1.0,1612700000.0,1.0,-1612700000.0,0.0,0.0,0.0,0.0,0.0,0.0,0.0,573891990,573891990,,,2.810110662112569,0.0,,,,,,,,3908204451.9,,0.0,2.423392107583555,0.0,0.0,0.0,0.0,,,0.0,0.0,0.0,,0.0,0.0,,0.0,0.0,0.0,0.0239970631424375,0.0,0.0,0.0,0.0,0.0,,0.0,,,0.0,0.0,,,,,,,,,,0.0,0.0,0.0,0.0,0.0,0.0,,1987-12-30,,bmo,,2025-04-25,1987-12-31,,,
1987-09-30,SO,USD,92122,1987-09-30,1987-09-29 20:00:00,1987,Q3,2089700000.0,0.0,2089700000.0,1.0,0,0.0,0.0,0.0,0.0,0.0,0.0,0.0,0.0,0.0,2089700000.0,1.0,2089700000.0,1.0,-2089700000.0,0.0,0.0,0.0,0.0,0.0,0.55,0.55,573891990,573891990,,,3.6412775163493754,0.0,,,,,,,,3890987692.2,,0.0,1.8619838695506536,0.0,0.0,0.0,0.0,,,0.0,0.0,0.0,,0.0,0.0,,0.0,0.0,0.0,0.0241032448377581,0.0,0.0,0.0,0.0,0.0,,0.0,,,0.0,0.0,,,,,,,,,,0.0,0.0,0.0,0.0,0.0,0.0,,1987-09-29,,bmo,,2025-04-25,1987-09-30,,,
1987-06-30,SO,USD,92122,1987-06-30,1987-06-29 20:00:00,1987,Q2,1767500000.0,0.0,1767500000.0,1.0,0,0.0,0.0,0.0,0.0,0.0,0.0,0.0,0.0,0.0,1767500000.0,1.0,1767500000.0,1.0,-1767500000.0,0.0,0.0,0.0,0.0,0.0,0.36,0.36,573891990,573891990,,,3.0798478299026266,0.0,,,,,,,,4235322886.2,,0.0,2.3962222835643563,0.0,0.0,0.0,0.0,,,0.0,0.0,0.0,,0.0,0.0,,0.0,0.0,0.0,0.0221436314363143,0.0,0.0,0.0,0.0,0.0,,0.0,,,0.0,0.0,,,,,,,,,,0.0,0.0,0.0,0.0,0.0,0.0,,1987-06-29,,bmo,,2025-04-25,1987-06-30,,,
1987-03-31,SO,USD,92122,1987-03-31,1987-03-30 19:00:00,1987,Q1,1540500000.0,0.0,1540500000.0,1.0,0,0.0,0.0,0.0,0.0,0.0,0.0,0.0,0.0,0.0,1540500000.0,1.0,1540500000.0,1.0,-1540500000.0,0.0,0.0,0.0,0.0,0.0,0.34,0.34,573891990,573891990,,,2.6843030166704365,0.0,,,,,,,,4608352679.7,,0.0,2.9914655499513145,0.0,0.0,0.0,0.0,,,0.0,0.0,0.0,,0.0,0.0,,0.0,0.0,0.0,0.0203511830635118,0.0,0.0,0.0,0.0,0.0,,0.0,,,0.0,0.0,,,,,,,,,,0.0,0.0,0.0,0.0,0.0,0.0,,1987-03-30,,bmo,,2025-04-25,1987-03-31,,,
1986-12-31,SO,USD,92122,1986-12-31,1986-12-30 19:00:00,1986,Q4,1604800000.0,0.0,1604800000.0,1.0,0,0.0,0.0,0.0,0.0,0.0,0.0,0.0,0.0,0.0,1604800000.0,1.0,1604800000.0,1.0,-1604800000.0,0.0,0.0,0.0,0.0,0.0,0.0,0.0,557873990,557873990,,,2.876635277439624,0.0,,,,,,,,4312365942.7,,0.0,2.6871672125498502,0.0,0.0,0.0,0.0,,,0.0,0.0,0.0,,0.0,0.0,,0.0,0.0,0.0,0.0211410090556274,0.0,0.0,0.0,0.0,0.0,,0.0,,,0.0,0.0,,,,,,,,,,0.0,0.0,0.0,0.0,0.0,0.0,,1986-12-30,,bmo,,2025-04-25,1986-12-31,,,
1986-09-30,SO,USD,92122,1986-09-30,1986-09-29 20:00:00,1986,Q3,1988500000.0,0.0,1988500000.0,1.0,0,0.0,0.0,0.0,0.0,0.0,0.0,0.0,0.0,0.0,1988500000.0,1.0,1988500000.0,1.0,-1988500000.0,0.0,0.0,0.0,0.0,0.0,0.57,0.57,557873990,557873990,,,3.5644250057257554,0.0,,,,,,,,4100373826.5,,0.0,2.062043664319839,0.0,0.0,0.0,0.0,,,0.0,0.0,0.0,,0.0,0.0,,0.0,0.0,0.0,0.0211945578231292,0.0,0.0,0.0,0.0,0.0,,0.0,,,0.0,0.0,,,,,,,,,,0.0,0.0,0.0,0.0,0.0,0.0,,1986-09-29,,bmo,,2025-04-25,1986-09-30,,,
1986-06-30,SO,USD,92122,1986-06-30,1986-06-29 20:00:00,1986,Q2,1667700000.0,0.0,1667700000.0,1.0,0,0.0,0.0,0.0,0.0,0.0,0.0,0.0,0.0,0.0,1667700000.0,1.0,1667700000.0,1.0,-1667700000.0,0.0,0.0,0.0,0.0,0.0,0.34,0.34,553265990,553265990,,,3.014282515359384,0.0,,,,,,,,4000113107.7,,0.0,2.398580744558374,0.0,0.0,0.0,0.0,,,0.0,0.0,0.0,,0.0,0.0,,0.0,0.0,0.0,0.0215463347164591,0.0,0.0,0.0,0.0,0.0,,0.0,,,0.0,0.0,,,,,,,,,,0.0,0.0,0.0,0.0,0.0,0.0,,1986-06-29,,bmo,,2025-04-25,1986-06-30,,,
1986-03-31,SO,USD,92122,1986-03-31,1986-03-30 19:00:00,1986,Q1,1585600000.0,0.0,1585600000.0,1.0,0,0.0,0.0,0.0,0.0,0.0,0.0,0.0,0.0,0.0,1585600000.0,1.0,1585600000.0,1.0,-1585600000.0,0.0,0.0,0.0,0.0,0.0,0.36,0.36,540685990,540685990,,,2.932570899423527,0.0,,,,,,,,4033517485.4,,0.0,2.543843015514632,0.0,0.0,0.0,0.0,,,0.0,0.0,0.0,,0.0,0.0,,0.0,0.0,0.0,0.020882037533512,0.0,0.0,0.0,0.0,0.0,,0.0,,,0.0,0.0,,,,,,,,,,0.0,0.0,0.0,0.0,0.0,0.0,,1986-03-30,,bmo,,2025-04-25,1986-03-31,,,
1985-12-31,SO,USD,92122,1985-12-31,1985-12-30 19:00:00,1985,Q4,1603300000.0,0.0,1603300000.0,1.0,0,0.0,0.0,0.0,0.0,0.0,0.0,0.0,0.0,0.0,1603300000.0,1.0,1603300000.0,1.0,-1603300000.0,0.0,0.0,0.0,0.0,0.0,0.0,0.0,521677991,521677991,,,3.0733518140695337,0.0,,,,,,,,3536976778.98,,0.0,2.20606048710784,0.0,0.0,0.0,0.0,,,0.0,0.0,0.0,,0.0,0.0,,0.0,0.0,0.0,0.022976401179941,0.0,0.0,0.0,0.0,0.0,,0.0,,,0.0,0.0,,,,,,,,,,0.0,0.0,0.0,0.0,0.0,0.0,,1985-12-30,,bmo,,2025-04-25,1985-12-31,,,
1985-09-30,SO,USD,92122,1985-09-30,1985-09-29 20:00:00,1985,Q3,1920200000.0,0.0,1920200000.0,1.0,0,0.0,0.0,0.0,0.0,0.0,0.0,0.0,0.0,0.0,1920200000.0,1.0,1920200000.0,1.0,-1920200000.0,0.0,0.0,0.0,0.0,0.0,0.53,0.53,521677991,521677991,,,3.680814665612374,0.0,,,,,,,,3098767266.5400004,,0.0,1.6137731832829916,0.0,0.0,0.0,0.0,,,0.0,0.0,0.0,,0.0,0.0,,0.0,0.0,0.0,0.0246835016835016,0.0,0.0,0.0,0.0,0.0,,0.0,,,0.0,0.0,,,,,,,,,,0.0,0.0,0.0,0.0,0.0,0.0,,1985-09-29,,bmo,,2025-04-25,1985-09-30,,,
