date,symbol,reportedCurrency,cik,fillingDate,acceptedDate,calendarYear,period,revenue,costOfRevenue,grossProfit,grossProfitRatio,researchAndDevelopmentExpenses,generalAndAdministrativeExpenses,sellingAndMarketingExpenses,sellingGeneralAndAdministrativeExpenses,otherExpenses,operatingExpenses,costAndExpenses,interestIncome,interestExpense,depreciationAndAmortization,ebitda,ebitdaratio,operatingIncome,operatingIncomeRatio,totalOtherIncomeExpensesNet,incomeBeforeTax,incomeBeforeTaxRatio,incomeTaxExpense,netIncome,netIncomeRatio,eps,epsdiluted,weightedAverageShsOut,weightedAverageShsOutDil,link,finalLink,revenuePerShare,netIncomePerShare,operatingCashFlowPerShare,freeCashFlowPerShare,cashPerShare,bookValuePerShare,tangibleBookValuePerShare,shareholdersEquityPerShare,interestDebtPerShare,marketCap,enterpriseValue,peRatio,priceToSalesRatio,pocfratio,pfcfRatio,pbRatio,ptbRatio,evToSales,enterpriseValueOverEBITDA,evToOperatingCashFlow,evToFreeCashFlow,earningsYield,freeCashFlowYield,debtToEquity,debtToAssets,netDebtToEBITDA,currentRatio,interestCoverage,incomeQuality,dividendYield,payoutRatio,salesGeneralAndAdministrativeToRevenue,researchAndDdevelopementToRevenue,intangiblesToTotalAssets,capexToOperatingCashFlow,capexToRevenue,capexToDepreciation,stockBasedCompensationToRevenue,grahamNumber,roic,returnOnTangibleAssets,grahamNetNet,workingCapital,tangibleAssetValue,netCurrentAssetValue,investedCapital,averageReceivables,averagePayables,averageInventory,daysSalesOutstanding,daysPayablesOutstanding,daysOfInventoryOnHand,receivablesTurnover,payablesTurnover,inventoryTurnover,roe,capexPerShare,report_date,epsEstimated,time,revenueEstimated,updatedFromDate,fiscalDateEnding,surprise(%),QuarterAvgPrice,QuarterAvgVolume
2024-12-31,SPG,USD,1063761,2025-02-21,2025-02-21 11:03:27,2024,Q4,1582232000.0,240025000.0,1342207000.0,0.8482997437,0,15602000.0,43504000.0,59107000.0,447354000.0,506461000.0,746486000.0,0.0,227415000.0,327591000.0,1163337000.0,0.7352505827,835746000.0,0.5282069886,-95895000.0,739851000.0,0.4675995682,-31908000.0,668065000.0,0.4222294834,2.05,2.05,327482843,326278000,https://www.sec.gov/Archives/edgar/data/1063761/000155837025001271/0001558370-25-001271-index.htm,https://www.sec.gov/Archives/edgar/data/1022344/000155837025001271/spg-20241231x10k.htm,4.8314958594640025,2.0400000008550068,3.3148270915676643,2.649540330270065,6.207042730479777,10.99126893801884,10.921512611883609,8.983447722175784,76.3771096246407,56395820393.03001,79780253393.03,21.10416665782147,35.643205543201,51.95142770435052,64.99617991564854,19.16970024491787,19.16970024491787,50.42260135873247,68.57879822702277,73.49300067802558,91.94673766799704,0.0118460019792985,0.0153855195997332,8.424680438828318,0.7648279433387178,20.10116844903927,0.833192943434259,3.674981861354792,1.4065906584827648,0.014047459447862,1.185839701226677,0.0098607536694997,0.0,0.000704937907357,0.2007002908205894,0.1376978850130701,0.6041891408462031,0.0145579156533302,20.306162872898685,0.0300509531832423,0.020630212037873,-78.48377265980923,-566361000.0,3576608000.0,-25977294000.0,21171404000.0,1098178000.0,1666106000.0,0.0,81.26115512769303,642.1074888032497,0.0,1.107540249195016,0.1401634485960297,0.0,0.2270843070438573,0.6652867612975987,2025-02-04,1.98,amc,1327726120.0,2025-05-04,2024-12-31,0.8585858585858587,175.505625,1347428.25
2024-09-30,SPG,USD,1063761,2024-11-08,2024-11-08 06:49:51,2024,Q3,1480710000.0,235113000.0,1245597000.0,0.8412160383,0,9171000.0,34138000.0,43309000.0,434519000.0,477828000.0,712941000.0,0.0,226424000.0,320365000.0,1088134000.0,0.7348731352,767769000.0,0.5185140912,-226424000.0,541345000.0,0.3655982603,2605000.0,475995000.0,0.3214640274,1.46,1.46,326158000,326158000,https://www.sec.gov/Archives/edgar/data/1063761/000155837024014946/0001558370-24-014946-index.htm,https://www.sec.gov/Archives/edgar/data/1022344/000155837024014946/spg-20240930x10q.htm,4.539854916942096,1.4594000453767806,2.2402179311867254,3.317432042139086,7.573329490614978,10.18597121640432,5.219829039913171,8.318471415694233,78.62441516075032,55127225160.0,78374681160.0,28.95367869410393,37.230264643313006,75.44801675186304,50.949046688237694,20.31863686892217,20.31863686892217,52.93047332698503,72.0266816035525,107.26486304941388,72.43454169889844,0.0086344813949637,0.0196274526218144,9.368331701765042,0.7638424280285822,21.36451576735953,0.9648683707462204,3.3908463767091828,1.000325836805047,0.0139731139698089,1.6182922089517746,0.0061936503434163,0.0,0.0486762528985676,0.2550717497074583,0.1258666450554126,0.54509878475015,0.0069561224007401,16.527234951268056,0.3776489332427118,0.0150364047502776,-82.49916604835693,-117893000.0,1702489000.0,-26715824000.0,2023240000.0,780431500.0,1623528000.0,1267216500.0,46.66547804769333,620.0304959742763,0.0,1.9286205513209929,0.1451541506173495,0.0,0.1754408920157338,0.5714163074338204,2024-11-01,1.57,bmo,1325390000.0,2024-11-04,2024-09-30,0.8089171974522291,158.32671875,1450717.109375
2024-06-30,SPG,USD,1063761,2024-08-07,2024-08-07 07:55:38,2024,Q2,1458266000.0,562472000.0,895794000.0,0.6142871054,0,10839000.0,38828000.0,49667000.0,426566000.0,476233000.0,704165000.0,0.0,221338000.0,310016000.0,1064117000.0,0.7297139205,754101000.0,0.5171217048,-179705000.0,532763000.0,0.3653400683,4961000.0,494299000.0,0.3389635361,1.52,1.52,326038544,326038544,https://www.sec.gov/Archives/edgar/data/1063761/000155837024011208/0001558370-24-011208-index.htm,https://www.sec.gov/Archives/edgar/data/1022344/000155837024011208/spg-20240630x10q.htm,4.47267977003357,1.516075350894709,3.3773951585307045,2.7996475165218504,7.773415280617865,11.000886444272677,6.009731165404787,9.031404581416608,79.84653802159048,47771167466.880005,72348445466.88,24.161068233437657,32.758884501785,43.38254575568877,52.33515974254843,16.22339013595799,16.22339013595799,49.612653292938326,67.98918301923567,65.70196861937538,79.26051740852527,0.010347224617081,0.019107613407875,8.765820050764352,0.7733389288312993,23.096405752374977,0.9909152552063744,3.4070109967560924,2.2277224918520977,0.0136686213593734,1.320993973283377,0.0074328003258664,0.0,0.0487554427886447,0.171063087050849,0.1291725926545637,0.6076073492981008,0.0073374816391522,17.552108764233243,0.0232897733047961,0.0155686381800086,-77.88581662295732,-30507000.0,1959403999.0,-26462718000.0,2120034000.0,793272000.0,1577584000.0,1267216500.0,48.94829201256835,260.38240125730704,405.5294663556586,1.8386749833250744,0.3456454797460101,0.2219320850067845,0.1678670617872937,0.577747642008854,2024-08-05,2.93,amc,1302350000.0,2025-04-25,2024-06-30,-0.0102389078498294,147.3057142857143,1437876.174603175
2024-03-31,SPG,USD,1063761,2024-05-07,2024-05-07 16:16:28,2024,Q1,1442590000.0,568421000.0,874169000.0,0.6059718978,0,9132000.0,28081000.0,37213000.0,-138989000.0,138989000.0,707410000.0,0.0,230623000.0,307369000.0,1042549000.0,0.7226925183,735180000.0,0.5096250494,184146000.0,919326000.0,0.6372746241,47603000.0,732536000.0,0.5077922348,2.23,2.23,325911525,325911525,https://www.sec.gov/Archives/edgar/data/1063761/000155837024007058/0001558370-24-007058-index.htm,https://www.sec.gov/Archives/edgar/data/1022344/000155837024007058/spg-20240331x10q.htm,4.426323984707199,2.2476529481429046,2.753139828362928,2.253083869924514,7.82759983710303,11.543390495319244,6.85543415502106,9.53051598896357,80.62201543808554,50020900857.0,74814816857.0,17.07114082345441,34.67437099730346,55.74725933599322,68.11996750264876,16.104059861788315,16.104059861788315,51.86145533866171,71.7614393731134,83.3795658623841,101.8850681555101,0.0146445983068993,0.0146799835152756,8.385106427503256,0.7729251812885722,23.78201504197884,1.027899064622061,3.1878000026016484,1.2248954317603504,0.0127237412580692,0.8688351152707853,0.0063302809530081,0.0,0.045341514393802,0.1816311519258202,0.1129731940468185,0.530222631429975,0.0070706160447528,21.95402191167108,0.0228725229602384,0.0227716070014602,-82.19526526409277,90777000.0,2234265000.0,-26590025000.0,2143555999.0,809781500.0,1610553500.0,1084495500.0,49.50077984735787,241.91103073250284,0.0,1.81815317410204,0.3720376029463452,0.0,0.2358374877861501,0.5000559584384137,2024-05-06,2.8,amc,1289730000.0,2025-04-25,2024-03-31,0.2714285714285715,146.6462295081967,1582043.9180327868
2023-12-31,SPG,USD,1063761,2024-02-22,2024-02-22 16:11:39,2023,Q4,1527438000.0,226123000.0,1301315000.0,0.8519592939,0,10278000.0,40633000.0,50911000.0,458265000.0,509176000.0,734978000.0,0.0,224923000.0,320256000.0,1464819000.0,0.9590039006,791560000.0,0.5182272537,-29339000.0,762800000.0,0.4993983389,41622000.0,776508000.0,0.5083728439,2.2974,2.2974,325933832,325933832,https://www.sec.gov/Archives/edgar/data/1063761/000155837024001532/0001558370-24-001532-index.htm,https://www.sec.gov/Archives/edgar/data/1022344/000155837024001532/spg-20231231x10k.htm,4.686343822079814,2.382409936505149,3.180872613432778,2.633862814216844,6.654697325192066,11.313946690873134,11.225551448736994,9.27437934703262,82.05103114303273,46491201796.48,71840494796.48,14.968036966934015,30.437374084237785,44.84304067935113,54.156199491511,15.380004921368489,15.380004921368489,47.03332953382069,49.04393976080321,69.29367506320689,83.68482675063048,0.016702256986155,0.0184651066616436,8.772656388012045,0.7735000180115825,17.30540974686975,1.0382990568319783,3.519248809592616,1.3854531653824464,0.0133375128204783,0.7985455397755078,0.0067289146924457,0.0,0.0008403752301216,0.1719684708233582,0.1167242140106505,0.5567077587929656,-0.0024878260197795,22.29676891399278,0.0221361947403392,0.0226686662764134,-81.9884693651563,132362000.0,3658787000.0,-27007523000.0,645246000.0,791869000.0,1659790500.0,1084495500.0,48.677157436177446,673.9355129730279,863.2876354904189,1.848916509103938,0.1335439344974865,0.1042526225327813,0.2568807946450251,0.5470097992159341,2024-02-05,3.34,amc,1358820000.0,2025-04-25,2023-12-31,0.1047904191616766,120.8747619047619,1523901.126984127
2023-09-30,SPG,USD,1063761,2023-11-02,2023-11-02 07:49:44,2023,Q3,1410948000.0,251997000.0,1158951000.0,0.8213988042,0,9070000.0,28809000.0,37879000.0,426838000.0,464717000.0,716714000.0,212210000.0,212881000.0,315259000.0,1009493000.0,0.7154714419,694234000.0,0.4920337248,29746000.0,723980000.0,0.5131160043,43218000.0,594973000.0,0.421683152,1.85,1.85,327158743,327158743,https://www.sec.gov/Archives/edgar/data/1063761/000155837023017324/0001558370-23-017324-index.htm,https://www.sec.gov/Archives/edgar/data/1022344/000155837023017324/spg-20230930x10q.htm,4.312732061083875,1.818606449407956,2.860589912463382,2.164609735036181,2.350635636229963,11.043180343800255,6.072098155726194,9.025386186912938,78.31203215009296,35342959006.29,59981513006.29,14.85065667109684,25.04908685953699,37.76493775962824,49.907379723668434,11.969570915053644,11.969570915053644,42.511497947684816,59.41746302974859,64.09192011930114,84.69919413007592,0.0168342724188462,0.0200371168660203,8.604765955890372,0.7707535798551428,24.406859681047813,0.4506222964087896,3.261136503492561,1.3747344887053037,0.0176142863388774,1.0463348757002418,0.0064283021061017,0.0,0.0493357389845022,0.2432995286723434,0.1613780238534659,0.683037455228313,0.0073709307501056,19.21735086785222,0.0219837808968111,0.0189855093783259,-85.62965104680084,-1861212000.0,1986540000.0,-27825086000.0,255110000.0,747891000.0,1585090500.0,0.0,48.32572142984717,580.8401290491554,0.0,1.862362264589262,0.1549479719098118,0.0,0.2014990175207113,0.6959801774272009,2023-10-30,2.98,amc,1270070000.0,2025-04-25,2023-09-30,0.0738255033557047,117.1204761904762,1451247.984126984
2023-06-30,SPG,USD,1063761,2023-08-03,2023-08-03 08:03:58,2023,Q2,1369601000.0,253102000.0,1116499000.0,0.8152001933,0,10058000.0,33745000.0,43803000.0,437773000.0,458574000.0,711676000.0,218086000.0,218783000.0,319534000.0,977459000.0,0.7136815759,657925000.0,0.4803771317,-89933000.0,567992000.0,0.4147134822,10487000.0,487177000.0,0.3557072461,1.48,1.48,327189785,327189785,https://www.sec.gov/Archives/edgar/data/1063761/000155837023013069/0001558370-23-013069-index.htm,https://www.sec.gov/Archives/edgar/data/1022344/000155837023013069/spg-20230630x10q.htm,4.185952810232141,1.4889737465367383,3.4520973813409244,2.7759515780726467,2.559569517122914,10.780379344666889,6.061870177273414,8.776670701990284,78.55519083519066,37783876371.8,62430084371.8,19.38919344088493,27.58750641376576,33.452126995080086,41.600149264915565,13.157608838373374,13.157608838373374,45.58268019065407,63.86977292326328,55.27275947466602,68.73569040222931,0.0128937802782883,0.0240383752863928,8.874266838043946,0.776491547760937,25.214569613661546,0.4779441094454352,3.007203484731446,2.02597465493583,0.0160433777105099,1.244272615497037,0.0073437446380369,0.0,0.0470412927927472,0.1958652171641916,0.1615273353334292,0.6524821858336086,0.0075934523996404,17.147455373564565,0.0216797663304853,0.0155771285239001,-85.27366922533966,-1721058000.0,1983382000.0,-27716131000.0,315043000.0,758936000.0,1447859000.0,0.0,48.50704694286876,548.9736153803605,0.0,1.8554005174959696,0.1639423052010301,0.0,0.169651317349651,0.6761458032682774,2023-08-02,2.91,amc,1249380000.0,2025-04-25,2023-06-30,-0.0103092783505155,108.9241935483871,1443925.435483871
2023-03-31,SPG,USD,1063761,2023-05-04,2023-05-04 06:02:32,2023,Q1,1350849000.0,245081000.0,1105768000.0,0.8185726162,0,9107000.0,24159000.0,33266000.0,409779000.0,443045000.0,688126000.0,0.0,199429000.0,322392000.0,1027623000.0,0.7607238115,662723000.0,0.4905973947,-156921000.0,505802000.0,0.3744326716,-13453000.0,452661000.0,0.3350937077,1.38,1.38,326954000,326954294,https://www.sec.gov/Archives/edgar/data/1063761/000155837023007951/0001558370-23-007951-index.htm,https://www.sec.gov/Archives/edgar/data/1022344/000155837023007951/spg-20230331x10q.htm,4.1316179034359575,1.3844791622063042,2.5345492026401266,2.0266184233867763,3.5339007933837787,11.247120390024286,11.247120390024286,9.1863473149128,80.33230974387834,36609039380.0,61519157380.0,20.218794738225736,27.10076357905288,44.17748129859379,55.249670440122486,12.18874011199552,12.18874011199552,45.54110591191169,59.86549287043984,74.23744164521692,92.84354980524016,0.0123647330732008,0.0180996554736695,8.678351317274139,0.7828007895777847,24.24052205915983,0.6328583005696338,3.323102457516209,1.5959037467140422,0.0184674608088555,1.4935591977219156,0.006741686154411,0.0,0.0,0.200402808800974,0.1229375007865423,0.515118241147423,0.0,16.91632036736857,0.0224983048960523,0.0135943231798284,-85.27286866042319,-1122629000.0,3677291000.0,-27685380000.0,-628038000.0,801621000.0,1421726500.0,0.0,51.94746415032324,496.4411765905966,0.0,1.7325196036434434,0.1812903607595405,0.0,0.1507105179834414,0.5079307792533506,2023-05-02,2.8,amc,1239040000.0,2025-04-25,2023-03-31,-0.0214285714285712,119.41209677419356,1684969.7258064516
2022-12-31,SPG,USD,1063761,2023-02-23,2023-02-23 09:45:23,2022,Q4,1399898000.0,266420000.0,1133478000.0,0.8096861343,0,9994000.0,35364000.0,45358000.0,403915000.0,449273000.0,715693000.0,200900000.0,201305000.0,317181000.0,1001386000.0,0.715327831,684205000.0,0.4887534663,140887000.0,825092000.0,0.5893943702,52344000.0,674620000.0,0.4819065389,2.04,2.04,326953791,326953791,https://www.sec.gov/Archives/edgar/data/1063761/000155837023001840/0001558370-23-001840-index.htm,https://www.sec.gov/Archives/edgar/data/1022344/000155837023001840/spg-20221231x10k.htm,4.281638685755444,2.063349679894062,2.8509900348578614,2.2862710896048304,3.007045726532041,11.695508984020314,11.579682218763446,9.599289215765662,78.48064376779163,38410531366.68,63247142366.68,14.234136019788917,27.438092894396597,41.20673820799835,51.38498253079244,12.238406131888748,12.238406131888748,45.17982193465524,63.1596031567048,67.85140286209612,84.61099573471749,0.0175634123246004,0.0194609387947295,8.111532363620606,0.7711983184896166,24.802235102148423,0.4525472473294987,3.3988475199324406,1.2062690553712203,0.0153184290626713,0.872178411550206,0.0071390915623852,0.0,0.0011471838378609,0.1980781898036994,0.131893180788886,0.5489495935732847,0.000928639086562,21.110436576196463,0.0214904346005694,0.0204595194357246,-84.3745011049589,-1748240000.0,3786021000.0,-27742215000.0,-1213440000.0,809069500.0,1456513000.0,0.0,52.94571461635062,503.8753471961565,0.0,1.699854287587731,0.1786156050317012,0.0,0.2149481730902806,0.5647189452530312,2023-02-06,3.14,amc,1292969426.0,2025-04-25,2022-12-31,0.0031847133757961,111.13920634920636,1822542.0
2022-09-30,SPG,USD,1063761,2022-11-03,2022-11-03 06:04:15,2022,Q3,1315786000.0,252429000.0,1063357000.0,0.8081534535,0,7784000.0,27102000.0,34886000.0,376275000.0,411161000.0,663590000.0,187878000.0,188281000.0,301754000.0,953950000.0,0.725003914,652196000.0,0.4956702686,-22093000.0,630103000.0,0.4788795442,8256000.0,539872000.0,0.4103038032,1.65,1.65,327286003,327286003,https://www.sec.gov/Archives/edgar/data/1063761/000155837022016109/0001558370-22-016109-index.htm,https://www.sec.gov/Archives/edgar/data/1022344/000155837022016109/spg-20220930x10q.htm,4.020294140107177,1.6495419756768517,2.877150233644425,2.400374573916624,1.8379032237440351,12.333436086479995,7.990314208456999,9.232063003928708,77.39056289553574,29373918769.25,53912965769.25,13.60226070682032,22.32423720061621,31.19406103667919,37.38999778420308,9.72155410570821,9.72155410570821,40.97396215589009,56.515504763614445,57.25365955035358,68.6256977316324,0.0183792977791292,0.0267451206007423,8.320489487924144,0.7665890754128869,25.723619686566384,0.5574982877551197,3.463950159601872,1.5142808440018205,0.0195254506048545,1.062361078181495,0.0059158556178588,0.0,0.0433428042860815,0.1657110755470976,0.1185922330834953,0.493329202286408,0.0060040158506018,18.51067793353768,0.0210700880226572,0.0172076680249073,-84.21176737582634,-1381974000.0,2615118000.0,-27017683000.0,536959000.0,811737500.0,1379713500.0,0.0,54.35071508588783,506.7954553557634,0.0,1.655911975726121,0.1775864385698195,0.0,0.1786753377847279,0.4767756597278008,2022-11-01,2.93,bmo,1239477533.0,2025-04-25,2022-09-30,0.0136518771331058,102.28640625,1846513.59375
2022-06-30,SPG,USD,1063761,2022-08-04,2022-08-04 06:04:03,2022,Q2,1279842000.0,244447000.0,1035395000.0,0.809002205,0,9360000.0,20064000.0,29424000.0,379210000.0,408634000.0,653081000.0,0.0,187717000.0,298273000.0,925034000.0,0.7227720297,626761000.0,0.4897174808,-32935000.0,593826000.0,0.4639838355,24346000.0,497577000.0,0.3887800213,1.51,1.51,328444627,328444627,https://www.sec.gov/Archives/edgar/data/1063761/000155837022012019/0001558370-22-012019-index.htm,https://www.sec.gov/Archives/edgar/data/1022344/000155837022012019/spg-20220630x10q.htm,3.896675100731667,1.514949428598812,3.351986634873464,2.8809909562015763,1.6478881233152278,12.47395044157626,8.400253111767299,9.351140945898315,77.87043202262524,31175963994.84,56023131994.84,15.663889204505033,24.359228713263043,28.317535342315946,32.94699686428265,10.150633013571962,10.150633013571962,43.77347515930872,60.56332199123492,50.88654261063707,59.20567378339248,0.015960276323207,0.0303517799852673,8.266253208705539,0.7675074932655233,26.860815926765937,0.5623902757329433,3.338861158019785,1.933240851302943,0.0205292769810079,1.2862732803164134,0.0073134027481517,0.0,0.0404480952830668,0.1405123975649943,0.1208711700350512,0.4905704654356105,0.0057038290664003,17.853469599395837,0.0193710604771721,0.0156761344898083,-84.69962579110786,-1334574000.0,2759018000.0,-27266918000.0,503109000.0,824352500.0,1273313500.0,0.0,58.28753861804817,492.6162317393954,0.0,1.544069317967947,0.1826979993781689,0.0,0.1620069077520763,0.4709956786718877,2022-08-01,2.91,amc,1222667324.0,2025-04-25,2022-06-30,0.0171821305841923,114.6,2252572.8870967743
2022-03-31,SPG,USD,1063761,2022-05-09,2022-05-09 16:16:59,2022,Q1,1295922000.0,237659000.0,1058263000.0,0.8166101046,0,7833000.0,25263000.0,33096000.0,404776000.0,437872000.0,675531000.0,0.0,185546000.0,310163000.0,930554000.0,0.7180632785,620391000.0,0.4787255714,-133516000.0,486875000.0,0.3756977658,-1435000.0,427464000.0,0.3298531856,1.3,1.3,328606352,328606352,https://www.sec.gov/Archives/edgar/data/1063761/000155837022007828/0001558370-22-007828-index.htm,https://www.sec.gov/Archives/edgar/data/1022344/000155837022007828/spg-20220331x10q.htm,3.943691264981999,1.300839126810306,2.40977995458834,1.9391591066991911,1.5670086620845358,13.057787756945125,9.379700000443083,9.907437820921976,78.69618722403759,43231451669.12,68391043669.12,25.28367983568207,33.3596093508097,54.59419634954772,67.84383991262045,13.27891250775038,13.27891250775038,52.7740432442076,73.49497575543171,86.36661325183837,107.3272082940272,0.0098878012071321,0.0147397317322833,7.88615012622683,0.7675164649926594,27.03721868908199,0.5674503451642381,3.3435967361193453,1.6216522291167497,0.0125605312575674,1.270305803529654,0.0060443452615203,0.0,0.0361312837267002,0.1952961916680663,0.1193351143047189,0.4771291234219003,0.0063275405464217,17.02878774862291,0.0194743310217582,0.0132576641024546,-85.3019245653535,-1280427000.0,3082229000.0,-27480797000.0,430126000.0,869741500.0,1320929500.0,-269083000.0,56.93599614791631,457.7056623144926,0.0,1.5807223213621378,0.1966329180742369,0.0,0.1312992471235364,0.4706208478891485,2022-05-09,2.73,amc,1201710874.0,2025-04-25,2022-03-31,0.0183150183150182,142.47,2229136.3387096776
2021-12-31,SPG,USD,1063761,2022-02-24,2022-02-24 07:50:39,2021,Q4,1326138000.0,269890000.0,1056248000.0,0.7964842271,0,9600000.0,26618000.0,36218000.0,428497000.0,464715000.0,734605000.0,0.0,193768000.0,319864000.0,911397000.0,0.6872565299,591533000.0,0.446056896,-194950000.0,622563000.0,0.4694556675,48833000.0,504075000.0,0.3801075001,1.53,1.53,328619000,328619000,https://www.sec.gov/Archives/edgar/data/1063761/000155837022001845/0001558370-22-001845-index.htm,https://www.sec.gov/Archives/edgar/data/1022344/000155837022001845/spg-20211231x10k.htm,4.035487905446733,1.5339192195216953,2.692878378912966,2.362836598005593,115.77537513047024,13.391572002836112,13.229146823525117,10.229025102017838,79.18507755181533,52503457630.0,77797474630.0,26.039506834300457,39.591247389034926,59.33056659784774,67.61787934673839,15.61927929656589,15.61927929656589,58.66468997193354,85.36068763667205,87.91360527543955,100.19340611972342,0.0096007962666438,0.0147889879076522,7.683570373755151,0.7646523728202831,27.753017620202836,0.5979774512108396,3.052789934354486,1.542417164868492,0.0103347098361377,1.076442989634479,0.0072390656176054,0.0,0.0015802291823767,0.1225609680302758,0.0817848519535674,0.3182649165588255,0.0036949397423194,18.78925782252956,0.0166868482382268,0.0149470690060133,27.661186662974448,-1209199000.0,4347349000.0,-27578064000.0,-651704000.0,927353500.0,1378909500.0,-269082999.5,62.41345923274954,477.9333802660343,-179.46178072548074,1.4419966639627513,0.1883107640439403,-0.501499537317482,0.1499575183581381,0.3300417809073729,2022-02-07,2.88,amc,1259810690.0,2025-04-25,2021-12-31,0.0729166666666666,152.63265625,2144159.328125
2021-09-30,SPG,USD,1063761,2021-11-03,2021-11-03 06:14:22,2021,Q3,1296554000.0,247385000.0,1049169000.0,0.8091980743,0,6909000.0,38635000.0,45544000.0,391301000.0,436845000.0,684230000.0,0.0,200176000.0,311381000.0,923705000.0,0.7124307973,612324000.0,0.4722703412,233586000.0,845910000.0,0.6524294399,67262000.0,680770000.0,0.5250610464,2.07,2.07,328619163,328619163,https://www.sec.gov/Archives/edgar/data/1063761/000155837021014198/0001558370-21-014198-index.htm,https://www.sec.gov/Archives/edgar/data/1022344/000155837021014198/spg-20210930x10q.htm,3.9454607216560897,2.0716077351825035,2.661810686919679,2.0811750409089806,1.334137047875081,13.473702992786212,9.442888149526448,10.279674408397176,80.01243372407957,42710632615.11,68365652615.11,15.68467787031964,32.94165350236859,48.8276648067729,62.45029728169039,12.64339655483944,12.64339655483944,52.72873525908678,74.01243104141474,78.15700601460807,99.96235289102138,0.0159391223757982,0.0160127340225358,7.724300183120797,0.7686718952043412,27.774040413335428,0.5926559981349268,3.058928143233954,1.1233856633549435,0.0223405494504999,1.401617286308151,0.0053287406463595,0.0,0.0390207263335603,0.2181355905076127,0.1471654863584548,0.5956551463633156,0.004859034024036,21.8894424995441,0.0176778655435765,0.0208687291732676,-86.35743877632602,-1181142000.0,3103114000.0,-27799946000.0,649697000.0,943892000.0,1277599000.0,1.0,64.90649058967077,481.897730258504,3.6380540453139843e-07,1.386610170760374,0.1867616183867921,247385000.0,0.2015246449333323,0.5806356460106984,2021-11-01,2.47,amc,1161460000.0,2025-04-25,2021-09-30,0.2672064777327934,130.1525,2016724.5625
2021-06-30,SPG,USD,1063761,2021-08-04,2021-08-04 06:12:57,2021,Q2,1254146000.0,229804000.0,1024342000.0,0.8167645553,0,7254000.0,19565000.0,26819000.0,392800000.0,419619000.0,649423000.0,0.0,200419000.0,315732000.0,920455000.0,0.733929702,604723000.0,0.4821791083,148149000.0,752872000.0,0.6003065034,47003000.0,618091000.0,0.4928381544,1.88,1.88,328594136,328594136,https://www.sec.gov/Archives/edgar/data/1063761/000155837021010076/0001558370-21-010076-index.htm,https://www.sec.gov/Archives/edgar/data/1022344/000155837021010076/spg-20210630x10q.htm,3.8167023163188767,1.881016525504886,3.0493149153459025,2.702805384208073,3.928247216194997,12.826927014911794,9.08189670189367,9.835227248242798,81.99578461132369,42874962865.28,68327078865.28,17.341687091900706,34.186580242874435,42.78993925597837,48.27576589952327,13.266597375603302,13.266597375603302,54.480960641966725,74.23185149222938,68.19158219146556,76.93399232235066,0.0144161291041147,0.0207143269789092,8.274933953174054,0.7678599279840826,27.65166792510226,0.7788638919153451,3.017293769552787,1.419508435701242,0.0099709707351418,0.6916538179653158,0.0057840155771337,0.0,0.0353336421283009,0.1136352068440009,0.0907876754381068,0.3419629208050144,0.0056612228560311,20.40232982249612,0.0173619966514578,0.0183970651655204,-87.06076163665928,-734939000.0,2984258000.0,-28024473000.0,1004027000.0,984816500.0,1213223000.0,1.0,68.36986283893582,481.9478773215435,3.91638091591095e-07,1.316369468401889,0.1867421856906618,229804000.0,0.1912529805390064,0.3465095311378289,2021-08-02,2.37,amc,963099459.0,2025-04-25,2021-06-30,0.2320675105485231,124.29746031746032,2524532.73015873
2021-03-31,SPG,USD,1063761,2021-05-10,2021-05-10 16:16:28,2021,Q1,1239951000.0,223986000.0,1015965000.0,0.8193589908,0,6576000.0,29486000.0,36062000.0,375291000.0,411353000.0,635339000.0,0.0,202016000.0,315738000.0,920350000.0,0.7422470727,604612000.0,0.487609591,-100050000.0,504562000.0,0.4069209186,-5898000.0,446694000.0,0.3602513325,1.36,1.36,328514497,328514497,https://www.sec.gov/Archives/edgar/data/1063761/000155837021006672/0001558370-21-006672-index.htm,https://www.sec.gov/Archives/edgar/data/1022344/000155837021006672/spg-20210331x10q.htm,3.774417906434126,1.3597390802513047,2.6658245161095584,2.3163483101934466,2.8486931582809265,12.25983643577227,8.619659180520122,9.327542705063635,81.79817708318669,37375094323.69,63109128323.69,20.917616043471597,30.142396210568,42.67722774417022,49.11610205569588,12.197210304728785,12.197210304728785,50.896469557014754,68.57079189839735,72.06196240952451,82.93422246770501,0.0119516487672611,0.020359921861593,8.70360413193122,0.7750277639710255,27.961138697234748,0.7068572013950479,2.9928916521463647,1.7156329585080123,0.0114373490618604,0.956968304924624,0.0053034353776883,0.0,0.0347514889206818,0.1310949778592814,0.0925907556024391,0.345994816466759,0.0052421426330556,16.892840128963808,0.018608090696007,0.0134482980057625,-87.31869296927862,-952902000.0,2831683000.0,-28086231000.0,753591000.0,1126818000.0,1253888000.0,-232894499.5,73.81031992393247,480.5058798317752,4.0181082746243065e-07,1.219341686809545,0.1873025987351267,223986000.0,0.1457767735025371,0.3494762059161121,2021-05-10,2.25,amc,1114730000.0,2025-04-25,2021-03-31,0.1022222222222222,104.31491803278688,3925390.1147540985
2020-12-31,SPG,USD,1063761,2021-02-25,2021-02-25 06:28:02,2020,Q4,1131429000.0,215118000.0,916311000.0,0.8098705266,0,5366000.0,37646000.0,43012000.0,411251000.0,454264000.0,669382000.0,0.0,197855000.0,331851000.0,793299000.0,0.7011478405,462047000.0,0.408374719,-150894000.0,311154000.0,0.2750097443,-1572000.0,272317000.0,0.240684126,0.86,0.86,328501416,328501416,https://www.sec.gov/Archives/edgar/data/1063761/000155837021001700/0001558370-21-001700-index.htm,https://www.sec.gov/Archives/edgar/data/1022344/000155837021001700/spg-20201231x10k.htm,3.444213464212282,0.8289675074033775,2.724727981081214,2.4564947385188742,4.271777629110737,11.136140734321827,10.96854328323504,9.25253850351744,83.52082110964173,28014600756.48,54241840756.48,25.71874025169196,24.76037007755679,31.298537172198596,34.71613379128137,9.21693003142651,9.21693003142651,47.941002711155534,68.37502726775149,60.60019501839506,67.2173420266134,0.0097205383138294,0.0288050508738141,8.961705519906088,0.7830216340969802,33.060977008668864,0.6659322204582613,2.3352808875186373,2.862176473974022,0.0142280092964666,1.4637059015779403,0.0047426749712089,0.0,0.0015826671955255,0.0984440444788549,0.0778793896921503,0.261101595974801,0.0007070704392409,13.13682648356631,0.0144966834438111,0.007840569115499,-88.37303459294678,-1127893000.0,3603182000.0,-28880261000.0,-559923000.0,1344514500.0,1305493500.0,-232894499.5,98.3765309179807,548.8766630407497,-194.87448749058652,0.9148523449666622,0.1639712636011967,-0.4618357239007362,0.0895935215063669,0.2682332425623395,2021-02-08,2.19,amc,1090430000.0,2025-04-25,2020-12-31,-0.0091324200913242,76.3621875,5413872.6875
2020-09-30,SPG,USD,1063761,2020-11-09,2020-11-09 16:16:57,2020,Q3,1060674000.0,222518000.0,838156000.0,0.7902107528,0,3016000.0,14751000.0,17767000.0,416365000.0,434132000.0,656650000.0,0.0,201858000.0,339841000.0,743865000.0,0.7013135044,404024000.0,0.3809125141,-232599000.0,171425000.0,0.1616189329,2779000.0,146760000.0,0.138364851,0.48,0.48,305913431,305913431,https://www.sec.gov/Archives/edgar/data/1063761/000155837020013364/0001558370-20-013364-index.htm,https://www.sec.gov/Archives/edgar/data/1022344/000155837020013364/spg-20200930x10q.htm,3.4672358010982527,0.4797435651002849,2.017920553478412,1.8265690335119675,3.537971498871522,7.202720693881531,2.9562186826638546,5.729892258310162,84.53043044063011,19786480717.08,44361303717.08,33.70550680887163,18.654629713823475,32.05279805912436,35.41065178119162,11.288170367635356,11.288170367635356,41.82369296982862,59.63622931187783,71.86239584564619,79.39070625779388,0.007417185607611,0.028240090190352,14.637374197806889,0.810355644025921,33.03667063244003,0.7627818064503703,2.001525825084961,3.66038328807087,0.0201398624494153,2.7152970836740256,0.0028434749979729,0.0,0.0410296076553361,0.0948260919571883,0.0551884933542257,0.1722481984222033,-0.0014141951249865,7.864462864172631,0.0135177609977822,0.0048335920020849,-89.19723354513323,-788240000.0,904347000.0,-26923558000.0,1025826000.0,1454995000.0,1257946500.0,-12649999.5,123.22971054254182,525.4207749485436,4.044616615285056e-07,0.7303433531066347,0.171291285558349,222518000.0,0.0837264547870868,0.1913515199664443,2020-11-09,2.25,amc,1400089680.0,2025-04-25,2020-09-30,-0.0888888888888889,65.561875,5429940.21875
2020-06-30,SPG,USD,1063761,2020-08-10,2020-08-10 16:17:01,2020,Q2,1062041000.0,201921000.0,860120000.0,0.8098745717,0,7296000.0,12689000.0,19985000.0,389267000.0,409252000.0,611173000.0,0.0,197061000.0,337411000.0,786679000.0,0.7407237574,450868000.0,0.4245297498,-160382000.0,290486000.0,0.2735167475,-62000.0,255047000.0,0.2401479792,0.83,0.83,305882326,305882326,https://www.sec.gov/Archives/edgar/data/1063761/000155837020010195/0001558370-20-010195-index.htm,https://www.sec.gov/Archives/edgar/data/1022344/000155837020010195/spg-20200630x10q.htm,3.47205742119275,0.8338075734392055,0.2386702133290303,-0.1675415532180829,10.808404798124885,8.247717457202807,4.269615760670003,6.634381353566665,91.49060805821124,20916233451.88,45398432451.88,20.502332366073706,19.69437474813119,286.50412234614066,-408.1375556486106,10.306914293257906,10.306914293257906,42.74640287133924,57.70896700163599,621.8537422351893,-885.8576422861379,0.0121937346218076,-0.0024501543319403,13.693269240245597,0.8166743127422217,31.120951493557097,1.4650347822343048,2.287961595648048,0.2512665721326597,3.992114555046469e-05,0.0032739063780401,0.0068697912792443,0.0,0.0357616211286783,1.7019793164851722,0.1169945416419893,0.3682541470195103,0.0053670244369096,11.156408109152965,0.0136839416372969,0.0077736098249342,-88.65048891383152,1512135000.0,1306000000.0,-26739544000.0,3246027000.0,1125592500.0,1235294000.0,-12649999.5,123.52870557727996,542.3645386066828,-11.276687417356294,0.7285755936598534,0.1659400524805827,-7.981067193675889,0.1256797776617028,0.4062117665471133,2020-08-10,2.31,amc,265510250.0,2025-04-25,2020-06-30,-0.0822510822510822,62.72873015873016,9350412.23809524
2020-03-31,SPG,USD,1063761,2020-05-11,2020-05-11 16:18:11,2020,Q1,1353360000.0,247598000.0,1105762000.0,0.8170494177,0,6894000.0,33527000.0,40421000.0,410472000.0,450893000.0,698491000.0,0.0,187627000.0,340265000.0,994034000.0,0.734493409,654869000.0,0.4838838151,-155248000.0,499621000.0,0.3691708045,-5783000.0,438439000.0,0.3239633209,1.43,1.43,306504084,306504084,https://www.sec.gov/Archives/edgar/data/1063761/000155837020006251/0001558370-20-006251-index.htm,https://www.sec.gov/Archives/edgar/data/1022344/000155837020006251/spg-20200331x10q.htm,4.415471344910367,1.430450760323311,2.41858767532768,1.72295583506809,12.152702670023803,8.88453740799095,4.794030737939531,7.1176832997761945,92.20894426972792,16814814048.24,41164752048.24,9.587886825898243,12.4244946268842,22.68265920629375,31.840630434866583,7.707564061149643,7.707564061149643,30.416705125199503,41.41181493614906,55.529965383086896,77.94981574881696,0.0260745672680151,0.0314064133260679,12.868905330447989,0.8227981946896575,24.4960816229626,1.5767792732429913,3.49027059005367,1.4667612444697706,0.0383744356701666,1.471718984853081,0.0050939882957971,0.0,0.036744316143957,0.2876190296327972,0.1575441863214517,0.6266116115380659,0.0053200922149317,15.13550952158107,0.0196206243033299,0.0133396488193437,-88.34465154956956,1652791000.0,1469390000.0,-26879624000.0,3425723000.0,812820500.0,1322219500.0,-246290999.5,52.76799964532719,455.7311852276674,3.634924353185406e-07,1.705579150335858,0.1974848395661998,247598000.0,0.2009713975849824,0.6956318402595901,2020-05-11,2.9,amc,1561569230.0,2025-04-25,2020-03-31,-0.0413793103448276,119.57435483870968,3974017.7741935486
2019-12-31,SPG,USD,1063761,2020-02-21,2020-02-21 10:36:58,2019,Q4,1488615000.0,259084000.0,1229531000.0,0.825956342,0,7333000.0,41216000.0,48549000.0,404107000.0,452655000.0,711739000.0,0.0,189813000.0,324310000.0,1099286000.0,0.7384622619,776876000.0,0.5218783903,-179715000.0,597160000.0,0.4011514058,6744000.0,511028000.0,0.3432909114,1.66,1.66,307345783,307345783,https://www.sec.gov/Archives/edgar/data/1063761/000155837020001135/0001558370-20-001135-index.htm,https://www.sec.gov/Archives/edgar/data/1022344/000155837020001135/spg-20191231x10k.htm,4.843453472729118,1.6627135567368432,3.1223301345898085,2.298098881024829,3.532461026153074,10.184981129218878,9.873110899328656,8.220050964551545,80.91814944472493,45782227835.68,69792893835.68,22.39712297353569,30.75491502885568,47.7079596259828,64.81879488735132,18.12154214643932,18.12154214643932,46.88444885728008,63.48929562978151,72.7285830921965,98.8132619139161,0.0111621479372774,0.0154276240670302,9.768864209043864,0.7902257743191757,21.842055661583977,0.5077903912645892,4.092849277973585,1.6253539876968104,0.0140945085135657,1.2627057617195143,0.0049260554273603,0.0,0.0030690681210042,0.2639795338852793,0.170174289524155,0.7471251824871338,0.0042321218044961,17.536270383297623,0.0271657571943114,0.0164128868082242,-86.67049044886359,-1455452000.0,3034459000.0,-26599795000.0,-844940000.0,803884000.0,1357396000.0,-246290999.5,50.31091988190365,483.0918929767952,-171.11199456546913,1.7888760573501683,0.1862999593005446,-0.5259713103605085,0.2022753342901633,0.824231253564979,2020-02-04,2.95,bmo,1398939397.0,2025-04-25,2019-12-31,0.0033898305084745,149.931875,1535563.078125
2019-09-30,SPG,USD,1063761,2019-11-06,2019-11-06 08:24:08,2019,Q3,1416554000.0,263745000.0,1152809000.0,0.8138122514,0,8032000.0,36583000.0,44615000.0,402892000.0,447507000.0,711252000.0,0.0,202382000.0,334944000.0,1040246000.0,0.7343496965,705302000.0,0.497899833,-70381000.0,634921000.0,0.4482151757,6197000.0,545088000.0,0.3847986028,1.77,1.77,307275000,307275230,https://www.sec.gov/Archives/edgar/data/1063761/000155837019010077/0001558370-19-010077-index.htm,https://www.sec.gov/Archives/edgar/data/1022344/000155837019010077/spg-20190930x10q.htm,4.610052884224229,1.773941908713693,3.126284273045317,2.412457896021479,11.86959563908551,10.762473354487025,6.453271499471158,8.697515255064681,87.36884224229111,47827353750.0,70824002750.0,21.93561119947605,33.76317016506254,49.78753894583654,64.5192607326707,17.895915722523497,17.895915722523497,49.99738996889635,68.08389818369885,73.72669651863518,95.54181741779172,0.0113969926676112,0.0154992476454961,9.969537842246051,0.787250356973742,22.106933359993693,1.5292010400171492,3.485003607040152,1.5279025454730533,0.0135018550968858,1.184685775507808,0.0056700979983819,0.0,0.0391236602663036,0.2283306042186942,0.1548412556104462,0.6388095258898121,0.0060710710640046,18.631960532491146,0.0216121605759397,0.0167615638271401,-85.61791310552437,1530587000.0,1982929000.0,-26114340000.0,26736926000.0,755989500.0,1275954500.0,1.0,49.278410847733305,451.8375703804812,3.412386964681795e-07,1.8263575965972896,0.1991866234678387,263745000.0,0.2039596202697894,0.7138263770238386,2019-10-30,3.05,bmo,1011824285.0,2025-04-25,2019-09-30,0.0,155.51078125,1537541.453125
2019-06-30,SPG,USD,1063761,2019-08-07,2019-08-07 06:30:44,2019,Q2,1397186000.0,243883000.0,1153303000.0,0.8254470056,0,10359000.0,35420000.0,45779000.0,426893000.0,472672000.0,716555000.0,0.0,198425000.0,352606000.0,1033237000.0,0.7395128494,680631000.0,0.4871441598,-101519000.0,579112000.0,0.4144845425,7010000.0,496158000.0,0.3551123472,1.6,1.6,308708798,308708798,https://www.sec.gov/Archives/edgar/data/1063761/000155837019007355/0001558370-19-007355-index.htm,https://www.sec.gov/Archives/edgar/data/1022344/000155837019007355/spg-20190630x10q.htm,4.525902757070111,1.6072039514727403,3.401976253362238,2.797636496255607,1.5541377605959903,11.645269014976371,7.668061342391674,9.45766696289621,76.19835959453283,48973563714.71999,71818466714.72,24.676395278681387,35.051570595983634,46.63171879674734,56.70500803529186,16.773692774588866,16.773692774588866,51.40222326499121,69.50822194203266,68.38421160777742,83.15643018881381,0.0101311393814469,0.0176351266783636,7.988820292739065,0.7589478251574899,22.110031870713108,0.4350694905291898,3.430167569610684,1.835724810828857,0.0129393483327318,1.277185896428154,0.0074141882326333,0.0,0.0399506197183052,0.1776437317895298,0.1335291077923769,0.5017481106957481,0.003793338896897,18.493485165749576,0.0228630340992811,0.0168159989609937,-84.56471169150159,-1579135000.0,2367198000.0,-25921780000.0,23663298000.0,734760500.0,1192638000.0,1.0,47.43289726636253,453.0939425872242,3.6902941164410804e-07,1.8974173029026484,0.1986343041491319,243883000.0,0.169936619440929,0.6043397571066309,2019-07-31,2.98,bmo,3492965000.0,2025-04-25,2019-06-30,0.0033557046979866,172.22920634920635,1346185.0793650793
2019-03-31,SPG,USD,1063761,2019-05-08,2019-05-08 06:16:37,2019,Q1,1452834000.0,254930000.0,1197904000.0,0.8245291616,0,9136000.0,37125000.0,46261000.0,401305000.0,447566000.0,702496000.0,0.0,198733000.0,328643000.0,1078981000.0,0.7426732855,750338000.0,0.5164650607,-102972000.0,642049000.0,0.4419286718,10102000.0,549309000.0,0.3780948133,1.78,1.78,308978000,308978000,https://www.sec.gov/Archives/edgar/data/1063761/000155837019004352/0001558370-19-004352-index.htm,https://www.sec.gov/Archives/edgar/data/1022344/000155837019004352/spg-20190331x10q.htm,4.702062930046799,1.7778256057065551,2.7100537902374926,2.008447203360757,1.4136993572357903,12.70583666150988,8.959689686644356,10.398665924434749,75.68402281068555,56521345540.0,79270508540.0,25.723839196153715,38.90420071391501,67.500505214684,91.08031303680832,17.591679675962254,17.591679675962254,54.5626744280489,73.46793737795197,94.66864817094944,127.739045548741,0.0097186115219294,0.0109793210701402,7.216389938371451,0.7517713960441189,21.083932895945345,0.4306059121586184,3.77560847971902,1.325027257032631,0.0112209289064281,1.154581483281723,0.0062883990875764,0.0,0.0375295184038688,0.2588902808513078,0.1492125046632994,0.6377449855553399,0.0045428452252631,20.395044184239644,0.0250412622246591,0.0185050352713399,-83.91950478513033,-1547050000.0,2768347000.0,-25745991000.0,23684330000.0,748487000.0,1237169000.0,-258231499.5,45.41765267057352,408.6334680108265,3.530380888871455e-07,1.9816083550771388,0.2202462770318546,254930000.0,0.1709667007888989,0.7016065868767356,2019-04-30,3.02,bmo,,2025-04-25,2019-03-31,0.0066225165562913,177.74131147540982,1478906.4426229508
2018-12-31,SPG,USD,1063761,2019-02-22,2019-02-22 06:47:24,2018,Q4,1460743000.0,254087000.0,1206656000.0,0.8260563289,0,10830000.0,43262000.0,54092000.0,398474000.0,452567000.0,706654000.0,0.0,204341000.0,329145000.0,1082334000.0,0.7409475863,754089000.0,0.5162366001,-204338000.0,843614000.0,0.5775239039,10422000.0,713630000.0,0.4885390517,2.3,2.3,309294000,309294000,https://www.sec.gov/Archives/edgar/data/1063761/000155837019000875/0001558370-19-000875-index.htm,https://www.sec.gov/Archives/edgar/data/1022344/000155837019000875/spg-20181231x10k.htm,4.722830058132391,2.3072869179486184,3.231973462142816,2.598427386240923,2.612937852011355,13.020359269820949,12.533004196654316,10.658729234967378,76.01141955550382,51958299060.0,74749499060.0,18.20211421184648,35.56977446409122,51.97753074637616,64.65064249612406,15.76079064368072,15.76079064368072,51.17224526148679,69.06324578180119,74.77716661164631,93.00926373497845,0.0137346682418514,0.0154677503794328,7.069393429330893,0.7594787732592571,21.057455461992323,0.4480064998885373,3.690346039218757,1.1997580392538103,0.0137430595866007,1.0006109608620717,0.0074140351862031,0.0,0.0049121718238181,0.196024529075758,0.1341454314687799,0.5761514826303642,0.000547666495749,23.523111971642404,0.0267583902099462,0.0233705131344392,-82.56321897611981,-1574822000.0,3876383000.0,-25380954000.0,22784045000.0,743272500.0,1292480000.0,-258231499.5,47.06053700069074,466.4445249068232,-182.9360415920531,1.912430365991765,0.1929489900604543,-0.4919752237817617,0.2164692307202304,0.6335460759018927,2019-02-01,1.9,bmo,1207760608.0,2025-04-25,2018-12-31,0.2105263157894736,178.77793650793652,1620178.825396825
2018-09-30,SPG,USD,1063761,2018-11-02,2018-11-02 06:22:42,2018,Q3,1409005000.0,261968000.0,1147037000.0,0.8140758904,0,12172000.0,36688000.0,48860000.0,380786000.0,429646000.0,691614000.0,0.0,199469000.0,316175000.0,1033566000.0,0.7335431741,717391000.0,0.5091472351,-70513000.0,652330000.0,0.4629720973,10118000.0,557101000.0,0.3953861058,1.8,1.8,309294000,309294000,https://www.sec.gov/Archives/edgar/data/1063761/000155837018008301/0001558370-18-008301-index.htm,https://www.sec.gov/Archives/edgar/data/1022344/000155837018008301/spg-20180930x10q.htm,4.555552322385821,1.8012020925074526,2.956358674917716,2.1439180844115957,2.2493743816562883,13.241246192942636,9.14126688522894,10.939804845874798,77.20076367469139,54633692159.99999,77616238160.0,24.516960192137507,38.77466166550153,59.74917776339044,82.39120761392306,16.146540316631675,16.146540316631675,55.08585005730995,75.09557992426221,84.88363549668411,117.05040131141408,0.0101970227157351,0.0121372174162794,6.99791702131684,0.7618564314647509,22.236166824373093,0.5061097554492197,3.5965037173696164,1.423803977502756,0.0130597250852174,1.2807390401381438,0.0086387202316528,0.0,0.0408015291528137,0.274811239041803,0.1783407440001987,0.7487485250473772,0.0045422124123051,21.05606767775715,0.0240468457683257,0.0186873939045325,-83.24277063085609,-1384201000.0,2827339000.0,-25565807000.0,24188788000.0,702140500.0,1249437000.0,-3749999.5,46.16427904798066,435.6597370671227,3.4355341110364625e-07,1.9495593098390824,0.2065832399520857,261968000.0,0.1646466383892262,0.8124405905061204,2018-10-25,3.02,bmo,1349420183.0,2025-04-25,2018-09-30,0.009933774834437,176.88571428571427,1342060.238095238
2018-06-30,SPG,USD,1063761,2018-08-02,2018-08-02 06:11:29,2018,Q2,1388358000.0,236591000.0,1151767000.0,0.8295893422,0,10913000.0,36491000.0,47404000.0,366688000.0,414092000.0,650683000.0,0.0,206624000.0,320198000.0,1057873000.0,0.7619598115,737675000.0,0.5313290952,-96124000.0,641551000.0,0.4620933506,10137000.0,547838000.0,0.3945941897,1.77,1.77,309355000,309355000,https://www.sec.gov/Archives/edgar/data/1063761/000155837018006144/0001558370-18-006144-index.htm,https://www.sec.gov/Archives/edgar/data/1022344/000155837018006144/spg-20180630x10q.htm,4.48791194582276,1.7709039776308773,3.21089040099562,2.6874852515718186,2.3088264291833007,13.177834526676472,9.19931470317273,10.89694364080102,76.64859465662427,52649127450.0,75439882450.0,24.0258650595614,37.921867018449134,53.00398915740885,63.32685915223596,15.618140793420634,15.618140793420634,54.33748532439039,71.31279695199707,75.94835669809373,90.7397907953817,0.0104054525978663,0.0157910879109925,6.972659346240193,0.7620820059176854,21.54394242030943,0.50537399648287,3.570132220845594,1.5731437693811037,0.0132193453853716,1.2704248336186974,0.0078603645457439,0.0,0.0399043352914132,0.1630093475820619,0.1166255389460067,0.4770783305587884,0.0039615142492066,20.83728434427254,0.0248901388817209,0.0185003122850876,-82.57455269835626,-1366113000.0,2845854000.0,-25370713000.0,23939299000.0,683854500.0,1205813000.0,-4250000.0,44.18139269554394,468.19088638198406,-2.853024840336277,2.0370566546010496,0.1922292864252199,-31.545466666666663,0.1625138236927414,0.5234051494238011,2018-07-30,2.91,bmo,1283369491.0,2025-04-25,2018-06-30,0.0240549828178693,159.12015625,1660640.546875
2018-03-31,SPG,USD,1063761,2018-05-03,2018-05-03 06:17:10,2018,Q1,1399814000.0,255319000.0,1144495000.0,0.8176050532,0,12628000.0,34800000.0,47428000.0,395134000.0,442562000.0,697881000.0,0.0,205492000.0,316936000.0,1108895000.0,0.792173103,701933000.0,0.5014473351,19811000.0,721744000.0,0.5155999297,6220000.0,621488000.0,0.4439789858,2.0,2.0,310583697,310584000,https://www.sec.gov/Archives/edgar/data/1063761/000155837018003817/0001558370-18-003817-index.htm,https://www.sec.gov/Archives/edgar/data/1022344/000155837018003817/spg-20180331x10q.htm,4.507042750540767,2.0010322692501146,2.7157800237016305,2.159549926408404,1.1823125410217523,13.635667425260896,9.833629483778088,11.288119865480256,76.80092429320268,47938593631.95,71219009631.95,19.28379696468395,34.24640247343575,56.83450008945116,71.47322602386089,13.673667700146552,13.673667700146552,50.87748060238717,64.22520584180648,84.43503454385834,106.18276396884843,0.0129642518253975,0.0139912531675309,6.745081870420941,0.7623873149211454,20.994247426492137,0.4047154334103038,3.4158653378233703,1.178824190383551,0.0145621293223491,1.123252580902608,0.0090211985306619,0.0,0.0380700344898068,0.2048141205984277,0.1234135392273544,0.5161949610364776,0.0050721024364665,22.543903221819377,0.0236830172181227,0.0208294336741326,-83.3962592054534,-1549365000.0,3054165000.0,-25729479000.0,23940466000.0,714415000.0,1225020500.0,-292595000.0,44.11601827099887,416.25022031262847,-0.3525002056251199,2.040075317929689,0.2162161017774469,-255.319,0.1772688714415047,0.5562300972932266,2018-04-27,2.83,bmo,1059592000.0,2025-04-25,2018-03-31,0.0141342756183745,159.06196721311477,1916761.4590163932
2017-12-31,SPG,USD,1063761,2018-02-23,2018-02-23 06:36:17,2017,Q4,1427692000.0,245174000.0,1182518000.0,0.8282724845,0,11883000.0,42416000.0,54299000.0,378769000.0,433066000.0,678240000.0,0.0,204986000.0,325187000.0,1074639000.0,0.7527106687,749452000.0,0.5249395528,-83269000.0,666183000.0,0.4666153484,6362000.0,571950000.0,0.4006116165,1.84,1.84,310856000,310856000,https://www.sec.gov/Archives/edgar/data/1063761/000155837018000981/0001558370-18-000981-index.htm,https://www.sec.gov/Archives/edgar/data/1022344/000155837018000981/spg-20171231x10k.htm,4.592776076382634,1.8399194482332657,2.8126688884885604,2.025233548652752,5.832613814756672,14.2485395166894,13.577627583189644,11.858120801914714,79.90017564402811,53386409440.0,76536563440.0,23.335260704607048,37.39350605032458,61.05944453784877,84.80009632185222,14.482901875335036,14.482901875335036,53.60859585961118,71.22072011159096,87.53688625069339,121.5722881522851,0.0107134007699619,0.0117924394354998,6.68240378626259,0.7636164495366958,21.542261168634305,0.8315920208344546,3.656113100406857,1.3251093857273413,0.0107883636686093,1.0069971151324415,0.0083232237765568,0.0,0.0064653524848905,0.2799601983221534,0.1714508451402683,0.7094714448025599,0.0039924577569952,22.15636949877399,0.0250927263374731,0.0178460655392895,-82.83701134930644,-450587000.0,4220687000.0,-25603413000.0,24215485000.0,714644500.0,1279786000.0,-292095000.0,46.817156641628586,465.90217559773873,-214.4481062429132,1.9223721912230431,0.1931735989095407,-0.4196819527893322,0.1551611321024977,0.7874353398358083,2018-01-31,3.12,bmo,1373385326.0,2025-04-25,2017-12-31,0.0,162.39809523809524,1730581.9206349207
2017-09-30,SPG,USD,1063761,2017-10-30,2017-10-30 07:02:45,2017,Q3,1403638000.0,256112000.0,1147526000.0,0.8175370003,0,13014000.0,36006000.0,49020000.0,408438000.0,457458000.0,713570000.0,0.0,199032000.0,336727000.0,1026795000.0,0.7315240824,690068000.0,0.4916281833,-82922000.0,607146000.0,0.4325516978,14511000.0,514617000.0,0.366630855,1.65,1.65,310853299,310853299,https://www.sec.gov/Archives/edgar/data/1063761/000155837017007678/0001558370-17-007678-index.htm,https://www.sec.gov/Archives/edgar/data/1022344/000155837017007678/spg-20170930x10q.htm,4.515435430524416,1.6554979524280358,2.9270077008254622,2.3853599186026333,1.635514249440216,14.248965715496556,10.097869348975449,11.854923244678192,75.95026038311403,50050489671.99,72952441671.98999,24.314436596531984,35.657690709420805,55.00839644343697,67.49924770024693,13.581699069395423,13.581699069395423,51.97382920096919,71.04869197063678,80.17897245979096,98.38534973437518,0.0102819573469227,0.0148149799304554,6.352633629857412,0.7543841100320601,22.30430806538793,0.4461517784141183,3.467120864986535,1.5352983460280714,0.0111963340153614,1.088930214120404,0.0092716213154673,0.0,0.04158175275462,0.1850517106839438,0.1199547176693705,0.5000282127658311,0.0049157973779564,21.013817503003025,0.0227241436251598,0.01730268695867,-82.2886690676556,-1483488000.0,3138956000.0,-25408050000.0,24066278000.0,663348500.0,1247824500.0,0.5,44.025261499047474,453.4515368276379,0.0,2.0442808727427373,0.1984776601037522,0.0,0.1396464505302645,0.5416477822228292,2017-10-27,2.88,bmo,1386586666.0,2025-04-25,2017-09-30,0.0034722222222223,159.70174603174604,1558937.650793651
2017-06-30,SPG,USD,1063761,2017-08-04,2017-08-04 06:18:53,2017,Q2,1361548000.0,242486000.0,1119062000.0,0.8219041855,0,13074000.0,36496000.0,49570000.0,383343000.0,432913000.0,675399000.0,0.0,207174000.0,322396000.0,1008545000.0,0.7407340762,686149000.0,0.5039477125,-238786000.0,447363000.0,0.3285693931,5990000.0,382824000.0,0.2811681997,1.23,1.23,311579000,311579000,https://www.sec.gov/Archives/edgar/data/1063761/000155837017005905/0001558370-17-005905-index.htm,https://www.sec.gov/Archives/edgar/data/1022344/000155837017005905/spg-20170630x10q.htm,4.369832369960748,1.2286579005645435,3.28613289085593,2.7393919359135244,1.568186559427946,14.36405534390957,10.495800423006685,11.96073868906441,75.83906168259094,50401019040.0,73335090040.0,32.91396244749546,37.01743826879405,49.22503300159197,59.04960070858088,13.524248309838557,13.524248309838557,53.86155320267813,72.71375103738553,71.62399285079452,85.91905217934314,0.0075955607107105,0.0169349155286444,6.2850754619014335,0.7564009144749433,22.73975975291137,0.4382256561577884,3.311945514398525,2.319783946911116,0.0108411300090253,1.4272981840219003,0.0096023056109663,0.0,0.0389223123218568,0.1663782242233052,0.125117146071971,0.5012461050023687,0.0026440492733271,18.18384618158126,0.0225762766815071,0.0128634075429478,-81.91102095937146,-1446906000.0,3270271000.0,-25361734000.0,24075413000.0,630840000.0,1143226000.0,-10549999.0,42.31007647178065,447.3414135249045,3.711554481495839e-07,2.127152855893013,0.2011886162982974,242486000.0,0.1027242491041037,0.5467409549424063,2017-08-01,2.45,bmo,1372569105.0,2025-04-25,2017-06-30,0.0081632653061224,162.80349206349206,2062922.142857143
2017-03-31,SPG,USD,1063761,2017-05-03,2017-05-03 06:17:03,2017,Q1,1345763000.0,236308000.0,1109455000.0,0.8244059318,0,14001000.0,35948000.0,49949000.0,382835000.0,432784000.0,669092000.0,0.0,198202000.0,310832000.0,987503000.0,0.7337867069,676671000.0,0.5028158747,-129117000.0,547554000.0,0.4068725325,-3521000.0,478570000.0,0.3556123924,1.53,1.53,312810000,312810000,https://www.sec.gov/Archives/edgar/data/1063761/000155837017003316/0001558370-17-003316-index.htm,https://www.sec.gov/Archives/edgar/data/1022344/000155837017003316/spg-20170331x10q.htm,4.302173843547201,1.5299063329177456,2.5117259678399027,2.036693200345258,1.7087049646750423,15.65120040919408,12.194837121575397,13.13022921262108,74.63717592148589,53812704300.0,76448357300.0,28.111198100591345,39.98676163633567,68.49075185855035,84.4653480312291,13.10182763867068,13.10182763867068,56.80670170007646,77.41582283800656,97.300545251135,119.9946590634408,0.008893253112351,0.0118391745645832,5.636120807339771,0.7480444461922867,22.92211061637281,0.464923469910235,3.414047285092986,1.4257460418273376,0.0101931506162941,1.1461667049752386,0.010403763515567,0.0,0.0349376898725147,0.1891260326870673,0.1104169159056981,0.4425776398440502,0.0050528956435865,21.259832279762648,0.0221643800518802,0.0160244926922259,-80.11281928167259,-1306262000.0,3814667000.0,-24915241000.0,24004662000.0,643109500.0,1147603500.0,-236278499.5,41.57046968894226,411.7789071889229,-8.036121967940145,2.164998391248391,0.2185638905460212,-11.199431810399613,0.1165178694250946,0.4750327674946453,2017-04-27,2.76,bmo,1301819607.0,2025-04-25,2017-03-31,-0.007246376811594,178.65887096774193,1923234.983870968
2016-12-31,SPG,USD,1063761,2017-02-24,2017-02-24 06:21:48,2016,Q4,1425966000.0,242491000.0,1183475000.0,0.8299461558,0,19939000.0,38896000.0,58835000.0,424140000.0,482974000.0,725465000.0,0.0,209508000.0,336717000.0,1037217000.0,0.7273784929,700501000.0,0.4912466356,-243845000.0,456654000.0,0.3202418571,1052000.0,395265000.0,0.277191041,1.26,1.26,313685000,313685000,https://www.sec.gov/Archives/edgar/data/1063761/000155837017000934/0001558370-17-000934-index.htm,https://www.sec.gov/Archives/edgar/data/1022344/000155837017000934/spg-20161231x10k.htm,4.5458533241946535,1.260069815260532,2.677590576533784,1.9722077880676472,2.9545308191338444,16.250933261074007,15.341941756857995,13.74132648995011,73.91686564547237,55732413949.99999,78149458950.0,35.25003096024186,39.08397111151317,66.35443131488714,90.08685650414124,12.929610553241796,12.929610553241796,54.80457384678176,75.3453317386815,93.04393150538148,126.3221632678792,0.0070921923524541,0.0111003984244253,5.330560535703017,0.7387286440164537,21.612685677153383,0.4758322454308094,3.343552513507837,1.843534831860194,0.0107260561248307,1.5123752419263026,0.0139828018339848,0.0,0.00916733759698,0.2634393751785884,0.1551706001405363,0.6217139645967968,0.0098179058967745,19.737988536362742,0.023704365131011,0.0128256001009265,-79.08053062785916,-1349082000.0,4812537000.0,-24781226000.0,23296390000.0,645521000.0,1227367500.0,-226228500.0,41.94750085205398,450.5815885950406,-167.55727016672785,2.145539023109481,0.1997418498182075,-0.537129782016892,0.0916992850859121,0.7053827884661364,2017-01-31,2.51,bmo,1641031746.0,2025-04-25,2016-12-31,0.1593625498007969,185.68984126984128,1471283.9047619049
2016-09-30,SPG,USD,1063761,2016-11-03,2016-11-03 06:25:58,2016,Q3,1357168000.0,255004000.0,1102164000.0,0.8121057968,0,15154000.0,35695000.0,50849000.0,375124000.0,425973000.0,680977000.0,0.0,214861000.0,311757000.0,987948000.0,0.727948198,676191000.0,0.4982367695,-81926000.0,594265000.0,0.4378713615,6325000.0,505578000.0,0.3725242564,1.61,1.61,314234000,314234000,https://www.sec.gov/Archives/edgar/data/1063761/000155837016009130/0001558370-16-009130-index.htm,https://www.sec.gov/Archives/edgar/data/1022344/000155837016009130/spg-20160930x10q.htm,4.318972485472609,1.6089220135313174,2.6694215139036515,2.0528841563930067,2.595985794026108,17.458845955561777,13.510473086935214,14.731050745622689,74.12748461337729,65049580340.0,87313348340.0,32.16594686675449,47.9303817508223,77.54863700685365,100.83861739364984,14.052629617171927,14.052629617171927,64.33495951864471,88.37848585148207,104.09031266429272,135.35148544535147,0.0077721946453375,0.0099168356909956,4.985640517805477,0.7287450115015235,22.53536420945232,0.5520550227825117,3.1471090612070127,1.4267177377244915,0.0091862852439118,1.1819422522340766,0.011165898400198,0.0,0.0391777118005681,0.2309629087423687,0.1427509342984803,0.5881511839708561,0.0,23.09274812813069,0.0230224820441284,0.0166154777478146,-79.23273977354455,-1169385000.0,4245450000.0,-24741515000.0,24602689000.0,613620000.0,1225115500.0,-750000.0,41.54096618841588,437.8918369907923,-0.3529356402252513,2.1665360307651538,0.2055302072276183,-255.004,0.1092197726634949,0.616537357510645,2016-10-26,2.68,bmo,1256042236.0,2025-04-25,2016-09-30,0.0074626865671641,216.82875,1207473.671875
2016-06-30,SPG,USD,1063761,2016-08-04,2016-08-04 06:05:01,2016,Q2,1315380000.0,235103000.0,1080277000.0,0.821266098,0,15125000.0,33172000.0,48297000.0,372744000.0,421041000.0,656144000.0,0.0,213995000.0,303585000.0,982036000.0,0.7465796956,659236000.0,0.5011753258,-124796000.0,534440000.0,0.4063008408,7115000.0,456223000.0,0.3468374158,1.45,1.45,313399000,313399000,https://www.sec.gov/Archives/edgar/data/1063761/000104746916014660/0001047469-16-014660-index.htm,https://www.sec.gov/Archives/edgar/data/1022344/000104746916014660/a2229269z10-q.htm,4.197141662864272,1.4557257681103002,3.106241564267914,2.485856687481453,2.823177483016857,17.469146359752266,13.609791352237885,14.74507257521562,73.82900392151858,67976243100.0,90015903100.0,37.24946084480616,51.67802695798933,69.82715140221862,87.25362209828448,14.70999880764088,14.70999880764088,68.43338282473506,91.6625287667662,92.46692385050534,115.54350805131791,0.0067115065380834,0.0114608422659357,4.960720531147298,0.7305321709841015,22.44282287003735,0.5686222407368552,3.080614033038155,1.8460968093680368,0.0085359821834578,1.2718429364587056,0.0114985783575848,0.0,0.0385444985390753,0.1997220318995616,0.1478112788699843,0.5985217656312048,0.0131520929313202,21.97629625890023,0.0226104977551166,0.0151216106321903,-78.39790889568889,-1126650000.0,4265295000.0,-24419872000.0,24070997000.0,587036000.0,1188309500.0,-249999.5,41.10867581991515,463.01672033108895,-0.1914054690922702,2.189318877461856,0.194377429686867,-470.206,0.0987262531726815,0.6203848767864607,2016-07-27,2.62,bmo,1297256551.0,2025-04-25,2016-06-30,0.0038167938931296,204.08796875,1374463.28125
2016-03-31,SPG,USD,1063761,2016-05-05,2016-05-05 06:07:35,2016,Q1,1336715000.0,238548000.0,1098167000.0,0.8215416151,0,14864000.0,35038000.0,49902000.0,363364000.0,413266000.0,651814000.0,0.0,219190000.0,300614000.0,985515000.0,0.7372663582,684901000.0,0.5123762358,-105876000.0,579025000.0,0.4331701223,15186000.0,481829000.0,0.3604575396,1.55,1.55,309416000,309416000,https://www.sec.gov/Archives/edgar/data/1063761/000104746916012892/0001047469-16-012892-index.htm,https://www.sec.gov/Archives/edgar/data/1022344/000104746916012892/a2228363z10-q.htm,4.320122424179745,1.5572206996406133,2.328444553610673,1.7175129922175971,2.601921038343201,17.833825658660185,14.061877860227009,14.836285130697831,74.9638383276883,64262609040.0,86433354040.0,33.34305793134079,48.075026494054455,89.19688453733598,120.92484944281988,13.998787308978551,13.998787308978551,64.66101902050923,87.70374275378863,119.9700107986864,162.6441951278259,0.0074978126035948,0.0082695988839982,5.004988689892179,0.7317490473588896,22.49660837227237,0.5428975099671425,3.1246909074319085,1.2777725556408832,0.0090299477202801,1.2043442798171136,0.0111197974138092,0.0,0.0371705996891953,0.2623775431739255,0.1414153353557041,0.5948162203153565,0.0065833030975189,22.79968929621828,0.0231097074186338,0.0159380329000343,-79.65137468489024,-1160511000.0,4350970000.0,-24502096000.0,24089759000.0,598930000.0,1245451000.0,-192787999.5,38.59682131194757,440.3268524573671,3.772825594848835e-07,2.331798239875797,0.2043936214603534,238548000.0,0.1049602839203029,0.610931561393076,2016-04-26,2.54,bmo,1103855483.0,2025-04-25,2016-03-31,0.0354330708661416,192.05,1353877.7213114754
2015-12-31,SPG,USD,1063761,2016-02-26,2016-02-26 06:04:06,2015,Q4,1380621000.0,243655000.0,1136966000.0,0.8235178228,0,15147000.0,36127000.0,51274000.0,375961000.0,427236000.0,670891000.0,0.0,230896000.0,304325000.0,1095572000.0,0.7935356626,709730000.0,0.5140657719,-36155000.0,466648000.0,0.3379986253,6731000.0,393131000.0,0.284749399,1.27,1.27,309419000,309419000,https://www.sec.gov/Archives/edgar/data/1063761/000104746916010465/0001047469-16-010465-index.htm,https://www.sec.gov/Archives/edgar/data/1063761/000104746916010465/a2227275z10-k.htm,4.4619787408013085,1.2705457648043592,2.6044198966450023,1.802678568542979,3.446514273525543,16.94112514099005,16.050164986636243,14.451161693367249,73.47017797872788,60163430360.0,81964469360.0,38.25914921489274,43.57707898112516,74.65770026195715,107.86171389232013,13.454973664106433,13.454973664106433,59.3678274921213,74.81431559039478,101.71093551337272,146.94687604319242,0.006534384719216,0.0092711302640556,5.03239498294071,0.7341493937180433,19.899229808720925,0.4924105194542304,3.073808121405308,1.208462236351776,0.0096324128549906,1.4741116828741565,0.0109711499390491,0.0,0.0089942560151941,0.3078387356565743,0.1796829108060793,0.7788211286398242,0.0065912368419718,20.325338900870555,0.0242567920730952,0.0129425873447937,-77.78024054760697,-1366606000.0,4966226000.0,-24083028000.0,22456812000.0,594474500.0,1315754000.0,-204338000.0,40.71678614188832,488.97863782807656,-142.4220311506023,2.210390566838242,0.1840571203677894,-0.6319247048571488,0.0879199743081907,0.8017413281020235,2016-01-29,2.44,bmo,1052707499.0,2025-04-25,2015-12-31,0.1188524590163934,193.71890625,1257889.59375
2015-09-30,SPG,USD,1063761,2015-11-04,2015-11-04 14:13:19,2015,Q3,1320137000.0,251154000.0,1068983000.0,0.8097515637,0,14838000.0,38756000.0,53594000.0,357802000.0,411396000.0,662550000.0,0.0,229654000.0,289360000.0,946947000.0,0.7173096429,657587000.0,0.4981202709,-161433000.0,496154000.0,0.3758352353,3658000.0,420843000.0,0.3187873683,1.36,1.36,309417000,309417000,https://www.sec.gov/Archives/edgar/data/1063761/000104746915008315/0001047469-15-008315-index.htm,https://www.sec.gov/Archives/edgar/data/1063761/000104746915008315/a2226328z10-q.htm,4.266530281141631,1.3601159600151251,2.3771221361463657,1.459590132410307,2.769275767006984,16.63100605331963,12.404648096258448,14.195538706664468,73.87670360710626,56846091240.0,78618284240.0,33.76917950399555,43.060751452311386,77.2867313826099,125.87095234510276,12.94209425907506,12.94209425907506,59.55312534986899,83.02289805026047,106.8877399180446,174.07983720899335,0.0074032003048939,0.007944644744232,5.15193469723776,0.7385147426661327,22.99198687994154,0.5317587413241539,2.863381434679997,1.493460847318247,0.0098763342870784,1.334062821527268,0.0112397425418725,0.0,0.0426779174501815,0.3859843757222762,0.2150534376356393,0.9294787847040336,0.0065144753915692,20.84275706351737,0.0233382280212973,0.0143467919855444,-78.29827708238396,-1251445000.0,3838209000.0,-24074182000.0,23599996000.0,550758000.0,1261575500.0,-12349999.5,38.47400686443907,468.6114097326739,-8.277789722640293,2.339241668202373,0.1920567833620222,-10.872467532467532,0.0958129161647513,0.9175320037360584,2015-10-27,2.46,bmo,1252153676.0,2025-04-25,2015-09-30,0.032520325203252,183.3534375,1287591.640625
2015-06-30,SPG,USD,1063761,2015-08-05,2015-08-05 06:01:32,2015,Q2,1349110000.0,229004000.0,1120106000.0,0.8302555018,0,15345000.0,41215000.0,56560000.0,361161000.0,417721000.0,646725000.0,0.0,230974000.0,295778000.0,998163000.0,0.7398677647,702385000.0,0.5206284143,-144439000.0,557946000.0,0.4135659805,3420000.0,473778000.0,0.3511781841,1.52,1.52,310499000,310499000,https://www.sec.gov/Archives/edgar/data/1063761/000104746915006560/0001047469-15-006560-index.htm,https://www.sec.gov/Archives/edgar/data/1063761/000104746915006560/a2225497z10-q.htm,4.344973735825236,1.5258599866666238,2.6039021059649143,1.767435643915117,1.8269205375862725,16.762327736965336,12.84784169997327,14.308841574369,71.82551634626843,53722536980.0,75227656980.0,28.347948290127444,39.820724018056346,66.4464303798721,97.89323905267436,12.091824422036062,12.091824422036062,55.760951278991335,75.3661045139922,93.04492217155284,137.0798815934051,0.0088189803876235,0.0102152100561502,4.967672327933158,0.7336498165723964,21.544697609508667,0.4308814474235311,3.04096997930503,1.4580155700263469,0.0101347224201771,1.149194348407904,0.0113741651903847,0.0,0.040402305168233,0.3212357561882428,0.1925135830288115,0.8308923738411041,0.00615220404563,22.16413766227629,0.0253625253103101,0.0164118252795898,-77.00349759419515,-1456643000.0,3989242000.0,-23776016000.0,23248474000.0,530453000.0,1168944000.0,-20849999.5,35.83509128240099,477.6770711428621,-0.6288095841120679,2.5115046949580395,0.1884118067142542,-143.1275894547434,0.1066375624285232,0.8364664620497972,2015-07-24,2.35,bmo,1082830263.0,2025-04-25,2015-06-30,0.1191489361702126,183.77666666666667,1386980.5238095238
2015-03-31,SPG,USD,1063761,2015-05-07,2015-05-07 06:01:28,2015,Q1,1216235000.0,236379000.0,979856000.0,0.805646935,0,14999000.0,18756000.0,33755000.0,346930000.0,380685000.0,617064000.0,0.0,232173000.0,288106000.0,893538000.0,0.7346754533,599171000.0,0.4926441025,39626000.0,431870000.0,0.355087627,6362000.0,363008000.0,0.2984686348,1.16,1.16,311101000,311101000,https://www.sec.gov/Archives/edgar/data/1063761/000104746915004471/0001047469-15-004471-index.htm,https://www.sec.gov/Archives/edgar/data/1063761/000104746915004471/a2224383z10-q.htm,3.909453842964182,1.1668493511753415,2.169060851620535,1.4322326189886885,2.6799399551914007,18.61324778769596,15.005274814288608,15.867660341818253,70.47945201076178,60863799639.99999,81724122640.0,41.91629360785437,50.0427957097107,90.19571758617776,136.59792229710771,12.32947994761412,12.32947994761412,67.1943519467866,91.46127264872898,121.1091967510229,183.415189656372,0.0059642677937811,0.0073207555662885,4.394671671617935,0.7165541660100582,23.34575921785084,0.5440704058766687,2.5807092125268656,1.58586207544864,0.0083896832439033,1.4066577045133992,0.01233232064527,0.0,0.0370743009692283,0.3396991984256006,0.1884734446879098,0.7573603993828201,0.0068243390463191,20.410568498371862,0.0212503112365233,0.0124517876891442,-74.82600345225505,-1137553000.0,4668156000.0,-23127461000.0,23376200000.0,551965500.0,1191062500.0,-206208500.0,38.7557174394751,427.3643597781529,-15.267853743352836,2.322238006316184,0.2105931342677229,-5.894738154613466,0.0735363201656252,0.7368282326318463,2015-04-24,2.23,bmo,1111355172.0,2025-04-25,2015-03-31,0.022421524663677,193.754262295082,1585572.786885246
2014-12-31,SPG,USD,1063761,2015-02-27,2015-02-27 06:05:45,2014,Q4,1297120000.0,224589000.0,1072531000.0,0.8268556494,0,15116000.0,37528000.0,52644000.0,364599000.0,417243000.0,641832000.0,0.0,233655000.0,294458000.0,1029805000.0,0.7939165228,655288000.0,0.5051868755,-171289000.0,484000000.0,0.3731343284,8008000.0,405882000.0,0.3129101394,1.3,1.3,310784000,310784000,https://www.sec.gov/Archives/edgar/data/1063761/000104746915001339/0001047469-15-001339-index.htm,https://www.sec.gov/Archives/edgar/data/1063761/000104746915001339/a2222982z10-k.htm,4.173702635914333,1.3059938735584844,2.568336851317957,1.5076258752059308,4.576783232084019,19.232141937808898,18.228892092257,16.388157047981878,67.84985070016475,56596874240.00001,76837585240.0,34.86042386703525,43.63272036511657,70.90580813281919,120.79256730395736,11.112292826265415,11.112292826265415,59.23706768841742,74.61372321944445,96.2638157950784,163.99155096831475,0.007171456117503,0.0082786550722416,4.094299687601668,0.7061072729446001,19.654896800850647,0.4913702734910031,2.8045109242258888,1.6769147380628249,0.0071536989531102,0.9975239108903572,0.0116535093129394,0.0,0.0105577175928888,0.4129952718498417,0.2541414826692981,1.056069197501201,0.0071697298630812,21.944560506661308,0.0237754808079005,0.0138902996166805,-70.41516857367175,-1234365000.0,5665248000.0,-22362809000.0,21445214000.0,548527000.0,1205290500.0,-232258500.0,40.25666861971136,504.7944912707211,-149.19933745642038,2.23565444150866,0.1782903766906066,-0.6032198368594505,0.0796913203684065,1.0607109761120264,2015-01-30,2.47,bmo,1317055384.0,2025-04-25,2014-12-31,0.0,177.4046875,1416960.484375
2014-09-30,SPG,USD,1063761,2014-11-05,2014-11-05 06:01:29,2014,Q3,1234694000.0,225517000.0,1009177000.0,0.8173498859,0,14388000.0,38359000.0,52747000.0,348873000.0,401620000.0,627137000.0,0.0,249780000.0,281661000.0,889218000.0,0.7201930195,607557000.0,0.4920709099,-304005000.0,303552000.0,0.2458520087,6589000.0,252802000.0,0.204748707,0.81,0.81,310772000,310772000,https://www.sec.gov/Archives/edgar/data/1063761/000104746914008827/0001047469-14-008827-index.htm,https://www.sec.gov/Archives/edgar/data/1063761/000104746914008827/a2221917z10-q.htm,3.9729898446449488,0.8134645334843551,2.1272347573140435,1.8020767636724029,2.632148327391142,18.95986124876115,18.95986124876115,16.15757211074357,69.02854826046105,51097132239.99999,71481494240.0,50.53078322165173,41.3844501066661,77.29283260095147,91.23917655146552,10.176033804650208,10.176033804650208,57.89409703132922,80.386917763698,108.12753918179962,127.63754808181632,0.0049474792208025,0.0109602041337574,4.222466558102937,0.7145538588101004,22.92391966874265,0.5759178906431005,2.432368484266154,2.226152753036573,0.0079228321092174,1.6013876472496262,0.0116530897534125,0.0,0.0,0.1528547766172277,0.0818421406437546,0.333586425458867,0.0077752058404754,17.196838861674014,0.0217284840851558,0.0085198366886946,-72.78786457595922,-982932000.0,5892194000.0,-22445116000.0,21310867000.0,502348000.0,1149162500.0,-46250000.0,37.675027172724576,459.3046200508165,-36.79545222754825,2.388850300953649,0.1959483882179164,-2.445954446854664,0.0503457157986912,0.3251579936416408,2014-10-22,2.02,bmo,1265186419.0,2025-04-25,2014-09-30,-0.0594059405940594,168.348125,1231792.859375
2014-06-30,SPG,USD,1063761,2014-08-07,2014-08-07 06:02:16,2014,Q2,1181982000.0,213682000.0,968300000.0,0.8192172131,0,15599000.0,38149000.0,53748000.0,353021000.0,406769000.0,620451000.0,0.0,254930000.0,287214000.0,848745000.0,0.7180693107,561531000.0,0.4750757626,-65296000.0,496235000.0,0.4198329585,6626000.0,407421000.0,0.3446930664,1.31,1.31,310743000,310743000,https://www.sec.gov/Archives/edgar/data/1063761/000104746914006709/0001047469-14-006709-index.htm,https://www.sec.gov/Archives/edgar/data/1063761/000104746914006709/a2220961z10-q.htm,3.803728483022948,1.311118834535291,1.9620264977811248,1.452348081855424,5.360754707266133,19.76277824440132,19.76277824440132,16.84113238270854,71.30004537511705,51670346040.0,71905589040.0,31.70574543285692,43.71500246196643,84.74911026331587,114.4904600194546,9.87344533736498,9.87344533736498,60.83475809276283,84.71989707155859,117.93872426134108,159.32744016822252,0.0078850062216459,0.0087343521882091,4.184971367773535,0.716038826911844,23.84136931587226,0.9513766242027524,2.2026870121209745,1.2769148927257952,0.0078341840344291,0.9935545786790568,0.0131973244939432,0.0,0.0,0.2597714233228252,0.1339944263110605,0.4656124320891837,0.0097294205833929,22.28937710866111,0.0195614601355561,0.0133203258152459,-72.12945343901552,-110070000.0,6141145000.0,-22291613000.0,22272793000.0,509159000.0,1203438500.0,-149999.5,37.14566719290141,483.2800610252618,-0.1263559869338549,2.42289361859138,0.1862274222716081,-712.2733333333333,0.0778521779142042,0.5096784159257006,2014-07-23,2.14,bmo,793510489.0,2025-04-25,2014-06-30,0.0093457943925233,163.20142857142858,1379775.619047619
2014-03-31,SPG,USD,1063761,2014-05-07,2014-05-07 06:02:52,2014,Q1,1314991000.0,272255000.0,1042736000.0,0.7929605602,0,14855000.0,24571000.0,39426000.0,387438000.0,426864000.0,699119000.0,0.0,268151000.0,326461000.0,942333000.0,0.7166079464,615872000.0,0.4683469317,-249408000.0,408041000.0,0.3102994621,6938000.0,342482000.0,0.2604443681,1.1,1.1,310622681,310623000,https://www.sec.gov/Archives/edgar/data/1063761/000104746914004661/0001047469-14-004661-index.htm,https://www.sec.gov/Archives/edgar/data/1063761/000104746914004661/a2219880z10-q.htm,4.233403033437858,1.102565977788338,2.129435615810682,1.460923582718031,3.262376065835322,22.444893520186955,22.444893520186955,18.91134601339688,75.50884862783089,47894911183.39,70068153183.39,34.961626584309535,36.42223496844465,72.40885747151339,105.54282361102786,8.153306480182382,8.153306480182382,53.2841313616519,74.35604312211288,105.9309808034004,154.4045191746732,0.0071506970477225,0.0094748270492122,3.947132020823613,0.7078670733513376,23.53015547582436,0.6436756353799855,2.296735794384507,1.6490801614547883,0.0081239737246853,1.136109342972769,0.0112966552622793,0.0,0.0,0.3139385986263532,0.1579136283062013,0.6281877529782612,0.0072243840452139,21.65981650297335,0.0199426147450815,0.0104556781269669,-78.46329402294998,-854639000.0,6971893000.0,-24239859000.0,24433831000.0,555980500.0,1241277000.0,-248425999.5,36.3067960160944,416.34012231180327,3.305724412774788e-07,2.4788747528177364,0.2161694133639074,272255000.0,0.0583018245770171,0.6685120330926511,2014-04-22,2.24,bmo,1051818181.0,2025-04-25,2014-03-31,0.0624999999999998,148.87213114754098,1518630.2295081967
2013-12-31,SPG,USD,1063761,2014-02-27,2014-02-27 06:03:32,2013,Q4,1416260000.0,269903000.0,1146357000.0,0.8094255292,0,15327000.0,44866000.0,60193000.0,393618000.0,453811000.0,723714000.0,0.0,287657000.0,329183000.0,969004000.0,0.684199229,692546000.0,0.4889963707,-233452000.0,459094000.0,0.3241594058,9790000.0,382389000.0,0.2699991527,1.23,1.23,310434000,310434000,https://www.sec.gov/Archives/edgar/data/1063761/000104746914001416/0001047469-14-001416-index.htm,https://www.sec.gov/Archives/edgar/data/1063761/000104746914001416/a2218246z10-k.htm,4.56219357415747,1.2317883994665533,2.487172796794165,1.802222050419735,6.395787832518345,22.591330202233003,21.2725796787723,18.842671872282036,76.91228409259296,44407583700.0,66279251700.0,29.03298976958019,31.35553055229972,57.5151031662874,79.37423691308396,7.591810809507837,7.591810809507837,46.798788146244334,68.39935820698366,85.8424998996248,118.4677162891374,0.0086108940892453,0.0125985463154123,4.03263698912334,0.7078419367041271,22.571287631423605,0.9321252672664684,2.407540925477217,1.7184461265560211,0.009828951805815,1.1414554288957055,0.0108221654216033,0.0,0.0122847781940138,0.2753933089238093,0.1501362744128903,0.6231248259996777,0.0072726759210879,22.852333668855657,0.0219637895814795,0.0116174025310928,-77.75662942847755,-167359000.0,6603732000.0,-24013112000.0,22485871000.0,555687500.0,1275595500.0,-302276000.0,36.95181675681019,407.8471895458739,-165.6768542772774,2.435604197550397,0.2206708843579685,-0.5432261518520606,0.0653722788262603,0.6849507463744307,2014-01-31,2.43,bmo,1179993495.0,2025-04-25,2013-12-31,0.0164609053497942,143.98328125,1397431.40625
2013-09-30,SPG,USD,1063761,2013-11-06,2013-11-06 06:01:43,2013,Q3,1302256000.0,267598000.0,1034658000.0,0.7945119854,0,14546000.0,30725000.0,45271000.0,388822000.0,434093000.0,701691000.0,0.0,284491000.0,326073000.0,926638000.0,0.711563625,600565000.0,0.4611727648,-264153000.0,375061000.0,0.2880086557,7768000.0,312509000.0,0.2399750894,1.0,1.0,310333000,310333000,https://www.sec.gov/Archives/edgar/data/1063761/000104746913010290/0001047469-13-010290-index.htm,https://www.sec.gov/Archives/edgar/data/1063761/000104746913010290/a2217122z10-q.htm,4.19631814856944,1.0070118227839129,2.242571689121041,1.4876181392246393,3.542391560033899,22.505776053465148,22.505776053465148,18.782465931757176,74.15951574598898,43248006880.00001,64878339880.00001,34.597409098617966,33.21006536349228,62.14294092628143,93.67995477161617,7.41968602559112,7.41968602559112,49.81995850278287,70.01476291712622,93.2235063166002,140.533642682771,0.0072259746181394,0.0106746422160206,3.899529904771447,0.7078373297166748,23.342808086868875,0.750737621483482,2.111015814208534,1.894787282122768,0.0096727232115164,1.3386046481861322,0.011169846788957,0.0,0.0,0.3366463393606382,0.1799085586858498,0.6924172703118858,0.0071414529862024,20.629316959659608,0.019642678992963,0.0097320239046502,-76.31877128761685,-540937000.0,6984285000.0,-23497910000.0,24419663000.0,510640500.0,1300650000.0,-56000000.0,36.62134787630082,446.6700423769984,-36.22224381348142,2.4575829459909837,0.2014910145329115,-2.484661095636026,0.0536144628954853,0.7549535498964016,2013-10-25,2.16,bmo,1089555000.0,2025-04-25,2013-09-30,0.023148148148148,145.11671875,1361474.25
2013-06-30,SPG,USD,1063761,2013-08-07,2013-08-07 06:05:30,2013,Q2,1236563000.0,253995000.0,982568000.0,0.794595989,0,15421000.0,29360000.0,44781000.0,372897000.0,417678000.0,671673000.0,0.0,279966000.0,318638000.0,965697000.0,0.7809525273,564890000.0,0.4568226609,-196802000.0,409508000.0,0.3311663053,8983000.0,340770000.0,0.2755783571,1.1,1.1,310261000,310261000,https://www.sec.gov/Archives/edgar/data/1063761/000104746913008154/0001047469-13-008154-index.htm,https://www.sec.gov/Archives/edgar/data/1063761/000104746913008154/a2216092z10-q.htm,3.985557321094176,1.0983333387051546,2.199554568572911,1.573036894743458,3.531958576811137,22.517380528007067,22.517380528007067,18.805937581584537,74.02666786995465,45986885420.0,67578678420.0,33.737480866860345,37.18927820094892,67.38637091243721,94.22538053322188,7.881553331600039,7.881553331600039,54.65041281358087,69.97917402663569,99.02566456048626,138.46614381254457,0.0074101561105461,0.0106128518063922,3.888362978424607,0.7086529724986028,22.35876574122111,0.7524224025302966,2.017709293271326,1.7038536920292116,0.0090923313501495,1.227009419843296,0.0124708567214124,0.0,0.0,0.2848384317357232,0.1571970049241324,0.5865894139658399,0.0,21.55786943920725,0.0184747138045797,0.0106440275423466,-75.95750674432172,-522259000.0,6986265000.0,-23441655000.0,24568898000.0,472749000.0,1252254500.0,-7750000.0,35.764388874646905,451.1466367448178,-1.523652040394496,2.5164696736591043,0.1994916789126075,-59.0686046511628,0.0584035405807516,0.6265176738294532,2013-07-29,2.07,bmo,867999999.0,2025-04-25,2013-06-30,0.0193236714975845,160.27609375,1555354.484375
2013-03-31,SPG,USD,1063761,2013-05-08,2013-05-08 06:05:42,2013,Q1,1215058000.0,249340000.0,965718000.0,0.794791689,0,14509000.0,21259000.0,35768000.0,372261000.0,408029000.0,657369000.0,0.0,285026000.0,316633000.0,954661000.0,0.7856917118,557689000.0,0.458981382,-210028000.0,347661000.0,0.286127082,13193000.0,283972000.0,0.2337106541,0.91,0.91,309987000,309987000,https://www.sec.gov/Archives/edgar/data/1063761/000104746913005687/0001047469-13-005687-index.htm,https://www.sec.gov/Archives/edgar/data/1063761/000104746913005687/a2214752z10-q.htm,3.919706310264624,0.9160771258149536,1.7759228612812796,1.1310377531961018,2.6774219564046238,22.61607744840913,22.61607744840913,18.85732627497282,73.73741802075571,46432952730.0,68175601730.0,40.878108343428224,38.21459776405735,84.34487964861864,132.43589754340329,7.943331828478738,7.943331828478738,56.1089279112602,71.413414531441,123.84013044196958,194.45020130801723,0.0061157428787966,0.0075508228399499,3.861519904282352,0.7079134393353498,22.77525634754117,0.6243932705670459,1.9566250096482427,1.6459362330626548,0.0089940220349195,1.470634428746496,0.0119409937632606,0.0,0.0,0.3631267563163812,0.1645238334301737,0.6208762198189915,0.0160486166092482,19.71502518961028,0.0179863555483204,0.0089058177439759,-76.48864145915796,-772442000.0,7010690000.0,-23591357000.0,24316481000.0,487705500.0,1302735000.0,-235388500.0,33.636172100426485,444.440603192428,-4.042672655811342,2.675690911893594,0.2025017501855765,-22.2625,0.0485793750639377,0.6448851080851777,2013-04-26,2.01,bmo,897600000.0,2025-04-25,2013-03-31,0.0199004975124378,150.63816666666668,1170920.4833333334
2012-12-31,SPG,USD,1063761,2013-02-28,2013-02-28 06:24:20,2012,Q4,1344431000.0,262019000.0,1082412000.0,0.8051078858,0,14358000.0,41028000.0,55386000.0,194615000.0,474240000.0,736259000.0,0.0,291492000.0,350353000.0,1037077000.0,0.7713873006,614598000.0,0.4571435797,-231669000.0,376504000.0,0.280047098,6008000.0,316217000.0,0.2352050793,1.01,1.01,309417000,309418000,https://www.sec.gov/Archives/edgar/data/1063761/000104746913001862/0001047469-13-001862-index.htm,https://www.sec.gov/Archives/edgar/data/1063761/000104746913001862/a2212760z10-k.htm,4.345045682687118,1.021976814460744,2.216836825384513,1.5292340110595086,4.699825801426554,22.852962183719704,21.21397014385117,19.10238610031123,75.6406370690686,45988648710.0,67917137710.0,36.35845693779904,34.20677499254332,67.04598114668178,97.19244989654902,7.780703374934842,7.780703374934842,50.51738446227437,65.48900198345927,99.01511051467575,143.53613748517978,0.0068759793746938,0.0102888650411054,3.910431304555559,0.709279358519264,21.144513859626624,0.812714277274555,2.1084558066773704,1.851374913629297,0.0126200272519379,1.835378869573742,0.0106796109283406,0.0,0.0155625903477029,0.3101729484332881,0.1582498469612795,0.5893615960376073,-0.0024545700002454,20.958277676049462,0.0198372082164771,0.0098573000292959,-77.24241961495328,-393097000.0,6563963000.0,-23809692000.0,25298168000.0,488849000.0,687086000.0,-229788500.0,34.89735806448974,472.0095870910125,-157.85851407722342,2.578991791690405,0.1906740931993957,-0.5701307941868283,0.0534999559266626,0.6876028143250048,2013-02-04,1.08,bmo,1437576237.0,2025-04-25,2012-12-31,1.1203703703703702,144.10435483870967,1253385.6451612904
2012-09-30,SPG,USD,1063761,2012-11-07,2012-11-07 06:01:45,2012,Q3,1228617000.0,132378000.0,1096239000.0,0.8922544617,0,67778000.0,28114000.0,95892000.0,439395000.0,535287000.0,667665000.0,0.0,288896000.0,320121000.0,919292000.0,0.748233176,560952000.0,0.4565719016,-258679000.0,306274000.0,0.249283544,-97000.0,255755000.0,0.208164953,0.84,0.84,304107489,304108559,https://www.sec.gov/Archives/edgar/data/1063761/000104746912010136/0001047469-12-010136-index.htm,https://www.sec.gov/Archives/edgar/data/1063761/000104746912010136/a2211486z10-q.htm,4.040074790792146,0.8410019787444301,2.0649113314009835,1.256509667869442,1.4886578475546848,22.42970412346537,22.42970412346537,19.20925071332261,77.56139145918895,43225838486.46,66071230486.46,42.25317050151512,35.18251699794159,68.83588551163697,113.12288606661886,7.399559832982891,7.399559832982891,53.776913787176966,71.87186496397227,105.2165051420245,172.90973501745552,0.005916715764348,0.0088399441949447,3.988256112071927,0.7285671635826119,24.851072346980068,0.7547993337971735,1.941709127159947,2.0496554830581224,0.0073988154122257,1.2504936364880452,0.0551660932577035,0.0,0.0,0.3914946134675255,0.2000957173797855,0.7679627390892819,0.0,19.06535868669401,0.0182341608171011,0.0079978480189663,-80.10958996803923,-295329000.0,6821041000.0,-24247827000.0,24970332000.0,440157000.0,0.0,0.0,33.43249360866731,0.0,0.0,2.691991840437163,0.0,0.0,0.0437810923130464,0.8084016635315416,2012-10-25,1.92,bmo,1140842857.0,2025-04-25,2012-09-30,0.0364583333333333,148.74714285714285,1320160.6984126985
2012-06-30,SPG,USD,1063761,2012-08-08,2012-08-08 06:02:46,2012,Q2,1188066000.0,116018000.0,1072048000.0,0.902347176,0,76502000.0,28549000.0,105051000.0,445642000.0,550693000.0,666711000.0,0.0,288560000.0,311863000.0,834209000.0,0.7021571192,521355000.0,0.4388266308,-262400000.0,261927000.0,0.2204650247,991000.0,216279000.0,0.1820429168,0.71,0.71,303443662,303443662,https://www.sec.gov/Archives/edgar/data/1063761/000104746912007907/0001047469-12-007907-index.htm,https://www.sec.gov/Archives/edgar/data/1063761/000104746912007907/a2210411z10-q.htm,3.915277030897419,0.71274845081457,2.063763651784561,1.3401301491016149,2.1041764253425077,23.498922182134752,23.498922182134752,19.59237164755809,74.98959724523758,44408979933.7,66237038933.7,51.332977235076,37.37921961717615,70.91412811416144,109.2058111655117,7.469743971411467,7.469743971411467,55.75198594497275,79.40101213688655,105.770091361244,162.88303799716712,0.004870163654353,0.0091570218592525,3.77895273499663,0.7023744299289486,26.16617538290764,0.4997377639235597,1.8067472969226503,2.399960143483459,0.0068573743520937,1.408037766033688,0.0643920455597584,0.0,0.0,0.3506377787287859,0.1848230653852563,0.6825951934644546,0.0,17.725680019129236,0.017393549653759,0.0067615537427051,-78.76106916347457,-1063531000.0,7130599000.0,-23793568000.0,24172478000.0,420501000.0,0.0,0.0,32.11314017908096,0.0,0.0,2.802591073252547,0.0,0.0,0.0363788755968909,0.7236335026829461,2012-07-24,0.93,bmo,1556243661.0,2025-04-25,2012-06-30,1.0322580645161288,140.77714285714285,1429028.2698412698
2012-03-31,SPG,USD,1063761,2012-05-08,2012-05-08 06:02:23,2012,Q1,1118969000.0,104740000.0,1014229000.0,0.906395977,0,72388000.0,21098000.0,93486000.0,405134000.0,498620000.0,603360000.0,0.0,258079000.0,298502000.0,844464000.0,0.7546804246,515609000.0,0.4607893516,267111000.0,287883000.0,0.2572752239,891000.0,646244000.0,0.5775352132,2.18,2.18,295693410,295694520,https://www.sec.gov/Archives/edgar/data/1063761/000104746912005497/0001047469-12-005497-index.htm,https://www.sec.gov/Archives/edgar/data/1063761/000104746912005497/a2209128z10-q.htm,3.784220284111168,2.185520468650282,1.937662391596756,1.517470409638145,2.977912155702084,24.665865904823512,24.665865904823512,20.55475636065072,80.38378332476195,40498169433.600006,63128496433.600006,15.666748717821752,36.192396244757454,70.68310795212182,90.25546668330712,6.663177981627225,6.663177981627225,56.416662511293886,74.75569880255405,110.1807412699798,140.69010985723392,0.0159573632348881,0.0110796612853252,3.868252651488852,0.7252533780787609,26.798450851664487,0.9607349844669452,1.997872744392221,0.7328379991021055,0.0069265599883452,0.434066699265293,0.0646916938717694,0.0,0.0,0.2168551052964112,0.1110379286646904,0.416238417163034,0.0,31.79251353655824,0.0165454194185824,0.0199350566122304,-80.93034014522001,-53034000.0,7293534000.0,-23826297000.0,25282701000.0,777408000.0,545856000.0,0.0,33.546639808609534,0.0,0.0,2.6828320366352183,0.0,0.0,0.1063267513515345,0.4201919819586104,2012-04-27,0.84,bmo,431174311.0,2025-04-25,2012-03-31,1.5952380952380956,128.23129032258063,1637923.2258064516
2011-12-31,SPG,USD,1063761,2012-02-28,2012-02-28 06:13:04,2011,Q4,1171338000.0,105558000.0,1065780000.0,0.9098825446,0,85827000.0,34383000.0,120210000.0,473742000.0,593952000.0,699510000.0,0.0,246508000.0,293385000.0,982701000.0,0.8389559632,533082000.0,0.4551051874,-90274000.0,442808000.0,0.3780360579,877000.0,363764000.0,0.310554255,1.23,1.23,293825415,295693410,https://www.sec.gov/Archives/edgar/data/1063761/000104746912001667/0001047469-12-001667-index.htm,https://www.sec.gov/Archives/edgar/data/1063761/000104746912001667/a2207375z10-k.htm,3.986510152636048,1.2380276906951702,1.7246499932621553,1.2273274590627228,2.7181106848772765,18.869327556297332,18.869327556297332,15.824587536105412,65.98652128169375,35617516806.3,53960875806.3,24.478450868076557,30.4075482963073,70.28672511731716,98.76744719178085,7.660231252373826,7.660231252373826,46.06772409526542,54.91077734356636,106.48505524720473,149.6336193397482,0.0102130645990362,0.0101247934256947,4.116856780680591,0.7301393660774481,18.66626674848199,1.5335448406290415,2.1625342788063677,1.146663166874467,0.0091119771702499,0.8921883418919959,0.0732726164437592,0.0,0.0,0.2883614276185702,0.12475135272654,0.4980690901034477,0.0,20.99532674619244,0.0213200708929274,0.0138751588906784,-64.73466139748326,673698000.0,5544288000.0,-18736256000.0,21942614000.0,1101326500.0,545856000.0,0.0,87.41779913227438,930.8065707952026,0.0,1.0295386167732092,0.0966903359127682,0.0,0.0782344366240499,0.4973225341994327,2012-02-03,0.9,bmo,850137096.0,2025-04-25,2011-12-31,1.122222222222222,114.73873015873016,2023074.047619048
2011-09-30,SPG,USD,1063761,2011-11-03,2011-11-03 13:17:48,2011,Q3,1074360000.0,122446000.0,951914000.0,0.8860288916,0,69964000.0,25773000.0,95737000.0,349567000.0,468316000.0,590762000.0,0.0,244384000.0,260802000.0,666953000.0,0.6207909825,483598000.0,0.450126587,-148957000.0,334641000.0,0.3114793924,860000.0,274834000.0,0.2558118322,0.93,0.93,294623656,294623656,https://www.sec.gov/Archives/edgar/data/1063761/000104746911008987/0001047469-11-008987-index.htm,https://www.sec.gov/Archives/edgar/data/1063761/000104746911008987/a2206075z10-q.htm,3.6465503638988177,0.932830729654648,2.040206167287531,1.5789193791010454,1.9544153643928712,18.708647074829592,18.708647074829592,15.753398973502655,61.59500308420584,30464086030.4,47791230030.4,27.711351243295955,28.35556613276741,50.68115255110275,65.48782754118237,6.563662875162346,6.563662875162346,44.48344133288656,71.65606876406584,79.50721440841933,102.7355236289922,0.0090215737877625,0.0152700133375342,3.857296107748565,0.7000123322555187,25.97955777993352,0.8249566715722777,1.9788447688883068,1.8008604444231398,0.007758381451659,0.8599809339455817,0.0651215607431401,0.0,0.0,0.2260981245830512,0.1264994973751815,0.4948550455508706,0.0,18.183597824065195,0.0204506259830881,0.0107461100609621,-63.43241324790294,-348140000.0,5512010000.0,-18422459000.0,20173462000.0,723408500.0,0.0,0.0,89.20937116050486,0.0,0.0,1.0088626209243494,0.0,0.0,0.0592145689462748,0.4612867881864856,2011-10-25,0.68,bmo,785582795.0,2025-04-25,2011-09-30,1.514705882352941,109.23390625,2496212.375
2011-06-30,SPG,USD,1063761,2011-08-05,2011-08-05 06:02:31,2011,Q2,1040861000.0,109025000.0,931836000.0,0.895254986,0,65084000.0,24958000.0,90042000.0,374222000.0,464264000.0,573289000.0,0.0,244517000.0,261298000.0,715224000.0,0.6871465066,467572000.0,0.4492165621,-230696000.0,236876000.0,0.2275769771,703000.0,205955000.0,0.1978698404,0.7,0.7,293594135,293594135,https://www.sec.gov/Archives/edgar/data/1063761/000104746911006968/0001047469-11-006968-index.htm,https://www.sec.gov/Archives/edgar/data/1063761/000104746911006968/a2205003z10-q.htm,3.5452377139618267,0.7014956208168123,1.5182285572564316,1.1648427513717192,2.689811906494658,18.96870657855614,18.96870657855614,16.332775176179865,58.78322467170538,32081031131.45,48305211131.45,38.94179691127916,30.82162856659054,71.97203575030903,93.80665319101963,6.690228624426432,6.690228624426432,46.408897183629705,67.53857690940181,108.37009472150991,141.24702442885922,0.0064198372912676,0.0106602246853822,3.5481039713196947,0.6934816068885893,22.684054226368243,0.6296032978176301,1.9122269617245429,1.7792569115686447,0.0073563408555357,1.1458765264256756,0.0625290024316407,0.0,0.0,0.2327619278373412,0.0996790157379323,0.3840732075695205,0.0,16.05586593405051,0.0205610706136192,0.0083946692474637,-60.93032733777192,-689259000.0,5569101000.0,-17793313000.0,18709179000.0,377272500.0,0.0,0.0,33.02126796949833,0.0,0.0,2.7255161759122277,0.0,0.0,0.0429501792101988,0.3533858058847122,2011-07-26,0.61,bmo,907070000.0,2025-04-25,2011-06-30,1.7049180327868854,106.09936507936509,1677548.0476190476
2011-03-31,SPG,USD,1063761,2011-05-06,2011-05-06 07:28:50,2011,Q1,1019874000.0,99541000.0,920333000.0,0.9023987277,0,67558000.0,21888000.0,89446000.0,379997000.0,469443000.0,568984000.0,0.0,248119000.0,266310000.0,718926000.0,0.7049164897,450890000.0,0.4421036324,-229498000.0,221392000.0,0.2170777959,1142000.0,180246000.0,0.1767335965,0.61,0.61,293080000,293080000,https://www.sec.gov/Archives/edgar/data/1063761/000104746911004670/0001047469-11-004670-index.htm,https://www.sec.gov/Archives/edgar/data/1063761/000104746911004670/a2203817z10-q.htm,3.479848505527501,0.615006141667804,1.543281697829944,1.339545516582503,2.1702265593012147,18.971158045584826,18.971158045584826,16.33995837314044,59.43714685410127,29527810000.0,46063480000.0,40.95487555895832,28.952409807486024,65.28296171830955,75.21207659821597,6.165866381006971,6.165866381006971,45.1658538211583,64.07263056281175,101.84163341108322,117.33108503950646,0.0061042793217648,0.0132957371372953,3.585722444436788,0.6989103828998114,23.000517438512446,0.5773015801248464,1.817232860038933,2.0590578423606747,0.0079844052098682,1.3080012871298117,0.0662415161088526,0.0,0.0,0.1320149014492433,0.0585474284078229,0.2177016833224563,0.0,15.03683583626378,0.0196548974289477,0.0073362366074079,-61.736278490514536,-738567000.0,5560067000.0,-18000506000.0,18912807000.0,399693000.0,0.0,0.0,32.884944610804865,0.0,0.0,2.736814705487723,0.0,0.0,0.0376381706503456,0.2037361812474409,2011-04-29,0.54,bmo,902862295.0,2025-04-25,2011-03-31,1.9814814814814816,97.43048387096772,1744499.2258064516
2010-12-31,SPG,USD,1063761,2011-02-25,2011-02-25 06:03:14,2010,Q4,1119718000.0,98615000.0,1021103000.0,0.9119287178,0,46395000.0,-27913000.0,18482000.0,430514000.0,448996000.0,547611000.0,0.0,252405000.0,284634000.0,902323000.0,0.8058484368,504062000.0,0.4501687032,-371371000.0,218758000.0,0.1953688339,-218758000.0,218758000.0,0.1953688339,1.49,1.49,292951456,293080000,https://www.sec.gov/Archives/edgar/data/1063761/000104746911001321/0001047469-11-001321-index.htm,https://www.sec.gov/Archives/edgar/data/1063761/000104746911001321/a2202046z10-k.htm,3.8221963983002016,0.7467380534200179,1.6034670262912092,1.390397595429599,2.71962464661722,19.23100870336688,19.23100870336688,16.490035809892,60.50888171724943,27402679194.24,44079721194.240005,31.316202372301813,24.47283976344044,58.33609202202079,67.27572048993541,5.672516486828214,5.672516486828214,39.36680592277699,48.851377161216114,93.83895106259234,108.2191628532919,0.0079830880203123,0.0148642035004233,3.6171715540761538,0.7029592642103091,18.48234168917339,1.038063182116303,1.997036508785484,1.7588177148077702,0.014257985404658,1.7860238254143848,0.0414345397680487,0.0,0.0,0.1328804567652606,0.0557452858666199,0.2192956568786582,0.0,16.64509200737159,0.0425748968403683,0.0088005078884063,-61.80855779737104,44861000.0,5633752000.0,-18000223000.0,19842292000.0,730452000.0,0.0,0.0,34.29992194463249,0.0,0.0,2.623912676690038,0.0,0.0,0.0452841984110226,0.21306943086161,2011-02-04,0.77,bmo,1163343376.0,2025-04-25,2010-12-31,1.3376623376623378,92.63625,2104854.46875
2010-09-30,SPG,USD,1063761,2010-11-05,2010-11-05 06:35:50,2010,Q3,979275000.0,115647000.0,863628000.0,0.8819054913,0,54010000.0,69020000.0,123030000.0,326887000.0,465834000.0,581481000.0,0.0,249264000.0,243303000.0,786861000.0,0.803513824,397794000.0,0.4062127594,-117511000.0,280283000.0,0.2862148018,-249000.0,231458000.0,0.2363564882,0.79,0.79,291929114,291929114,https://www.sec.gov/Archives/edgar/data/1063761/000104746910009266/0001047469-10-009266-index.htm,https://www.sec.gov/Archives/edgar/data/1063761/000104746910009266/a2200627z10-q.htm,3.3544958451797307,0.7928568577096425,1.7412137934279484,1.5178205213201177,8.302635413061267,19.20967019411432,15.838166795518722,16.459666986143766,60.75012442917907,25453299449.66,41927191449.66,27.492352229842997,25.991983303627684,50.074264475213006,57.44420949333779,5.297191010814442,5.297191010814442,42.814522426958725,53.28411428404763,82.48334474300184,94.62326775610704,0.0090934379826774,0.0174081949916288,3.6389723657747175,0.7053922685339249,20.93621618049439,2.997649869009092,1.5958742538031967,1.8119537165100592,0.0036838838982524,0.405114534818412,0.055153046896939,0.0,0.0397058497830043,0.1282974399530995,0.0665951852135508,0.2534452070233255,0.0,17.135594431637745,0.017177062758694,0.0097234726515201,-54.742803076503016,3214762000.0,4623622000.0,-14356391000.0,24163255000.0,1019628000.0,0.0,0.0,95.0449260932833,0.0,0.0,0.9469206163795436,0.0,0.0,0.0481696779392373,0.2233932721078309,2010-11-01,0.39,bmo,707885152.0,2025-04-25,2010-09-30,1.0256410256410258,84.60796875,2518279.25
2010-06-30,SPG,USD,1063761,2010-08-06,2010-08-06 07:00:17,2010,Q2,933566000.0,101234000.0,832332000.0,0.891562032,0,52976000.0,33551000.0,86527000.0,330338000.0,416865000.0,518099000.0,0.0,261463000.0,234190000.0,649657000.0,0.6958875966,415467000.0,0.4450322741,-250849000.0,164618000.0,0.1763324714,-510000.0,151839000.0,0.162644098,0.52,0.52,292324000,293187000,https://www.sec.gov/Archives/edgar/data/1063761/000104746910007096/0001047469-10-007096-index.htm,https://www.sec.gov/Archives/edgar/data/1063761/000104746910007096/a2199605z10-q.htm,3.193600251775427,0.5194202323449323,1.1246835702850262,0.8992556204759103,12.6490093184275,18.217802848893697,15.067948577605671,15.699761223847512,59.29203554959565,22193238080.0,36971018080.0,36.540740652928434,23.77254321601258,67.50343119243732,84.42538280697217,4.835742335028611,4.835742335028611,39.60193288958681,56.90851954185055,112.45184529096151,140.64159285437128,0.0068416785082314,0.01184477898414,3.719649358513293,0.7135337929770743,22.74704959694116,4.062745312422151,1.5890087698833104,1.7756870031109575,0.0096935381499768,1.4168362541902937,0.0567458540692355,0.0,0.038486636525326,0.2004367768544766,0.0705874035686818,0.2743201108969582,0.0,13.545567780999203,0.0185392815627785,0.0066005942138872,-48.39729204581218,4425961000.0,4404723000.0,-12728058000.0,23400298000.0,996278500.0,0.0,0.0,96.8950454493844,0.0,0.0,0.928840061765736,0.0,0.0,0.0330845944049102,0.2254279498091159,2010-07-30,0.46,bmo,825876923.0,2025-04-25,2010-06-30,2.0,81.06349206349206,3259959.3492063493
2010-03-31,SPG,USD,1063761,2010-05-10,2010-05-10 07:30:53,2010,Q1,925071000.0,98768000.0,826303000.0,0.893231979,0,46172000.0,22536000.0,68708000.0,330679000.0,399387000.0,498155000.0,0.0,263959000.0,228909000.0,821450000.0,0.8879858951,426916000.0,0.4614953879,-412002000.0,14983000.0,0.0161965946,-14983000.0,14983000.0,0.0161965946,0.03,0.03,286125000,286439000,https://www.sec.gov/Archives/edgar/data/1063761/000104746910004999/0001047469-10-004999-index.htm,https://www.sec.gov/Archives/edgar/data/1063761/000104746910004999/a2198289z10-q.htm,3.2331009174311927,0.0523652249890782,1.5671087811271298,1.3476941896024466,16.585859327217126,17.969513324595894,14.640457841852337,15.50518130187855,63.42384622105723,22569540000.0,37126087000.0,376.5857972368684,24.39763001974984,50.33473167272168,58.52959863488663,5.087331677343443,5.087331677343443,40.13322977371467,45.19579645748371,82.7988353862383,96.2790987762215,0.0006638593431678,0.0170853725862379,4.030995487352415,0.7159783556861845,17.720551463874855,4.295590373625634,1.617357241086684,21.60494362532524,0.0097404732218733,14.672495494894214,0.0499118446043601,0.0,0.0381357038293527,0.1400123553432399,0.0678650611682779,0.2684558018609743,0.0,4.274163884996652,0.0365309963385231,0.000623648529121,-50.15122149410223,5287666000.0,4189001000.0,-12943616000.0,24325335000.0,1011099000.0,0.0,0.0,96.07069079022044,0.0,0.0,0.9368101682179388,0.0,0.0,0.003377272665798,0.2194145915246832,2010-04-30,-0.22,bmo,6784066666.0,2025-04-25,2010-03-31,-7.409090909090908,72.94344262295083,3611510.934426229
2009-12-31,SPG,USD,1063761,2010-02-25,2010-02-25 11:12:02,2009,Q4,1028180000.0,98905000.0,929275000.0,0.9038057539,0,64384000.0,37707000.0,102091000.0,204230000.0,306321000.0,405226000.0,0.0,263705000.0,244165000.0,621487000.0,0.6044535004,425601000.0,0.4139362757,-311984000.0,113617000.0,0.1105030248,-2316000.0,98255000.0,0.0955620611,0.34,0.34,284153440,286125000,https://www.sec.gov/Archives/edgar/data/1063761/000104746910001324/0001047469-10-001324-index.htm,https://www.sec.gov/Archives/edgar/data/1063761/000104746910001324/a2196642z10-k.htm,3.618397158943421,0.3457814904510746,1.334616959062681,1.1123743566152149,13.928101662256845,18.240011452967103,14.76467080602649,15.689188911455728,66.4922691064377,21317191068.8,35989775068.8,54.239456182382575,20.732936906767296,56.21088469660053,67.44132454497999,4.781636604886749,4.781636604886749,35.00337982532242,57.9091357804749,94.90073481631492,113.86106607020264,0.0046091907551462,0.0148277040337938,4.178943356832686,0.7179786888264519,23.60883493942753,3.1112780586665205,1.6139284427674865,3.27116524199322,0.0027305661337901,0.5924176886672434,0.0626193857106732,0.0,0.0380576490159303,0.1665216382410952,0.0614201793460289,0.2586406733151762,0.0,11.048221591272586,0.0178394283145713,0.0039363823246237,-56.4185999296718,3387818000.0,4195432000.0,-15772857000.0,22707003000.0,1011683500.0,0.0,0.0,90.57325565562452,0.0,0.0,0.993670806559012,0.0,0.0,0.022039475233713,0.2222426024474664,2010-02-05,0.46,bmo,1478037500.0,2025-04-25,2009-12-31,2.6086956521739126,68.17515625,3617142.90625
2009-09-30,SPG,USD,1063761,2009-11-05,2009-11-05 15:08:43,2009,Q3,924932000.0,113815000.0,811117000.0,0.8769477108,0,50559000.0,23226000.0,73785000.0,345155000.0,418940000.0,532755000.0,0.0,257881000.0,250151000.0,645670000.0,0.6980729394,392177000.0,0.4240063053,-253226000.0,138951000.0,0.1502283411,-238000.0,112086000.0,0.1211829626,0.38,0.38,261355000,262907000,https://www.sec.gov/Archives/edgar/data/1063761/000104746909009591/0001047469-09-009591-index.htm,https://www.sec.gov/Archives/edgar/data/1063761/000104746909009591/a2195218z10-q.htm,3.5389872013162176,0.4288649537984733,1.7357884869239155,1.4548946834764975,14.33182070364064,19.51741118402173,19.51741118402173,16.729831072678923,72.41874844560081,17061254400.0,31984682400.0,38.053937155398536,18.445955378341328,37.60826880220078,44.86922712784423,3.9020119041492993,3.9020119041492993,34.58057716675388,49.53719763966113,70.50410861069045,84.11620538391138,0.0065696224540207,0.0222869896365885,4.269740704528951,0.7186898256600439,23.11308872953676,10.68502373155247,1.5207673306680214,3.2592877310707022,0.0032729129225105,0.4981888906732331,0.0546623968032244,0.0,0.0,0.1618249029553164,0.0793712402641491,0.2896056301357434,0.0,12.705662524084133,0.0153856063696226,0.0043148827306294,-62.70574314629527,4291250000.0,5100973000.0,-16141300000.0,22859248000.0,959001500.0,0.0,0.0,96.19887732287349,0.0,0.0,0.9355618537826788,0.0,0.0,0.0256347450213554,0.2808938034474182,2009-10-30,0.35,bmo,851881578.0,2025-04-25,2009-09-30,2.9428571428571426,56.66921875,4821291.015625
2009-06-30,SPG,USD,1063761,2009-08-05,2009-08-05 12:23:20,2009,Q2,903612000.0,106836000.0,796776000.0,0.8817678384,0,52166000.0,19823000.0,71989000.0,500089000.0,572078000.0,678914000.0,0.0,244443000.0,254227000.0,484419000.0,0.5360918182,224698000.0,0.248666463,-238949000.0,-14251000.0,-0.0157711496,-143000.0,-14231000.0,-0.0157490162,-0.053,-0.053,268289545,268289545,https://www.sec.gov/Archives/edgar/data/1063761/000104746909007222/0001047469-09-007222-index.htm,https://www.sec.gov/Archives/edgar/data/1063761/000104746909007222/a2193958z10-q.htm,3.368047756016732,-0.0530434385730536,1.6877623762789564,1.3052763573027044,9.79699376656664,18.36065210815427,18.36065210815427,15.766205127374606,67.7657640367611,12971799500.75,28279771500.75,-227.8792688628698,14.355497161115611,28.64739769030651,37.04196412468018,3.0666859659240817,3.0666859659240817,31.2963655869444,58.378741339109325,62.45408439485523,80.75504723337484,-0.0010970721524933,0.0269964086308728,4.240376622848535,0.7171601336696318,31.60068453136644,2.256139104848631,0.9192245226903614,-32.095903033739724,0.0045733824359966,-4.168716182980816,0.0577305303603759,0.0,0.0,0.2266231457413611,0.1135631222250257,0.4036432007615241,0.0,,0.0094925833605648,-0.0005690051601902,-62.46569261578941,1980856000.0,4925971000.0,-16526551000.0,20704077000.0,914730000.0,0.0,0.0,92.56500577681572,0.0,0.0,0.9722896816643622,0.0,0.0,-0.0033643757736574,0.3824860189762519,2009-08-04,0.31,bmo,3501450000.0,2025-04-25,2009-06-30,3.451612903225806,46.0947619047619,10438966.07936508
2009-03-31,SPG,USD,1063761,2009-05-01,2009-05-01 16:25:01,2009,Q1,918492000.0,106147000.0,812345000.0,0.8844333974,0,52799000.0,18506000.0,71305000.0,376824000.0,448129000.0,554276000.0,0.0,226036000.0,257605000.0,620553000.0,0.6756215623,364216000.0,0.3965369323,-220491000.0,143725000.0,0.1564793161,-2523000.0,113297000.0,0.1233511016,0.45,0.45,235908551,236128461,https://www.sec.gov/Archives/edgar/data/1063761/000104746909004889/0001047469-09-004889-index.htm,https://www.sec.gov/Archives/edgar/data/1063761/000104746909004889/a2192654z10-q.htm,3.893423939516292,0.4802581318894201,1.8431633705384425,1.2620314047030876,3.8079501408153695,15.576120426427442,15.576120426427442,13.366476063006296,74.65216044669783,7683541506.07,24170260506.07,16.95442400520314,8.365387511344682,17.670707068405633,25.807598668800637,2.4366931004456966,2.4366931004456966,26.315156262732827,38.94955065251477,55.587074376106784,81.18344676972632,0.0147454139358127,0.0387482777004325,5.513346162359915,0.7465402451307758,26.56778550744255,1.1441951163648856,1.61131855102727,2.9731551884470213,0.0056462244611716,0.3829139341730143,0.0574844418895319,0.0,0.0,0.3152905353504224,0.1492598737931304,0.5321868752547505,0.0,12.018135193913873,0.017066428494568,0.0048651447506918,-76.46839706967637,226643000.0,3674540000.0,-17814525000.0,19102949000.0,917825500.0,0.0,0.0,88.19733868122967,0.0,0.0,1.020438953666002,0.0,0.0,0.0359300484006106,0.5811319658353545,2009-05-01,0.25,bmo,681980306.0,2025-04-25,2009-03-31,0.8,36.80196721311476,10676131.196721312
2008-12-31,SPG,USD,1063761,2009-02-26,2009-02-26 17:05:34,2008,Q4,1029316000.0,103687000.0,925629000.0,0.8992661146,0,74275000.0,32729000.0,107004000.0,372807000.0,479811000.0,583498000.0,0.0,244933000.0,269975000.0,669275000.0,0.6502133456,445818000.0,0.4331206355,-291451000.0,154367000.0,0.1499704658,2005000.0,152342000.0,0.1480031399,0.65,0.65,227529717,235908551,https://www.sec.gov/Archives/edgar/data/1063761/000104746909001894/0001047469-09-001894-index.htm,https://www.sec.gov/Archives/edgar/data/1063761/000104746909001894/a2190804z10-k.htm,4.523875006621663,0.6695477057179304,1.7542104181494675,0.8486276102562902,3.3997493171408464,13.3616963976622,8.587603526092375,13.3616963976622,80.37396275581884,11365109364.150002,28634097364.15,18.65065012299629,11.041419121193105,28.474349190499456,58.85973941492999,3.738297781465787,3.738297781465787,27.81856821826339,42.78375460632775,71.74038198642064,148.29558213949082,0.0134043584728314,0.0169895417468726,5.934686168562879,0.7646218924431377,25.80252960292854,1.037737682064036,1.8201630650014493,2.619993173254913,0.0235241906992415,1.7549658006327868,0.0721595700445733,0.0,0.0460339491941914,0.5162338557129793,0.2001785651830924,0.7632077044170756,0.0,14.187726959240894,0.0200470621278895,0.0067676201923162,-83.86279494207783,62152000.0,1953935000.0,-18847389000.0,20169830000.0,917491500.0,0.0,0.0,81.80193448853413,0.0,0.0,1.1002184797061854,0.0,0.0,0.0501094835409578,0.9055828078931774,2009-01-30,0.8,bmo,1286625000.0,2025-04-25,2008-12-31,-0.2,54.84609375,7326637.078125
2008-09-30,SPG,USD,1063761,2008-11-07,2008-11-07 16:15:43,2008,Q3,935594000.0,127515000.0,808079000.0,0.8637069071,0,59749000.0,22942000.0,82691000.0,341693000.0,424384000.0,551899000.0,0.0,239955000.0,235915000.0,619610000.0,0.6622637597,383695000.0,0.4101084445,-222643000.0,125065000.0,0.1336744357,972000.0,124093000.0,0.1326355235,0.5,0.5,224601000,225194000,https://www.sec.gov/Archives/edgar/data/1063761/000104746908011822/0001047469-08-011822-index.htm,https://www.sec.gov/Archives/edgar/data/1063761/000104746908011822/a2188939z10-q.htm,4.165582521894382,0.5525042185920811,2.037177038392527,1.1169852315884614,2.876728064434263,14.75100734190854,14.75100734190854,14.75100734190854,82.26957137323521,20483611200.0,38075368200.0,41.26665323587954,21.89369662481803,44.767832290100365,81.64834898515602,6.1826286087523705,6.1826286087523705,40.69646470584463,61.45053856458095,83.21539016330384,151.76967186976833,0.0060581602915798,0.0122476450832068,5.504790843354439,0.767449164765178,28.39166088345895,0.9134339313977308,1.5990289846012795,3.687170106291249,0.0131671606811205,2.173458615715633,0.0638621025786826,0.0,0.0,0.4516994789663251,0.2209035115659142,0.8744970106246589,0.0,13.54159740060096,0.0172484793629459,0.0052218298264937,-85.17547896046767,-146471000.0,3313091000.0,-18905641000.0,18912712000.0,895272500.0,0.0,0.0,86.52089474708048,0.0,0.0,1.0402111566586285,0.0,0.0,0.0374553551351291,0.920191806804066,2008-11-03,0.46,bmo,860752000.0,2025-04-25,2008-09-30,0.0869565217391303,87.25546875,3389920.609375
2008-06-30,SPG,USD,1063761,2008-08-06,2008-08-06 15:30:27,2008,Q2,922947000.0,111911000.0,811036000.0,0.8787460168,0,65784000.0,21739000.0,87523000.0,344107000.0,431630000.0,543541000.0,0.0,232335000.0,225505000.0,91572000.0,0.0992169648,379406000.0,0.4110810263,-264058000.0,88544000.0,0.0959361697,627000.0,87917000.0,0.0952568241,0.34,0.34,224982539,225571345,https://www.sec.gov/Archives/edgar/data/1063761/000104746908008808/0001047469-08-008808-index.htm,https://www.sec.gov/Archives/edgar/data/1063761/000104746908008808/a2187193z10-q.htm,4.102305023768978,0.3907725479087068,2.346871016510308,1.318471208114511,2.239636027931928,15.03380669021608,15.03380669021608,15.03380669021608,79.67777890532207,19013274370.89,36203169370.89,54.06597805569458,20.60061343813892,36.00964833834907,64.09696281563413,5.621330760824447,5.621330760824447,39.22562115797548,395.3519566121741,68.56595935813108,122.04700546092307,0.0046239799776204,0.015601363248308,5.231216576433384,0.7475265170611567,187.71999082689032,0.8270461878128109,1.633012675662298,6.005721305322065,0.0141858258992438,3.06788220708168,0.0712760321015182,0.0,0.0,0.4382003958295849,0.2506882843760259,1.026017161482007,0.0,11.497085555253156,0.0171368181027825,0.0037143171830083,-84.96303573140847,-291725000.0,3382344000.0,-18892420000.0,18799664000.0,632752500.0,0.0,1121251000.0,86.89623564516707,0.0,0.0,1.0357180530524577,0.0,0.0,0.0259929208856343,1.0283998083957973,2008-07-28,0.39,bmo,1058620588.0,2025-04-25,2008-06-30,-0.1282051282051281,93.28109375,1796219.1875
2008-03-31,SPG,USD,1063761,2008-05-09,2008-05-09 14:00:58,2008,Q1,895298000.0,197281000.0,698017000.0,0.7796476704,0,44902000.0,19373000.0,64275000.0,479065000.0,543340000.0,543340000.0,0.0,252697000.0,225010000.0,580001000.0,0.647830108,351958000.0,0.393118269,-222776000.0,99261000.0,0.1108692301,-23000.0,99284000.0,0.1108949199,0.39,0.39,223455345,224071920,https://www.sec.gov/Archives/edgar/data/1063761/000104746908006292/0001047469-08-006292-index.htm,https://www.sec.gov/Archives/edgar/data/1063761/000104746908006292/a2185616z10-q.htm,4.006608121188598,0.4443124866849795,0.991432986308741,-0.0387101950951318,10.278447356003053,19.79775869760466,19.79775869760466,15.567830789637188,79.20348918035502,19518824385.75,36535911385.75,49.148967572191886,21.801483289083635,88.1047949849012,-2256.511489682081,5.610929433928908,5.610929433928908,40.80865967057896,62.99284205673784,164.9171547738342,-4223.804784479768,0.0050865768366912,-0.0004431619358343,5.014997204427497,0.7422734636351549,29.339754586630026,1.0361369278510473,1.3928064045081658,2.2313867289794933,0.0137872033008539,2.7105072317795416,0.0501531333701181,0.0,0.0,1.0390446915017988,0.2571110401229535,1.023025643304742,0.0,12.475258964637986,0.0149192781023587,0.0042242893232282,-68.8298360014615,93161000.0,4423915000.0,-16408049000.0,19186721000.0,684805500.0,0.0,1121251000.0,37.6353236575978,0.0,1023.0340478809414,2.3913704268577702,0.0,0.0879736116177376,0.0285404236909318,1.0301431814038728,2008-04-29,0.35,bmo,803474358.0,2025-04-25,2008-03-31,0.1142857142857144,81.20934426229508,2962827.573770492
2007-12-31,SPG,USD,1063761,2008-02-26,2008-02-26 16:08:47,2007,Q4,1035581000.0,0.0,1035581000.0,1.0,0,141292000.0,32854000.0,174146000.0,332525000.0,506671000.0,506671000.0,0.0,361571000.0,228263000.0,764002000.0,0.7377520445,473849000.0,0.4575682636,-333677000.0,140172000.0,0.1353559017,-12727000.0,125005000.0,0.1207100169,0.55,0.55,223014359,225469231,https://www.sec.gov/Archives/edgar/data/1063761/000104746908001745/0001047469-08-001745-index.htm,https://www.sec.gov/Archives/edgar/data/1063761/000104746908001745/a2182898z10-k.htm,4.64356198696605,0.5605244458721154,2.3604130351086496,0.8868218211904463,10.711745246860987,20.63769355766011,20.63769355766011,15.978267121356074,78.83010349122856,18211352555.94,34928044555.94,36.42124826194952,17.585637971283752,34.59564016356197,92.08163133647496,5.110691877898053,5.110691877898053,33.72796966721097,45.71721612762794,66.35191193857973,176.6058458439431,0.006864124980065,0.0108599292332898,4.83211431384165,0.7294298291655621,21.88042963238316,1.0496287934863064,1.3105282226727255,2.923405862294936,0.0029665561541379,0.4321827126914923,0.1364374201535176,0.0,0.0,0.6242937960433582,0.3173407005342894,1.439707705585224,0.0,14.195587687531008,0.0217724367553174,0.0052955515503017,-71.1517817559003,134097000.0,4602502000.0,-16167063000.0,19237027000.0,682833500.0,0.0,1378280516.0,86.49266450427345,0.0,0.0,1.0405506699999196,0.0,0.0,0.0350804277844958,1.4735912139182032,2008-02-01,0.61,bmo,1052557737.0,2025-04-25,2007-12-31,-0.0163934426229508,90.980625,2100056.75
2007-09-30,SPG,USD,1063761,2007-11-02,2007-11-02 14:35:57,2007,Q3,907145000.0,199637000.0,707508000.0,0.7799282364,0,37863000.0,22192000.0,60055000.0,468391000.0,528446000.0,528446000.0,0.0,179227000.0,217499000.0,603361000.0,0.6651207911,378699000.0,0.4174624784,-191706000.0,179227000.0,0.1975726042,-179227000.0,179227000.0,0.1975726042,0.74,0.74,223103314,223848882,https://www.sec.gov/Archives/edgar/data/1063761/000104746907008330/0001047469-07-008330-index.htm,https://www.sec.gov/Archives/edgar/data/1063761/000104746907008330/a2180623z10-q.htm,4.066031040668451,0.803336341297019,1.4337124548495053,0.1956089276199635,10.696873825908296,21.723868252355945,16.65331605069748,16.929537855273633,78.19551259556818,21364373348.64,38240856348.64,29.80071829110569,23.55122207435415,66.79163571195438,489.5482080758919,5.656385946186375,5.656385946186375,42.15517513588235,63.37972846876082,119.55273879887204,876.2598553800325,0.0083890595373539,0.0020426997454047,4.571428760541335,0.7298243251457011,27.970788632344483,1.0542833652007648,2.1129573111194184,1.784697618104415,0.0025277596079567,0.3013162079374201,0.041738641562264,0.0,0.0478163622965339,0.8635647427360207,0.3044992807103605,1.270005839107306,0.0,17.49292835723511,0.0318230215168982,0.0079560586314027,-66.19838123067952,141951000.0,3715410000.0,-16054748000.0,20271868000.0,347609500.0,0.0,2657474928.5,36.75252578143517,0.0,1242.7079793825794,2.4488112881064024,0.0,0.0724224850030456,0.0474517584688099,1.2381035272295418,2007-10-29,0.43,bmo,626562940.0,2025-04-25,2007-09-30,0.7209302325581396,87.66539682539683,2026851.2857142857
2007-06-30,SPG,USD,1063761,2007-08-08,2007-08-08 17:09:05,2007,Q2,855932000.0,191185000.0,664747000.0,0.7766352935,0,35389000.0,20410000.0,55799000.0,466582000.0,522381000.0,522381000.0,0.0,259859000.0,221942000.0,564161000.0,0.6591189487,333551000.0,0.3896933401,-259876000.0,73675000.0,0.086075763,-528000.0,74220000.0,0.0867124959,0.27,0.27,223399287,224236142,https://www.sec.gov/Archives/edgar/data/1063761/000110465907060296/0001104659-07-060296-index.htm,https://www.sec.gov/Archives/edgar/data/1063761/000110465907060296/a07-21209_110q.htm,3.8313998737158017,0.3322302456587518,1.340438476869445,0.4141284479569534,10.000005058207728,21.98340051103207,17.00033626338297,17.13018896071947,74.74824214635922,19540735633.89,35598405633.89,65.82031674040016,22.82977576944197,65.25476663746898,211.2146616140992,5.106190025140637,5.106190025140637,41.59022636598469,63.09972797462072,118.87810652720128,384.7810717485624,0.0037982193398736,0.004734519812015,4.295634920634921,0.718347145372346,28.46292104558805,0.977375859434683,1.2835845593187074,4.034667205604959,0.0030400083759883,0.8003772568040959,0.0413455741811265,0.0,0.0486453507373167,0.6910500145264866,0.2417680376478505,0.9323922466229916,0.0,11.31597344237406,0.0147181136592205,0.0034091143973304,-63.636803762493656,-59230000.0,3797863000.0,-15414417000.0,19714406000.0,332058500.0,0.0,2555798936.0,34.1497221741914,0.0,1204.3570063027955,2.6354533586225584,0.0,0.0747286722533272,0.0193944297065593,0.9263100289124916,2007-07-30,0.41,bmo,1299699999.0,2025-04-25,2007-06-30,-0.3414634146341462,100.7452380952381,1643275.396825397
2007-03-31,SPG,USD,1063761,2007-05-08,2007-05-08 16:32:03,2007,Q1,852141000.0,188409000.0,663732000.0,0.7788992667,0,37698000.0,18884000.0,56582000.0,446593000.0,503175000.0,503175000.0,0.0,234894000.0,207580000.0,564237000.0,0.6621404204,348966000.0,0.4095167349,-234732000.0,114234000.0,0.1340552796,1285000.0,112787000.0,0.1323572038,0.44,0.44,223593182,223593182,https://www.sec.gov/Archives/edgar/data/1063761/000110465907037022/0001104659-07-037022-index.htm,https://www.sec.gov/Archives/edgar/data/1063761/000110465907037022/a07-13398_110q.htm,3.81112246973613,0.5044295134187052,1.3865360170061,0.4666600254385216,9.902842207415787,22.686532543733826,17.843768599348437,17.67190289371167,77.76315827018375,23385610905.38,40198075905.380005,51.83578538612606,27.443358441126527,75.43258791490872,224.1246181344042,5.918434513196486,5.918434513196486,47.1730334596974,71.24324690755836,129.66284725301594,385.2530707230071,0.00482292296987,0.0044618034748878,4.340936958487512,0.7224020461943623,29.79681410471132,0.9672534090909092,1.4856318169046463,2.748721040545453,0.0020940226961842,0.4341812442923387,0.0442391576041993,0.0,0.0456042662461742,0.663434617121476,0.2413661588868509,0.9908372675594952,0.0,14.16227951291019,0.0145850492430894,0.0049771894446179,-66.75390364317997,-86451000.0,3989745000.0,-16117487000.0,19596859000.0,359734500.0,0.0,1276604523.5,35.83994902252092,0.0,1219.6275880133114,2.511164286072122,0.0,0.0737930175444815,0.0285441537593668,0.9198759915675784,2007-04-27,0.33,bmo,639075000.0,2025-04-25,2007-03-31,0.3333333333333332,104.94,1681681.9836065574
2006-12-31,SPG,USD,1063761,2007-02-28,2007-02-28 17:30:25,2006,Q4,927031000.0,0.0,927031000.0,1.0,0,132066000.0,32819000.0,164885000.0,372494000.0,537379000.0,537379000.0,0.0,226992000.0,212733000.0,613654000.0,0.6619562884,389652000.0,0.4203225135,-389652000.0,226992000.0,0.2448591255,-226992000.0,226992000.0,0.2448591255,2.03,2.03,218993701,223593182,https://www.sec.gov/Archives/edgar/data/1063761/000104746907001496/0001047469-07-001496-index.htm,https://www.sec.gov/Archives/edgar/data/1063761/000104746907001496/a2176251z10-k.htm,4.233140020771648,1.0365229637358382,1.7227344817557104,0.6541466688121774,11.213085074077084,23.63053355584871,23.63053355584871,18.172403963345047,71.33301519024056,20854770146.23,35319899146.23,22.96861799780389,22.49630287037866,55.27839664702546,145.57897263762268,5.24036336590829,5.24036336590829,38.10001946669529,57.556699942035735,93.62018285735869,246.5543659948762,0.0108844162946113,0.0068691238980591,3.868310013815313,0.6970735297746764,23.572125334471867,1.0460062707488011,1.716589130894481,1.6620321421019244,0.0024319136410701,0.2234307817015577,0.1424612553409756,0.0,0.0,0.620285844545522,0.2524338452543658,1.1000361956066995,0.0,20.5867084625385,0.0350892770547383,0.0102783609557039,-64.69969654515315,124723000.0,5174938000.0,-14073794000.0,18382556000.0,346538000.0,0.0,1064049524.0,36.904396940339645,0.0,0.0,2.4387337949322334,0.0,0.0,0.0570382964095765,1.068587812943533,2007-02-02,0.68,bmo,899765382.0,2025-04-25,2006-12-31,0.3529411764705882,91.7226984126984,1068765.2222222222
2006-09-30,SPG,USD,1063761,2006-11-07,2006-11-07 14:18:47,2006,Q3,818736000.0,191612000.0,627124000.0,0.7659660745,0,36797000.0,17718000.0,54515000.0,442897000.0,497412000.0,497412000.0,0.0,205793000.0,198792000.0,523257000.0,0.6391034473,321324000.0,0.3924635047,-210865000.0,147330000.0,0.1799481151,2536000.0,112995000.0,0.1380115202,0.43,0.43,219981395,219981395,https://www.sec.gov/Archives/edgar/data/1063761/000110465906072118/0001104659-06-072118-index.htm,https://www.sec.gov/Archives/edgar/data/1063761/000110465906072118/a06-23128_110q.htm,3.721842022140099,0.5136570754085817,1.4155424371229213,0.2459708013034466,8.2528524741831,24.14670113352086,19.436216412756178,18.6560868022498,65.67707237241586,18742414854.0,32661403854.0,41.46735442718704,22.8918904921733,60.18894083682035,346.3825769095714,4.56687412012499,4.56687412012499,39.89247309755525,62.41943032582459,104.8880477531608,603.6223891404387,0.0060288389132462,0.0028869812359559,3.470265292914801,0.6780708447468431,26.60067423847173,0.8007607223476298,1.5613942165185404,2.7558122040798265,0.0027356133347489,0.4537545909111022,0.044943669265795,0.0,0.0493352621438839,0.8262356571920371,0.3142453733560024,1.2942371926435672,0.0,14.683790286291076,0.0154240702368292,0.005658974411239,-57.17555557823424,-529578000.0,4275606000.0,-13563371000.0,18385864000.0,310458500.0,0.0,1383011381.5,34.40097907017647,0.0,999.5663858213474,2.6162046090724336,0.0,0.0900390422053325,0.0275329484073068,1.1695716358194743,2006-10-30,0.32,bmo,609265116.0,2025-04-25,2006-09-30,0.3437499999999999,80.65952380952382,1099199.4444444445
2006-06-30,SPG,USD,1063761,2006-08-07,2006-08-07 15:04:24,2006,Q2,798738000.0,177661000.0,621077000.0,0.7775728712,0,37657000.0,20541000.0,58198000.0,430491000.0,488689000.0,488689000.0,0.0,212006000.0,201446000.0,510149000.0,0.6386937895,310049000.0,0.3881735938,-200743000.0,109306000.0,0.1368483783,-3220000.0,101263000.0,0.1267787435,0.37,0.37,223967568,223967568,https://www.sec.gov/Archives/edgar/data/1063761/000110465906051979/0001104659-06-051979-index.htm,https://www.sec.gov/Archives/edgar/data/1063761/000110465906051979/a06-17320_110q.htm,3.5663109937417365,0.4521324266020516,1.4773924767535986,0.8517706456499095,1.4747001226534728,24.12934179827322,19.76789335855984,18.62015575397952,64.05212204652774,17464990952.64,31268297952.64,43.11789832574584,21.86573188284519,52.78218295205628,91.55046654666114,4.187934893258561,4.187934893258561,39.14712703369565,61.29248112343649,94.49813215541212,163.90659883230504,0.0057980562529116,0.0109229372358285,3.38909783946569,0.6757354117809221,27.057402837210304,0.244354517611026,1.4624538928143542,3.267610084631109,0.0029434884987575,0.5076681512497161,0.0471456222190505,0.0,0.0467024866815226,0.4234635284446701,0.1754254837005376,0.6955660574049621,0.0,13.763083397516182,0.0168504152496796,0.0050786286443823,-65.32844698523493,-1973746000.0,4427367000.0,-14873423000.0,16834812000.0,315538000.0,0.0,1413499339.0,34.701253727755535,0.0,323.1611572038883,2.5935662355626703,0.0,0.2784988170568325,0.0242818820946447,0.6256218311036891,2006-07-31,0.28,bmo,604421621.0,2025-04-25,2006-06-30,0.3214285714285713,75.95555555555555,1111668.380952381
2006-03-31,SPG,USD,1063761,2006-05-10,2006-05-10 11:53:19,2006,Q1,787649000.0,187752000.0,599897000.0,0.761629863,0,34829000.0,17402000.0,52231000.0,436214000.0,488445000.0,488445000.0,0.0,204072000.0,199747000.0,508651000.0,0.6457838453,299204000.0,0.3798697135,-178253000.0,95132000.0,0.1207796874,-1639000.0,122590000.0,0.1556403931,0.47,0.47,221312766,221312766,https://www.sec.gov/Archives/edgar/data/1063761/000110465906033050/0001104659-06-033050-index.htm,https://www.sec.gov/Archives/edgar/data/1063761/000110465906033050/a06-11160_110q.htm,3.558985838168956,0.5539219549585314,1.1468746452701242,0.5310357921241651,8.432712824166682,24.854029432716956,20.275518132559963,19.181663474397133,64.81023783327528,17508052918.26,31348276918.26,35.704488372338695,22.22824242557281,68.97876792922487,148.9730093023612,4.124251272867583,4.124251272867583,39.79980539334145,61.63022763792856,123.50691014136112,266.7370935397575,0.0070019208059478,0.0067126253586672,3.330688195249776,0.6727545891850142,27.20966635276447,0.8315131029244208,1.4661688031675095,2.0704625173342035,0.0029275100000722,0.4181009870299372,0.0442189350840285,0.0,0.0482126179291236,0.5369713731886627,0.173037736352106,0.682328145103556,0.0,15.461751257526783,0.0147938486894122,0.0061283711540334,-55.63763216668667,-443626000.0,4487231000.0,-13327079000.0,18418799000.0,340093000.0,0.0,1094537481.5,36.91952887644115,0.0,1049.345661670715,2.4377342490258647,0.0,0.0857677343962204,0.0288776807964482,0.6158388531459591,2006-04-28,0.21,bmo,696225452.0,2025-04-25,2006-03-31,1.238095238095238,77.74032258064516,1213729.3709677418
2005-12-31,SPG,USD,1063761,2006-03-08,2006-03-08 17:23:42,2005,Q4,876479000.0,0.0,876479000.0,1.0,0,121832000.0,34516000.0,156348000.0,374566000.0,530914000.0,530914000.0,0.0,269460000.0,213398000.0,573486000.0,0.6543066063,345565000.0,0.3942650081,-269460000.0,76105000.0,0.0868303747,-27445000.0,134184000.0,0.1530943696,0.47,0.47,221312766,221312766,https://www.sec.gov/Archives/edgar/data/1063761/000104746906003063/0001047469-06-003063-index.htm,https://www.sec.gov/Archives/edgar/data/1063761/000104746906003063/a2167962z10-k.htm,3.960363497512837,0.606309353162212,2.005487564147113,0.6228922194212692,1.5229487484693949,23.37353191817231,23.37353191817231,19.46248324418845,64.95593209476222,15943371662.64,29712440662.64,29.704308379985697,18.19024946706082,35.92143939852199,115.65403733399104,3.701480386451269,3.701480386451269,33.8997747380599,51.81022843215004,66.94403537905552,215.5355714207785,0.0084162875230734,0.008646477226836,3.274935597646412,0.6675543497884794,24.00942481595017,0.2553815305371597,1.2824352408520745,-37.22553048729347,0.004353094280718,0.5172226196864007,0.1390016189777507,0.0,0.0,0.6894060922855083,0.3491081931227103,1.433874731721947,0.0,16.294367941134492,0.0246076638448347,0.0063500900263351,-69.37385957211343,-2023873000.0,5172861000.0,-15264051000.0,15912143000.0,331988000.0,0.0,364632604.5,36.66614944567981,0.0,0.0,2.4545800789181107,0.0,0.0,0.0311527231933909,1.382595344725844,2006-02-06,0.59,bmo,1099312644.0,2025-04-25,2005-12-31,-0.2542372881355931,69.45301587301587,1169360.0476190476
2005-09-30,SPG,USD,1063761,2005-11-02,2005-11-02 16:49:34,2005,Q3,786769000.0,191770000.0,594999000.0,0.7562562836,0,32061000.0,21003000.0,53064000.0,434107000.0,487171000.0,487171000.0,0.0,202919000.0,193730000.0,495723000.0,0.6300743929,299598000.0,0.3807953796,-186477000.0,112501000.0,0.1429911448,3796000.0,92883000.0,0.1180562529,0.34,0.34,218700000,218700000,https://www.sec.gov/Archives/edgar/data/1063761/000110465905051939/0001104659-05-051939-index.htm,https://www.sec.gov/Archives/edgar/data/1063761/000110465905051939/a05-19419_110q.htm,3.59748056698674,0.4247050754458162,1.5120941929583904,0.9065340649291268,1.9332007315957933,19.793593964334704,14.769483310470966,13.906662094192958,66.45230452674897,15239016000.000002,29146425000.0,41.01669842705339,19.369110882609764,46.08178533089403,76.86418271049487,5.010548147933822,5.010548147933822,37.04572117101716,58.79578918065129,88.13687839247645,147.0118632697633,0.0060950785798768,0.0130099607481217,4.711731851290217,0.7146372216968213,28.054798748494623,0.2721700857888847,1.4764413386622248,3.5603393516574617,0.0027160546323988,0.4456143750740178,0.0407502074941946,0.0,0.0547950540812746,0.400477781641694,0.168328950428906,0.6836112114798947,0.0,11.527800068228894,0.0149309081434442,0.0049005365143864,-67.24260011659808,-1951312000.0,3230086000.0,-14993865000.0,17109754000.0,308751500.0,0.0,707535317.0,35.10653063351505,0.0,342.2530573603796,2.563625581221061,0.0,0.2629633192881411,0.0305396846899128,0.6055601280292638,2005-10-27,0.16,bmo,547664981.0,2025-04-25,2005-09-30,0.8749999999999999,71.29515625,1165472.78125
2005-06-30,SPG,USD,1063761,2005-08-04,2005-08-04 16:49:07,2005,Q2,756262000.0,172699000.0,583563000.0,0.7716413095,0,4459000.0,18687000.0,23146000.0,444268000.0,467414000.0,467414000.0,0.0,184816000.0,196372000.0,493158000.0,0.6520994047,288848000.0,0.381941708,-184816000.0,104032000.0,0.1375607924,2734000.0,173218000.0,0.2290449606,0.7,0.7,221158571,221158571,https://www.sec.gov/Archives/edgar/data/1063761/000110465905036527/0001104659-05-036527-index.htm,https://www.sec.gov/Archives/edgar/data/1063761/000110465905036527/a05-14025_110q.htm,3.419546421287014,0.7832298753639533,1.307261114469762,0.7796261262693726,1.6982158923426938,21.98250774553974,17.3877095633793,15.982568453112314,65.25650773896527,15071956613.650002,28943601613.65,21.752872989022503,19.929543747603347,52.13189564476743,87.4136944667413,4.264020529611999,4.264020529611999,38.271923769341846,58.69032158790895,100.1120728771203,167.86587256569678,0.0114927347815693,0.0114398551176723,4.030693567342126,0.6983771156622486,28.128196237311368,0.2620011454753723,1.5628949874469742,1.6690644159382977,0.0027505387032799,0.2393284762553545,0.005896104789081,0.0,0.0498115533427958,0.403618666814245,0.1542997003683908,0.5942344122379972,0.0,16.78259707835345,0.0145088151914833,0.0089359996644705,-65.95907959407099,-1932819000.0,3845441000.0,-14852667000.0,16804457000.0,315265500.0,0.0,644487948.0,36.96409445403841,0.0,357.3992220568735,2.4347952067893086,0.0,0.2518192386710852,0.0490052570499977,0.5276349882003895,2005-07-28,0.23,bmo,640677777.0,2025-04-25,2005-06-30,0.1739130434782609,63.2834375,1008399.375
2005-03-31,SPG,USD,1063761,2005-05-06,2005-05-05 17:36:17,2005,Q1,756872000.0,177021000.0,579851000.0,0.7661150102,0,3792000.0,18180000.0,21972000.0,459646000.0,481618000.0,481618000.0,0.0,195104000.0,203138000.0,478650000.0,0.6324054794,275254000.0,0.3636731178,-172543000.0,102711000.0,0.1357045841,4686000.0,75464000.0,0.0997051021,0.26,0.26,219488462,219488462,https://www.sec.gov/Archives/edgar/data/1063761/000104746905013572/0001047469-05-013572-index.htm,https://www.sec.gov/Archives/edgar/data/1063761/000104746905013572/a2157563z10-q.htm,3.448345271105868,0.3438176171647692,0.4975842420363763,-0.282743791789839,1.291771774317686,22.08618601555466,17.52384141267526,15.965768624320672,67.08280182855353,12499867910.900002,26745135910.9,41.41003627855667,16.51516757245611,114.45298140256745,-201.4190997421809,3.567006471160305,3.567006471160305,35.33640550965025,55.87618491778962,244.8874311983812,-430.9630498541711,0.0060371837956939,-0.0049647724633861,4.145988844568762,0.7058714271895523,29.76134545074689,0.2367414672420557,1.4108065442020663,1.4472331177780131,0.0033958758846551,0.5624933743241811,0.0050100941770867,0.0,0.0486514431650416,1.5682330104199096,0.226290574892452,0.8431361931297935,0.0,11.113484233304346,0.0134226283043415,0.0038538615141849,-67.93095126111913,-1945546000.0,3846281000.0,-15131664000.0,16973860000.0,340757500.0,0.0,301585235.5,38.04242989567589,0.0,306.6604662158727,2.365779479565523,0.0,0.2934841947857888,0.0215346736668243,0.7803280338262154,2005-04-28,0.12,bmo,702471821.0,2025-04-25,2005-03-31,1.1666666666666667,58.13262295081967,1128394.0819672132
2004-12-31,SPG,USD,1063761,2005-03-16,2005-03-16 16:58:23,2004,Q4,834650000.0,0.0,834650000.0,1.0,0,6144000.0,32000000.0,38144000.0,460780000.0,498924000.0,498924000.0,0.0,232048000.0,171539000.0,528911000.0,0.6336919667,335726000.0,0.4022356676,-243519000.0,92207000.0,0.1104738513,-22608000.0,126286000.0,0.1513041395,0.58,0.58,212765715,219488462,https://www.sec.gov/Archives/edgar/data/1063761/000104746905006797/0001047469-05-006797-index.htm,https://www.sec.gov/Archives/edgar/data/1063761/000104746905006797/a2153313z10-k.htm,3.9228594700983663,0.5935448763443866,2.052642738986401,1.2069895753646211,2.4443975853910485,21.82027306420116,21.82027306420116,15.343458883871396,69.64675206247398,12936155472.0,27002464472.0,25.60884712478026,15.49889830707482,29.620351776375443,50.37326025092872,3.9626006404534513,3.9626006404534513,32.3518414568981,51.052945527697474,61.82845422822234,105.14732705622144,0.0097622512556642,0.0198518022263917,4.468101080635013,0.704929954728826,26.594850551416023,0.3103393171418515,1.4467954905881542,3.458277243716643,0.0145188422021154,1.487243241531128,0.0073611693524231,0.0,0.0,0.4119826346592418,0.215570598454442,1.0488926716373537,0.0,14.314615140941063,0.0207870412393881,0.0061031390188708,-71.71311646709621,-1959326000.0,4642606000.0,-15167695000.0,16131912000.0,327727500.0,0.0,146932500.0,38.99011561732463,0.0,0.0,2.3082773306783926,0.0,0.0,0.0386839030779626,0.84565316362178,2005-03-16,,bmo,,2025-04-25,2004-12-31,,56.8190625,1200070.546875
2004-09-30,SPG,USD,1063761,2004-11-08,2004-11-08 17:03:47,2004,Q3,623453000.0,158328000.0,465125000.0,0.7460466146,0,3615000.0,11698000.0,15313000.0,359296000.0,374609000.0,374609000.0,0.0,164673000.0,149301000.0,394931000.0,0.6334575341,248844000.0,0.3991383472,-140909000.0,110259000.0,0.1768521444,2196000.0,81975000.0,0.1314854528,0.36,0.36,205947222,205947222,https://www.sec.gov/Archives/edgar/data/1063761/000104746904033451/0001047469-04-033451-index.htm,https://www.sec.gov/Archives/edgar/data/1063761/000104746904033451/a2145748z10-q.htm,3.027246466087316,0.398038872308751,1.586017994454909,0.9025613368069612,2.3742636353696485,15.4824132563439,15.4824132563439,10.5500524789793,54.34708412818504,10383858933.24,20922843933.24,31.66776130905764,16.655399738617024,31.79030766124983,55.86323936539703,4.779123146587234,4.779123146587234,33.55961705732429,52.978479616034186,64.05553562142568,112.561028261459,0.0078944639490033,0.0179008595162031,5.075566769178655,0.7272355224647918,26.6856362250621,0.3987967396841569,1.511140259787579,3.984580664836841,0.0172218248677807,2.1815065568770966,0.005798352081071,0.0,0.0,0.4309261685790911,0.2257684219981297,0.942766625809606,0.0,9.7203367899188,0.0162593388112864,0.0054058178272034,-53.991278163489866,-1180162000.0,3188560000.0,-11192820000.0,11948515000.0,289810500.0,0.0,549085965.0,42.42156184989085,0.0,167.04467939972716,2.121562622292549,0.0,0.538778010310857,0.0377286153885805,0.6834566576479483,2005-02-10,0.7,bmo,1173428571.0,2025-04-25,2004-09-30,-0.3,50.16890625,980419.96875
2004-06-30,SPG,USD,1063761,2004-08-03,2004-08-03 17:19:43,2004,Q2,601583000.0,146981000.0,454602000.0,0.7556762741,0,3460000.0,12758000.0,16218000.0,345164000.0,361382000.0,361382000.0,0.0,78545000.0,149059000.0,386035000.0,0.6416986517,240201000.0,0.3992815621,-131808000.0,78545000.0,0.1305638623,-78545000.0,78545000.0,0.1305638623,0.34,0.34,207973529,207973529,https://www.sec.gov/Archives/edgar/data/1063761/000104746904025191/0001047469-04-025191-index.htm,https://www.sec.gov/Archives/edgar/data/1063761/000104746904025191/a2140954z10-q.htm,2.8925940858559938,0.3776682560404117,1.126691464662313,0.5212201789392149,2.495846478616036,15.622969017369511,15.622969017369511,10.656389833150351,53.51606549889337,10053440391.86,20585750391.86,31.998982722834047,16.711643101384183,42.90438111598569,92.74391505405904,4.5362454599419655,4.5362454599419655,34.21930206116197,53.3261242940666,87.85240136163058,189.9054464193727,0.0078127483665786,0.010782378546529,4.986529028578493,0.7255754687108226,27.283303327418498,0.4097892057026476,3.0581322808581066,2.983283468075625,0.017753126595798,2.272327964860908,0.0057514923127814,0.0,0.0,0.5373887215028892,0.209317750002909,0.8447795839231446,0.0,9.515936826681074,0.0318043055594542,0.0051568514692184,-52.15321674423287,-1159174000.0,3249164000.0,-11177203000.0,12006948000.0,271611000.0,0.0,775520086.5,42.75060964156234,0.0,492.4964702920786,2.1052331359621497,0.0,0.1827424264515537,0.0354405443075613,0.6054712857230979,2004-07-28,0.35,bmo,608279411.0,2025-04-25,2004-06-30,-0.0285714285714284,47.16096774193549,1387937.4516129033
2004-03-31,SPG,USD,1063761,2004-05-10,2004-05-10 16:56:48,2004,Q1,584313000.0,145509000.0,438804000.0,0.750974221,0,3564000.0,12635000.0,16199000.0,339644000.0,355843000.0,355843000.0,0.0,150675000.0,141191000.0,370046000.0,0.6333009877,228470000.0,0.3910061902,-150290000.0,77795000.0,0.1331392593,2010000.0,56187000.0,0.0961590791,0.24,0.24,201462500,201462500,https://www.sec.gov/Archives/edgar/data/1063761/000104746904016678/0001047469-04-016678-index.htm,https://www.sec.gov/Archives/edgar/data/1063761/000104746904016678/a2135849z10-q.htm,2.9003561456846807,0.2788955760997704,0.422748650493268,-0.0870236396351678,2.4310082521561083,16.268337779983867,16.268337779983867,10.876649500527394,52.8974771979897,11068349750.0,21084775750.0,49.24782311744709,18.942501279280112,129.9590192325756,-631.3227099018936,5.051187867857287,5.051187867857287,36.08472813372285,56.97879655502289,247.56687664380988,-1202.6452059091946,0.0050763665107348,-0.001583975967149,4.794635632749904,0.7209652861192788,27.068056403798447,0.3985189333333333,1.5163099386095902,1.5157954687027249,0.0162039512710555,3.192037304002705,0.0060994706604165,0.0,0.0,1.2058519631786586,0.1757619631943838,0.7273834734508573,0.0,8.26151391337626,0.0153168806959924,0.003855717774113,-50.821869471986105,-1127777000.0,3277460000.0,-10547701000.0,11509789000.0,281333000.0,0.0,373366621.5,39.65672507714187,0.0,461.8682821681133,2.2694763580433923,0.0,0.1948607502933949,0.0256416809318207,0.5097722901284358,2004-05-06,0.36,bmo,859500000.0,2025-04-25,2004-03-31,-0.3333333333333333,50.005,811012.8387096775
2003-12-31,SPG,USD,1063761,2004-03-15,2004-03-15 17:17:07,2003,Q4,644221000.0,0.0,644221000.0,1.0,0,3975000.0,23494000.0,27469000.0,302810000.0,330279000.0,330279000.0,0.0,213078000.0,130367000.0,444309000.0,0.6896841301,303361000.0,0.4708958572,-213078000.0,90283000.0,0.1401429013,-14047000.0,173514000.0,0.2693392485,0.52,0.52,197580338,201462500,https://www.sec.gov/Archives/edgar/data/1063761/000104746904008046/0001047469-04-008046-index.htm,https://www.sec.gov/Archives/edgar/data/1063761/000104746904008046/a2129556z10-k.htm,3.2605521709351466,0.8781946713746385,2.1965090473729223,1.4744685779411917,2.7109124593156637,16.897567003858452,16.897567003858452,11.242803927180244,53.03901241428183,8608575326.66,18339340326.66,12.40328637265581,13.3627673215558,19.83602118648715,29.54962937279885,3.8753677714388095,3.8753677714388095,28.46746741670948,41.27609462482192,42.25781031841968,62.951265340752286,0.0201559483905127,0.0338413719977322,4.621674048790897,0.7047484148050335,21.90089554791823,0.4042418269230769,1.4237086888369517,2.5011641711907973,0.0183989793885503,0.912831241283124,0.0061702428203985,0.0,0.0,0.3287218280731911,0.221447298365002,1.0943030061288517,0.0,14.904725299501155,0.0242677253661064,0.0119110749025344,-52.96225882557201,-1239177000.0,3338627000.0,-10388001000.0,11176068000.0,290597000.0,0.0,318349966.5,42.63754208571282,0.0,0.0,2.1108158584534733,0.0,0.0,0.0781117127953768,0.7220404694317306,2004-02-05,0.64,bmo,657400000.0,2025-04-25,2003-12-31,0.0,43.42375,673267.875
2003-09-30,SPG,USD,1063761,2003-11-13,2003-11-13 17:01:01,2003,Q3,566580000.0,143704000.0,422876000.0,0.7463659148,0,4030000.0,14344000.0,18374000.0,326480000.0,344854000.0,344854000.0,0.0,131215000.0,136483000.0,356189000.0,0.6286649723,221726000.0,0.3913410286,-131215000.0,90511000.0,0.1597497264,2422000.0,58404000.0,0.1030816478,0.23,0.22,185743478,194186364,https://www.sec.gov/Archives/edgar/data/1063761/000104746903037264/0001047469-03-037264-index.htm,https://www.sec.gov/Archives/edgar/data/1063761/000104746903037264/a2121858z10-q.htm,3.050335904660943,0.3144336513392949,1.063768171714756,0.534942066714181,1.9439013627170263,18.02557503526449,17.82523421899099,13.02083941811405,54.54548988255728,7609910293.66,17249097293.66,32.57443965165057,13.431307659394966,38.51403067828006,76.58773267104124,3.146494529607994,3.146494529607994,30.444239637226868,48.426810748394814,87.29830401471749,173.59853156800386,0.0076747291027409,0.0130569213257061,4.134837769625922,0.7054663790318143,27.06200079171451,0.3625845190665908,1.6897915634645428,3.383124443531265,0.0217655653757172,2.8360043832614203,0.00711285255392,0.0,0.0026251148117369,0.4971253314978642,0.1733665148787461,0.7196940278276416,0.0,9.597878767683774,0.0154302615695917,0.0041309453954713,-53.51915792973361,-1119939000.0,3310921000.0,-10190186000.0,11260873000.0,270438000.0,0.0,626319262.5,43.841046277666,0.0,398.7571255497412,2.052870714580752,0.0,0.2257012959352706,0.0241484931379975,0.528826105000575,2003-11-13,,bmo,,2025-04-25,2003-09-30,,39.580625,616475.265625
2003-06-30,SPG,USD,1063761,2003-08-06,2003-08-05 20:29:00,2003,Q2,566317000.0,142316000.0,424001000.0,0.7486990502,0,4023000.0,12368000.0,16391000.0,320314000.0,336705000.0,336705000.0,0.0,126423000.0,124863000.0,355454000.0,0.6276590673,229612000.0,0.4054478322,-126423000.0,103189000.0,0.18221067,2064000.0,65975000.0,0.1164983569,0.27,0.26,186266667,193430769,https://www.sec.gov/Archives/edgar/data/1063761/000104746903026369/0001047469-03-026369-index.htm,https://www.sec.gov/Archives/edgar/data/1063761/000104746903026369/a2115729z10-q.htm,3.0403561148168285,0.3541964918500421,1.4085289881737133,1.1262616300532182,1.8865855370676707,18.28627233663874,18.086494241076423,13.192414078037912,52.76358437229137,6834124012.23,16184390012.23,25.89664271402046,12.067665304467283,26.04845218526311,32.5768001154992,2.7811437529905705,2.7811437529905705,28.578322763099116,45.5316018731819,61.68724896223538,77.14750822141717,0.0096537610207152,0.0306966920156232,3.948091955950152,0.6991003842298925,26.305136529621272,0.3587252619324796,1.816220149814512,3.97668813944676,0.0242250505995688,2.509389920424403,0.0071037952242295,0.0,0.0026814881120477,0.200398685785289,0.0928402290589899,0.4210775009410313,0.0,10.253579993015515,0.016395473813379,0.0047669256931117,-51.60991689404095,-1101710000.0,3368911000.0,-9854956000.0,10967862000.0,267455500.0,0.0,646250825.5,42.09546949853174,0.0,389.51680260828016,2.137997296909567,0.0,0.231055501065275,0.026848497155626,0.2822673581204951,2003-10-30,0.36,bmo,694675862.0,2025-04-25,2003-06-30,-0.1944444444444444,35.794285714285714,878557.0952380953
2003-03-31,SPG,USD,1063761,2003-05-09,2003-05-09 16:46:14,2003,Q1,547790000.0,134021000.0,413769000.0,0.7553423757,0,3055000.0,11672000.0,14727000.0,311239000.0,325966000.0,325966000.0,0.0,164721000.0,126847000.0,345418000.0,0.6305664579,221824000.0,0.4049435002,-134880000.0,57103000.0,0.1042425017,1963000.0,70822000.0,0.1292867705,0.29,0.29,190137931,190137931,https://www.sec.gov/Archives/edgar/data/1063761/000104746903017759/0001047469-03-017759-index.htm,https://www.sec.gov/Archives/edgar/data/1063761/000104746903017759/a2110386z10-q.htm,2.8810137836200607,0.3724769677860858,0.3051994922570184,-0.0126697497302629,2.140241023239072,18.226016144038088,18.03030558905156,13.122400074922451,52.4283605463236,6405746895.389999,15802704895.39,22.612136396141025,11.693800353036746,110.38681536084782,-2659.089620336239,2.567365711123473,2.567365711123473,28.848107660581608,45.74951188238597,272.319574278649,-6559.860894723952,0.0110560097294771,-0.0003760685583337,3.929314495087505,0.7000885259778435,27.204598486471465,0.397049853372434,1.346664966822688,0.819378159329022,0.0258332092576263,2.3365762051339978,0.0055769546724109,0.0,0.0026572789283822,1.0415130105118042,0.1103324266598514,0.4764716548282576,0.0,10.486911617564912,0.0153589570343652,0.0050708165137266,-50.44021290260069,-1028030000.0,3428245000.0,-9861372000.0,11172999000.0,328247500.0,0.0,-689879470.5,44.36482958798079,0.0,454.3368226621201,2.0286339615374644,0.0,0.1980909217805815,0.0283848202813071,0.3178692419872813,2003-05-09,,bmo,,2025-04-25,2003-03-31,,32.19688524590164,852130.5737704918
2002-12-31,SPG,USD,1063761,2003-03-07,2003-03-07 10:59:11,2002,Q4,624182000.0,0.0,624182000.0,1.0,0,0.0,23205000.0,23205000.0,315167000.0,338372000.0,338372000.0,0.0,113582000.0,127053000.0,413085000.0,0.6618021667,285810000.0,0.4578952934,-172228000.0,113582000.0,0.1819693615,-113582000.0,113582000.0,0.1819693615,1.19,1.19,186336879,190137931,https://www.sec.gov/Archives/edgar/data/1063761/000104746903008017/0001047469-03-008017-index.htm,https://www.sec.gov/Archives/edgar/data/1063761/000104746903008017/a2104362z10-k.htm,3.349750212355977,0.6095519073280175,1.8983306036804448,1.5792364967108845,2.131242092983644,19.419585749313747,19.21988293042088,13.925359348752428,51.839781002235206,5968370234.37,15117322234.37,13.136699112469406,9.561906998872123,16.87271960842905,20.28195274533591,2.3001201762789387,2.3001201762789387,24.219413943961857,36.59615390142464,42.73701685292978,51.37228475335576,0.0190306558641279,0.0493049171623754,3.67891612789848,0.6803284477575116,22.14786787222969,0.414381279746166,2.5163318131394057,3.1582664440496067,0.0256542395976482,1.3480481062140128,0.0,0.0,0.0026520183725606,0.1680919574024182,0.0952590750774613,0.4679858012010736,0.0,13.819738072892404,0.0414304545369217,0.0081162667973859,-57.713612880679406,-1107405000.0,3581373000.0,-9629397000.0,10957180000.0,381191000.0,283853500.0,-729329500.0,55.7240356178166,0.0,0.0,1.6151019753354758,0.0,0.0,0.0437727955209017,0.3190941069695602,2003-05-07,0.26,bmo,478579310.0,2025-04-25,2002-12-31,0.1153846153846152,31.71859375,901486.640625
2002-09-30,SPG,USD,1063761,2002-11-08,2002-11-08 15:33:35,2002,Q3,550754000.0,151669000.0,399085000.0,0.7246157086,0,0.0,14483000.0,14483000.0,306406000.0,320889000.0,320889000.0,0.0,73887000.0,129295000.0,359084000.0,0.6519861862,229865000.0,0.4173641953,-155978000.0,73887000.0,0.1341560842,-73887000.0,73887000.0,0.1341560842,0.32,0.32,185532000,186262000,https://www.sec.gov/Archives/edgar/data/1063761/000091205702041550/0000912057-02-041550-index.htm,https://www.sec.gov/Archives/edgar/data/1063761/000091205702041550/a2092690z10-q.htm,2.968512170407261,0.3982439686954272,1.4209085225190263,1.0956169286160875,1.206508850225298,20.30738632688701,20.106817152836168,13.951383049824289,51.86739214798526,6232019880.000001,15557347880.0,21.086320597669417,11.315432806661414,23.63980472187661,30.658525916014018,2.407646602493869,2.407646602493869,28.247362488515744,43.32509351572334,59.01339741449944,76.53463280727301,0.0118560276479734,0.0326173542309046,3.689178914769891,0.6872943336713243,25.96976751957759,1.056463985823673,3.111034417421197,3.450214637210763,0.0273442645051382,2.3063597114512704,0.0,0.0,0.0026783046098623,0.2289321154371377,0.1095806839351144,0.4667775242662129,0.0,11.18084158180515,0.0310698684452312,0.0053322404286403,-50.24243526723153,32055000.0,3730458000.0,-9526432000.0,12125701000.0,189974000.0,526118000.0,595713000.0,61.429313268718886,336.87589421701205,354.6517086550317,1.4650985858542869,0.26716070085449,0.253770101210883,0.0285451246857165,0.3252915939029386,2002-10-31,0.33,bmo,541100000.0,2025-04-25,2002-09-30,0.0,32.88734375,1128392.203125
2002-06-30,SPG,USD,1063761,2002-08-14,2002-08-14 09:33:32,2002,Q2,516534000.0,143084000.0,373450000.0,0.7229920973,0,0.0,11861000.0,11861000.0,283245000.0,295106000.0,295106000.0,0.0,188478000.0,120959000.0,337877000.0,0.6541234459,221428000.0,0.4286803966,-32950000.0,188478000.0,0.3648898233,-188478000.0,188478000.0,0.3648898233,0.99,0.96,174435000,189457000,https://www.sec.gov/Archives/edgar/data/1063761/000091205702031776/0000912057-02-031776-index.htm,https://www.sec.gov/Archives/edgar/data/1063761/000091205702031776/a2086190z10-q.htm,2.9611832487746157,1.0805056324705478,0.941250322469688,0.5727978903316422,1.262338406856422,19.405199644566743,19.19187089746897,13.74162295410898,56.09850087425115,5960443950.0,15337311950.0,7.906020795530513,11.539306125056628,36.30277640738914,59.65454932143,2.486605848094718,2.486605848094718,29.69274423368065,45.39318139441276,93.41368043754989,153.5020612314344,0.0316214700752282,0.0167631808701095,4.003747987083963,0.7029290272009087,27.75231223196607,1.2400743815127682,1.1748214645741148,0.9470487463011992,0.0250325313435755,0.7916308534683093,0.0,0.0,0.0027255622094632,0.3914499929957913,0.124427433624892,0.5313453318893179,0.0,18.277794520319723,0.0303277710688009,0.0138426444490649,-55.88279588385358,116323000.0,3347734000.0,-9667165000.0,11878745000.0,2414500.0,504561500.0,603242000.0,0.7025287783572813,304.76929635738446,373.477607559196,128.10863095238096,0.2953053377610009,0.2409783027908441,0.0786301324144145,0.3684524321380457,2002-08-14,,bmo,,2025-04-25,2002-06-30,,31.945625,887901.9375
2002-03-31,SPG,USD,1063761,2002-05-15,2002-05-15 15:23:55,2002,Q1,494332000.0,136506000.0,357826000.0,0.7238576503,0,0.0,11778000.0,11778000.0,280919000.0,292697000.0,292697000.0,0.0,46641000.0,113999000.0,312328000.0,0.6318182922,201635000.0,0.4078938851,-201635000.0,46641000.0,0.0943515694,-46641000.0,46641000.0,0.0943515694,0.17,0.17,173946000,174529000,https://www.sec.gov/Archives/edgar/data/1063761/000091205702020730/0000912057-02-020730-index.htm,https://www.sec.gov/Archives/edgar/data/1063761/000091205702020730/a2078999z10-q.htm,2.841870465546779,0.2681349384291677,0.5832269784875767,0.411288560817725,1.381158520460373,19.02478355351661,18.810855092959883,13.570711600151771,50.92828234049647,5355797340.0,13927680340.0,28.70756062262816,10.834413592484402,52.79248240512568,74.86228145704621,2.2688567045854584,2.2688567045854584,28.174749641941045,44.59312114187649,137.28615416461312,194.67837549970648,0.0087085072565497,0.0133578616699488,3.733050181502696,0.6876730570206153,27.445131400322737,1.17525553094393,4.323127720246135,2.181485861735297,0.0229928416223456,2.640273579039901,0.0,0.0,0.0029039165102933,0.2948053228191227,0.0605018489598083,0.2623531785366538,0.0,9.048347538932203,0.029434632008343,0.0036503285616589,-51.49832562979316,91938000.0,3272073000.0,-8888601000.0,11371591000.0,198688500.0,534512500.0,-593730000.0,0.1451049092512724,345.8709507274406,403.9741110280867,620.2409033877038,0.2602126596949259,0.2227865537495858,0.019758355075954,0.1719384176698515,2002-07-31,0.39,bmo,426140550.0,2025-04-25,2002-03-31,1.3333333333333333,28.848166666666664,563127.2
2001-12-31,SPG,USD,1063761,2002-03-29,2002-03-29 00:00:00,2001,Q4,572140000.0,0.0,572140000.0,1.0,0,0.0,24468000.0,24468000.0,346627000.0,371095000.0,371095000.0,0.0,60803000.0,134988000.0,336033000.0,0.5873265285,201045000.0,0.3513912679,-201045000.0,60803000.0,0.1062729402,-60803000.0,60803000.0,0.1062729402,0.7,0.7,170151698,173946000,https://www.sec.gov/Archives/edgar/data/1063761/000091205702012722/0000912057-02-012722-index.htm,https://www.sec.gov/Archives/edgar/data/1063761/000091205702012722/a2073964z10-k405.htm,3.3625288887801754,0.3573458314826808,1.973803399834423,-0.0680745483950445,1.5266377183024056,18.871089961147497,18.652390997590867,13.185880754478278,52.3190841151641,4691082313.86,13272700313.86,19.288038064980345,8.199186062607053,13.96795648559161,-404.99717809375807,2.090872844473168,2.090872844473168,23.198343611458736,39.49820497945142,39.52019769138237,-1145.8776063075195,0.0129614012144606,-0.0024691530067118,3.940710465323587,0.688588188207304,25.53802156335836,1.2055522187384626,3.3064980346364488,5.568292602049276,0.0341215500583043,2.632551025442824,0.0,0.0,0.0028981617638755,1.034489021754018,0.6072447303107631,2.573776928319554,0.0,10.296513450965412,0.0288798359935022,0.0047492507606432,-58.605412800523446,111909000.0,3173736000.0,-8972575000.0,11466342000.0,199616000.0,513835000.0,-644045000.0,62.383682315517184,0.0,0.0,1.4426849563770237,0.0,0.0,0.0271006418256373,2.041877948229468,2002-03-29,,bmo,,2025-04-25,2001-12-31,,26.7959375,576567.9375
2001-09-30,SPG,USD,1063761,2001-11-14,2001-11-14 00:00:00,2001,Q3,499240000.0,0.0,499240000.0,1.0,0,386000.0,14049000.0,14049000.0,270565000.0,284614000.0,284614000.0,0.0,52915000.0,111567000.0,326193000.0,0.6533791363,214626000.0,0.4299054563,-214626000.0,52915000.0,0.1059911065,-52915000.0,52915000.0,0.1059911065,0.21,0.21,172746000,173031000,https://www.sec.gov/Archives/edgar/data/1063761/000110465901503308/0001104659-01-503308-index.htm,https://www.sec.gov/Archives/edgar/data/1063761/000110465901503308/j2019_10q.htm,2.890023502714969,0.3063167888113183,1.0999502159239578,0.720109293413451,0.8846746089634492,19.602456786264227,19.385346115105413,13.83003947993007,51.20237226911187,4434389820.0,13073655820.0,20.9505330246622,8.882280706674145,23.337419847167546,35.64736663558314,1.856104607456247,1.856104607456247,26.18711605640574,40.07951065780075,68.80436930299139,105.09707562944146,0.0119328706198409,0.0280525630468816,3.680109196662821,0.6849255521123528,26.485136100406816,1.0836294256051353,4.056052159123122,3.617966831051619,0.0317279277896231,2.658867995842389,0.000773175226344,0.0,0.0029217322425013,0.3453255583857861,0.1314317762999759,0.5881308989217242,0.0,9.763114198814,0.0312790974406567,0.004134288632804,-52.32803364477325,40413000.0,3348741000.0,-8926665000.0,11519514000.0,3092000.0,477333500.0,537140500.0,0.4780866917714926,0.0,0.0,188.2503770739065,0.0,0.0,0.0221486561376661,0.3798409225105068,2002-02-07,0.32,bmo,,2025-04-25,2001-09-30,0.3437499999999999,27.12542372881356,493153.3898305085
2001-06-30,SPG,USD,1063761,2001-08-14,2001-08-14 00:00:00,2001,Q2,487640000.0,130938000.0,356702000.0,0.7314863424,0,0.0,12618000.0,12618000.0,265852000.0,278470000.0,278470000.0,0.0,45964000.0,109211000.0,318359000.0,0.6528566155,209170000.0,0.4289434829,-163206000.0,45964000.0,0.0942580592,-45964000.0,45964000.0,0.0942580592,0.21,0.21,172485000,172805000,https://www.sec.gov/Archives/edgar/data/1063761/000110465901501840/0001104659-01-501840-index.htm,https://www.sec.gov/Archives/edgar/data/1063761/000110465901501840/j1190_10q.htm,2.8271443893671915,0.2664811432878221,1.0522596167782703,0.1538220714844769,0.9952691538394643,19.942800823259997,19.723662927211063,12.044966228947445,50.8796475055802,4860627300.0,13418970300.0,26.4371426551214,9.967655032400952,26.780463253241063,183.19867706919945,2.339566542932725,2.339566542932725,27.518190263309,42.15043488640183,73.93412801172458,505.7655020352781,0.0094563925936061,0.0054585547013653,4.202018121118072,0.681614538841552,26.88267961640789,1.2184511738802108,4.550735358106344,3.9522461511660825,0.0277433326352752,2.933817770429032,0.0,0.0,0.0029511604725323,0.8538173764042777,0.3177897629398736,1.4189687851956303,0.0,8.498206773193111,0.0303652224785683,0.0035993608479844,-51.671716381134594,102984000.0,3402036000.0,-8793597000.0,11621802000.0,3406000.0,443577500.0,576900000.0,0.6518743335247313,324.03519222838287,386.420290519177,138.0634201585504,0.2777476093910417,0.2329070243156228,0.0221238597288378,0.8984375452937937,2001-08-14,,bmo,,2025-04-25,2001-06-30,,25.255396825396826,394302.28571428574
2001-03-31,SPG,USD,1063761,2001-05-15,2001-05-15 00:00:00,2001,Q1,489815000.0,0.0,489815000.0,1.0,0,13000.0,13806000.0,13806000.0,267432000.0,281238000.0,281238000.0,0.0,39467000.0,109126000.0,314992000.0,0.6430836132,208577000.0,0.4258281188,-169110000.0,39467000.0,0.0805753193,-39467000.0,39467000.0,0.0805753193,0.2,0.19,171332320,171332320,https://www.sec.gov/Archives/edgar/data/1063761/000110465901500841/0001104659-01-500841-index.htm,https://www.sec.gov/Archives/edgar/data/1063761/000110465901500841/j0735_10q.htm,2.85885932088003,0.230353502479859,0.5629760923099623,-0.3116691585101982,0.7489071530695435,20.36895315489804,20.146630828322408,12.294907347311938,51.284457013130975,4123968942.4,12742874942.4,26.122893445156716,8.419441916641997,42.75492392800863,-77.2293290585966,1.95772113770849,1.95772113770849,26.01568947949736,40.454598664093055,132.1107545658124,-238.6350857207064,0.0095701496667992,-0.0129484486294224,4.152459393832942,0.6804228924743152,27.362301264794027,1.447091480707291,5.2848455671827095,2.40245087050736,0.0310545500678453,3.244938809638432,2.654063268785153e-05,0.0,0.0029629978808392,1.5536099361366842,0.305942039341384,1.373229111302531,0.0,7.982727405321427,0.0299492758971342,0.0030791568070765,-52.17418406521315,185868000.0,3451769000.0,-8764106000.0,11710752000.0,243939500.0,433467000.0,-517913500.0,0.6026765207272133,0.0,0.0,149.33384146341464,0.0,0.0,0.0187356842937268,0.8746452508201605,2001-05-15,,bmo,,2025-04-25,2001-03-31,,23.98887096774193,387828.62903225806
2000-12-31,SPG,USD,1063761,2001-03-29,2001-03-29 00:00:00,2000,Q4,2013428000.0,0.0,2013428000.0,1.0,0,58819000.0,0.0,58819000.0,1049288000.0,1108107000.0,1108107000.0,0.0,226132000.0,430398000.0,1335719000.0,0.6634053962,905321000.0,0.4496416063,-679189000.0,226132000.0,0.1123119377,-226132000.0,226132000.0,0.1123119377,2.63,2.63,170274303,172001000,https://www.sec.gov/Archives/edgar/data/1063761/000091205701008704/0000912057-01-008704-index.htm,https://www.sec.gov/Archives/edgar/data/1063761/000091205701008704/a2042763z10-k405.htm,11.824614545625243,1.3280453715908032,4.125919105949886,4.125919105949886,1.3103034108440896,13.748228351285633,13.522803849034108,13.748228351285633,52.58993190534452,3841388275.68,12346859275.68,4.246842856915429,1.907884600631361,5.467872592913124,5.467872592913123,1.6409387030504448,1.6409387030504448,6.132257659911355,9.24360533591272,17.57464973521717,17.57464973521717,0.0588672593790249,0.1828864851928141,3.7286176243181246,0.6779703381345781,6.367709825195269,1.5684818719567737,4.003506801337272,1.968980081445504,0.0207761524822695,0.3529322190540481,0.0292133614909497,0.0,0.0029813792731691,0.0,0.0,0.0,0.0,20.26847547704841,0.1275598741141607,0.0176167483913066,-63.19665422444865,256503000.0,2302586000.0,-9825898000.0,11859301000.0,243859500.0,225603500.0,-813718500.0,21.66151955768967,0.0,0.0,4.154833171343729,0.0,0.0,0.0965975642575513,0.0,2001-03-29,,bmo,,2025-04-25,2000-12-31,,21.48222222222222,339808.0
2000-09-30,SPG,USD,1063761,2000-11-14,2000-11-14 00:00:00,2000,Q3,2852000.0,0.0,2852000.0,1.0,0,2581000.0,0.0,2581000.0,1911000.0,4492000.0,4492000.0,0.0,0.0,25000.0,-1615000.0,-0.5662692847,-1640000.0,-0.5750350631,1034000.0,-606000.0,-0.2124824684,-1034000.0,-606000.0,-0.2124824684,-0.35,-0.35,172759374,172862078,https://www.sec.gov/Archives/edgar/data/1063761/000095013100006371/0000950131-00-006371-index.htm,https://www.sec.gov/Archives/edgar/data/1063761/000095013100006371/0000950131-00-006371-0001.txt,0.0165085108493157,-0.0035077691355839,-0.0002489011102807,-0.0002489011102807,0.0418038097313318,0.0803834818248415,0.0803834818248415,0.047378036922037,0.1418041720850412,3807616602.96,3824892602.96,-1570.798928613861,1335.0689351192143,-88549.22332465118,-88549.22332465116,465.1944536298106,465.1944536298106,1341.126438625526,-2368.3545529164085,-88950.99076651163,-88950.99076651163,-0.0001591546794729,-1.1293153823988546e-05,2.9930360415394013,0.4715415856639655,-10.697213622291022,1.214277327697546,0.0,0.06656346749226,0.021266333938294,-133.62053826326735,0.9049789621318372,0.0,0.0,0.0,0.0,0.0,0.0,,0.0266664478401058,-0.0116643889669508,-0.1649924941265415,1825000.0,13887000.0,-27724000.0,1825000.0,2965000.0,0.0,0.0,98.45722300140253,0.0,0.0,0.914102564102564,0.0,0.0,-0.0740378741600488,0.0,2000-11-14,,bmo,,2025-04-25,2000-09-30,,22.90222222222222,387414.5555555556
2000-06-30,SPG,USD,1063761,2000-08-11,2000-08-11 00:00:00,2000,Q2,2591000.0,0.0,2591000.0,1.0,0,2075000.0,0.0,2075000.0,2303000.0,4378000.0,4378000.0,0.0,0.0,-101773000.0,-1761000.0,-0.6796603628,-1787000.0,-0.6896950984,286000.0,-1501000.0,-0.5793130066,-286000.0,-1501000.0,-0.5793130066,-0.86,-0.0088,173672074,173815090,https://www.sec.gov/Archives/edgar/data/1063761/000095013100004841/0000950131-00-004841-index.htm,https://www.sec.gov/Archives/edgar/data/1063761/000095013100004841/0000950131-00-004841-0001.txt,0.0149189212768887,-0.0086427251395638,-0.6352892405718608,-0.6352892405718608,0.0383308602625428,0.0860357088843195,0.0860357088843195,0.0500080398648316,0.1285526192311148,3622799463.64,3638468463.64,-603.3976455096603,1398.2244166885373,-32.835437258818835,-32.835437258818835,417.1329261531376,417.1329261531376,1404.2718887070628,-2066.13768520159,-32.977454080774386,-32.977454080774386,-0.0004143204764891,-0.0304549012738188,2.5706390328151985,0.4563777596075224,-8.89778534923339,1.4972323264273288,0.0,1.4965141198491712,0.0224693192713326,-54.23173737810794,0.8008490930142802,0.0,0.0,0.0,0.0,0.0,0.0,,-0.033957923395812,-0.0306827473426001,-0.1451787810169181,3144000.0,14942000.0,-24511000.0,3144000.0,123311500.0,0.0,-999002000.0,97.60710150521034,0.0,0.0,0.9220640569395018,0.0,0.0,-0.1728267127230857,0.0,2000-08-11,,bmo,,2025-04-25,2000-06-30,,23.38714285714286,395100.20634920633
2000-03-31,SPG,USD,1063761,2000-05-15,2000-05-15 00:00:00,2000,Q1,476192000.0,0.0,476192000.0,1.0,0,0.0,16064000.0,16064000.0,251403000.0,267467000.0,267467000.0,0.0,0.0,101822000.0,310547000.0,0.6521466131,208725000.0,0.4383210974,-158684000.0,50041000.0,0.1050857637,11928000.0,38113000.0,0.0800370439,0.16,0.16,182763000,182763000,https://www.sec.gov/Archives/edgar/data/1063761/000095013100003467/0000950131-00-003467-index.htm,https://www.sec.gov/Archives/edgar/data/1063761/000095013100003467/0000950131-00-003467.txt,2.605516433851491,0.2085378331500358,0.5983322663777679,-0.5702685992241318,0.6452126524515356,21.967931145800847,21.753101010598424,14.019850845083525,48.39661200571231,4006164960.000001,12733353960.0,26.278205336761737,8.412919494657618,36.63516282132178,-38.438027325759904,1.5634973754151529,1.5634973754151529,26.739957748135208,41.002984926597264,116.44265781460042,-122.17295402210624,0.0095135872787425,-0.026015903249276,3.452006197532695,0.6742059922561411,28.10263502787018,0.209822505800464,0.0,1.5277886442382922,0.0326314570930698,3.429984519717681,0.0,0.0,0.002992766610472,1.953096851480984,0.4485102647671527,2.0975525917778084,0.0,8.110644833625091,0.0125035313802236,0.0029138299007739,-53.63555670458462,-1362266000.0,3975662000.0,-8742640000.0,10354459000.0,347523500.0,0.0,-1934827000.0,46.08050954236947,0.0,0.0,1.9531034030178869,0.0,0.0,0.0148744687410969,1.1686008656018998,2000-05-15,,bmo,,2025-04-25,2000-03-31,,22.325396825396822,257238.38095238092
1999-12-31,SPG,USD,1063761,2000-03-29,2000-03-29 00:00:00,1999,Q4,476303000.0,0.0,476303000.0,1.0,0,0.0,20443000.0,20443000.0,1725515000.0,1745958000.0,1745958000.0,0.0,0.0,112604000.0,-1157051000.0,-2.4292330722,-3289000.0,-0.0069052683,1325807000.0,56152000.0,0.1178913423,26000.0,-3315000.0,-0.0069598554,-0.0195,-0.0195,169952941,169952941,https://www.sec.gov/Archives/edgar/data/1063761/000095013100002145/0000950131-00-002145-index.htm,https://www.sec.gov/Archives/edgar/data/1063761/000095013100002145/,2.802558150494142,-0.0195053994387775,1.0800401506438184,-3.232688983005007,0.927503808245366,23.141141170366684,22.90839438900913,14.468152098644763,51.59634748539009,3664185407.96,12275504407.96,-276.33374117345403,7.692971507548766,19.962220837019764,-6.669370333287829,1.4901695705852809,1.4901695705852809,25.772469222238783,-10.609302794742842,66.87607274052604,-22.343270279593376,-0.0009047031279581,-0.1499391921616422,3.566201622266822,0.6699536011181388,-7.44247142087946,0.3271714132186996,0.0,23.2202403542062,0.0616287045708537,-68.12036199095023,0.0,0.0,0.00302210431394,3.993119266055046,1.5388544686890488,6.5091915029661465,0.0,,-0.000253446108415,-0.0002540358946971,-56.461250058626526,-1252134000.0,3893349000.0,-8547122000.0,10490593000.0,225617000.0,0.0,-935825000.0,85.26307833458954,0.0,0.0,1.0555565405089156,0.0,0.0,-0.0013481610716965,4.312729133648825,2000-03-29,,bmo,,2025-04-25,1999-12-31,,21.4259375,307091.609375
1999-09-30,SPG,USD,1063761,1999-11-15,1999-11-15 00:00:00,1999,Q3,489700000.0,0.0,489700000.0,1.0,0,0.0,15900000.0,15900000.0,-256400000.0,-240500000.0,-240500000.0,0.0,74800000.0,96400000.0,826600000.0,1.6879722279,74800000.0,0.1527465795,0.0,74800000.0,0.1527465795,-74800000.0,74800000.0,0.1527465795,0.24,0.24,173479478,173479478,https://www.sec.gov/Archives/edgar/data/1063761/000095013199006338/0000950131-99-006338-index.htm,https://www.sec.gov/Archives/edgar/data/1063761/000095013199006338/0000950131-99-006338.txt,2.822812275236383,0.4311749197216284,0.9142291747038804,-0.9003946853010475,0.5706726878668611,20.69524327252126,20.4600569526731,18.738239459078844,49.66869914146272,3658682191.02,12101382191.02,12.22821587907754,7.47127259754952,23.068614066960908,-23.423061402176696,1.1255059498015811,1.1255059498015811,24.711828039656933,14.63994942054198,76.30127484880202,-77.4736375865557,0.020444519664373,-0.0426929675344261,2.627649429353678,0.6153563529742307,10.21376723929349,1.2715265866209262,1.0,1.8188073394495408,0.0225764348165403,1.10427807486631,0.0,0.0,0.0029392906799991,1.9848675914249685,0.6428425566673474,3.265560165975104,0.0,13.482871546005764,0.0104208751863358,0.0054045852269853,-58.74873568618877,474900000.0,3549400000.0,-8066800000.0,12131900000.0,0.0,0.0,0.0,0.0,0.0,0.0,0.0,0.0,0.0,0.0230104285230873,1.814623860004928,1999-11-15,,bmo,,2025-04-25,1999-09-30,,24.13828125,200534.84375
1999-06-30,SPG,USD,1063761,1999-08-13,1999-08-13 00:00:00,1999,Q2,467100000.0,0.0,467100000.0,1.0,0,0.0,14900000.0,14900000.0,-247400000.0,-232500000.0,-232500000.0,0.0,0.0,92900000.0,790827000.0,1.6930571612,63900000.0,0.1368015414,-634322000.0,63900000.0,0.1368015414,-3400000.0,67300000.0,0.1440804967,0.23,0.23,173342399,173609740,https://www.sec.gov/Archives/edgar/data/1063761/000095013199004880/0000950131-99-004880-index.htm,https://www.sec.gov/Archives/edgar/data/1063761/000095013199004880/0000950131-99-004880.txt,2.6946667560542994,0.3882489246038414,1.199937240974725,0.219796196543928,0.8364947112564192,20.945827569860736,20.70699390747442,18.987276159712085,47.73558026043011,4135949640.14,12265549640.14,15.363854532466569,8.85452716792978,19.884373269903847,108.55510866509186,1.2566310090663264,1.2566310090663264,26.258937358467136,15.50977601945811,58.96898865451923,321.93043674908137,0.0162719582818039,0.0092119110035175,2.514082581350834,0.614992419062342,10.279871577475223,1.2420916720464816,0.0,3.090638930163448,0.0247101654740023,1.5185735512630014,0.0,0.0,0.0030769688141035,0.8168269230769231,0.3637336758724042,1.828848223896663,0.0,12.878868928547195,0.0048663032003355,0.0050173706890124,-55.83746420862676,375000000.0,3589400000.0,-7900000000.0,11905800000.0,0.0,0.0,0.0,0.0,0.0,0.0,0.0,0.0,0.0,0.0204478473551484,0.9801410444307972,1999-08-13,,bmo,,2025-04-25,1999-06-30,,26.643015873015877,236676.6984126984
1999-03-31,SPG,USD,1063761,1999-05-17,1999-05-17 00:00:00,1999,Q1,459500000.0,0.0,459500000.0,1.0,0,0.0,14700000.0,14700000.0,-249200000.0,-234500000.0,-234500000.0,0.0,65600000.0,92100000.0,786100000.0,1.7107725789,65600000.0,0.1427638738,0.0,65600000.0,0.1427638738,-65600000.0,65600000.0,0.1427638738,0.21,0.21,173184480,173184480,https://www.sec.gov/Archives/edgar/data/1063761/000102234499000007/0001022344-99-000007-index.htm,https://www.sec.gov/Archives/edgar/data/1063761/0001022344-99-000007.txt,2.653240059386384,0.3787868289352487,0.4440351698951315,-0.3100739742960801,0.5254512413583481,21.095423793171307,20.76456273679951,19.13566388858863,48.12382726211956,4468159584.0,12645859584.0,17.028047195121953,9.723959921653972,58.10350564369311,-83.2059512849162,1.3482678286059144,1.3482678286059144,27.52091313166485,16.08683320697112,164.44550824447333,-235.49086748603352,0.0146816600362499,-0.0120183710967472,2.495081472540736,0.6172237731961842,10.402874952296145,332.95,1.0,1.1409495548961424,0.0235443694483764,1.603658536585366,0.0,0.0,0.0042772046638699,1.6983094928478544,0.2842219804134929,1.4180238870792616,0.0,12.770575260668872,0.0085226350012667,0.00491779928482,-55.73363155867085,1991700000.0,3596100000.0,-7745500000.0,13390600000.0,109290500.0,0.0,-871723500.0,0.0,0.0,0.0,0.0,0.0,0.0,0.0197948098974049,0.7541091441912116,1999-05-17,,bmo,,2025-04-25,1999-03-31,,24.84688524590164,457933.59016393445
1998-12-31,SPG,USD,1063761,1999-03-31,1999-03-31 00:00:00,1998,Q4,463759000.0,0.0,463759000.0,1.0,0,0.0,22754000.0,22754000.0,1226493000.0,1249247000.0,1249247000.0,0.0,18753000.0,93012000.0,-692476000.0,-1.4931807253,18753000.0,0.0404369511,804241000.0,18753000.0,0.0404369511,-18753000.0,18753000.0,0.0404369511,0.22,0.22,166778000,173184480,https://www.sec.gov/Archives/edgar/data/1063761/000095013199002004/0000950131-99-002004-index.htm,https://www.sec.gov/Archives/edgar/data/1063761/000095013199002004/,2.7806964947415125,0.1124428881507153,1.0679765916367867,-2.0715741884421206,0.7746525321085515,20.44159901186008,20.093027857391263,20.44159901186008,47.92073894638381,4467982620.0,12312159620.0,59.56357142857143,9.63427689813028,25.084819470566767,-12.932194342577128,1.3105628373033158,1.3105628373033158,26.548616026858777,-17.77990806901611,69.12477680150465,-35.63649515330267,0.0041971962728897,-0.0773263974782426,2.338774771508582,0.6005401822700911,-11.327723993322511,0.2236501607717042,1.0,2.0436812997682265,0.0222803015290153,5.308377326294459,0.0,0.0,0.0043785493710928,2.9397187210510065,1.1290519429272532,5.6294671655270285,0.0,7.191420562345662,0.0031074313226691,0.0014186542173889,-62.636461343822326,-1207224000.0,3351075000.0,-9520015000.0,9978553000.0,109290500.0,0.0,-871723500.0,42.41920911507917,0.0,0.0,2.1216802924316385,0.0,0.0,0.0055006894561172,3.139550780078907,1999-03-31,,bmo,,2025-04-25,1998-12-31,,27.18578125,319498.828125
1998-09-30,SPG,USD,1063761,1998-11-16,1998-11-16 00:00:00,1998,Q3,326100000.0,0.0,326100000.0,1.0,0,0.0,11300000.0,11300000.0,-174700000.0,-163400000.0,-163400000.0,0.0,52800000.0,64900000.0,554400000.0,1.7000919963,52800000.0,0.1619135235,0.0,52800000.0,0.1619135235,-52800000.0,52800000.0,0.1619135235,0.25,0.25,180800000,180800000,https://www.sec.gov/Archives/edgar/data/1063761/000095012398010016/0000950123-98-010016-index.htm,https://www.sec.gov/Archives/edgar/data/1063761/0000950123-98-010016.txt,1.803650442477876,0.2920353982300885,0.7527654867256637,-8.883296460176991,0.5696902654867256,20.454646017699115,20.11061946902655,18.57798672566372,43.13440265486726,5056976000.0,12699876000.0,23.94401515151515,15.507439435755902,37.15632623071272,-3.148605939854306,1.5055452677960046,1.5055452677960046,38.94472861085556,22.90742424242424,93.3128288023512,-7.907276010211071,0.010441022460854,-0.3176008745147297,2.306082348387865,0.5938604494261421,13.78589466089466,1.217385866166354,1.0,2.572778827977316,0.0223453700393278,2.140151515151515,0.0,0.0,0.0047687318393351,12.80088170462895,5.342532965348052,26.84437596302003,0.0,11.048627490064378,0.0078859524005107,0.004067451910855,-51.11780973451327,347600000.0,3636000000.0,-7398500000.0,11444300000.0,0.0,0.0,0.0,0.0,0.0,0.0,0.0,0.0,0.0,0.0157194319568906,9.636061946902656,1998-11-16,,bmo,,2025-04-25,1998-09-30,,28.8146875,284418.78125
1998-06-30,SPG,USD,1063761,1998-09-22,1998-09-22 00:00:00,1998,Q2,310600000.0,0.0,310600000.0,1.0,0,0.0,8600000.0,8600000.0,-172300000.0,-163700000.0,-163700000.0,0.0,50500000.0,60500000.0,534800000.0,1.7218287186,50500000.0,0.1625885383,0.0,50500000.0,0.1625885383,-50500000.0,50500000.0,0.1625885383,0.25,0.25,109090909,109090909,https://www.sec.gov/Archives/edgar/data/1063761/000095015798000332/0000950157-98-000332-index.htm,https://www.sec.gov/Archives/edgar/data/1063761/0000950157-98-000332.txt,2.847166669039306,0.4629166670524305,0.8772500007310416,-1.973583334977986,0.0,21.544416684620348,21.544416684620348,14.810583345675486,48.38625004032187,3333818179.04,8561818179.04,16.504050391287127,10.733477717450096,34.83613562215256,-15.484524751695307,2.063389353865197,2.063389353865197,27.565415901609786,16.009383281675394,89.46518473396029,-39.76692140752439,0.0151477966967418,-0.0645806065110597,3.235749210868354,0.659035901573215,9.775617053103964,0.0,1.0,1.6701570680628273,0.0298156632011116,1.9683168316831685,0.0,0.0,0.0,3.2497387669801463,1.0012878300064392,5.140495867768595,0.0,12.420204599295154,0.0127319483662767,0.0063659741831383,-51.17291670931076,0.0,2350300000.0,-5582500000.0,6505100000.0,0.0,0.0,0.0,0.0,0.0,0.0,0.0,0.0,0.0,0.0312558024385715,2.850833335709028,1998-09-22,,bmo,,2025-04-25,1998-06-30,,30.904444444444444,179893.25396825396
1998-03-31,SPG,USD,1063761,1998-03-31,1998-03-31 00:00:00,1998,Q1,305100000.0,0.0,305100000.0,1.0,0,0.0,8100000.0,8100000.0,-180400000.0,-172300000.0,-172300000.0,0.0,31300000.0,60400000.0,537800000.0,1.7627007539,31300000.0,0.102589315,0.0,31300000.0,0.102589315,-31300000.0,31300000.0,0.102589315,0.22,0.22,109090909,109090909,,,2.796750002330625,0.2869166669057639,1.0954166675795138,0.5344166671120139,0.0,20.85875001738229,20.85875001738229,14.27433334522861,49.142500040952086,3512727269.8,8842427269.8,28.056927075079876,11.513363716158636,29.395207278661093,60.25261183190395,2.2557971164911383,2.2557971164911383,28.982062503441497,16.441850631833393,73.99520727866108,151.67113670325898,0.0089104554939678,0.0165967909040998,3.42261751862317,0.6698295797305449,9.910189661584232,0.0,1.0,3.817891373801917,0.0277277432943279,3.1118210862619806,0.0,0.0,0.0,0.5121338912133891,0.2005899705014749,1.0132450331125828,0.0,9.59946578089546,0.0078674844158455,0.0039337422079227,-52.07858337673216,0.0,2275500000.0,-5681300000.0,6495400000.0,94179500.0,0.0,0.0,0.0,0.0,0.0,0.0,0.0,0.0,0.0201001798099152,0.5610000004675,1998-03-31,,bmo,,2025-04-25,1998-03-31,,30.497049180327867,271425.01639344264
1997-12-31,SPG,USD,1063761,1997-12-31,1997-12-31 00:00:00,1997,Q4,316500000.0,0.0,316500000.0,1.0,0,0.0,12600000.0,12600000.0,-181000000.0,-168400000.0,-168400000.0,0.0,47500000.0,75000000.0,559900000.0,1.7690363349,47500000.0,0.1500789889,0.0,47500000.0,0.1500789889,-47500000.0,47500000.0,0.1500789889,0.6,0.6,158823529,158823529,,,1.9927777829442388,0.2990740748494513,0.683777779550535,-6.027444460071152,0.0,9.802703729118122,9.802703729118122,9.802703729118122,32.27166675033395,4880647046.17,9958647046.17,25.687616032473684,15.420685769889417,44.94150134594844,-5.098346439120443,3.1348494098336435,3.1348494098336435,31.4649195771564,17.786474452884445,91.70024904392264,-10.40284868502037,0.0097323161356801,-0.1961420260355077,3.2616096088380755,0.662690696490793,9.069476692266475,0.0,1.0,2.176352705410822,0.0071302021372983,0.7326315789473684,0.0,0.0,0.0,9.814917127071825,3.367772511848341,14.212,0.0,8.121824139207186,0.0123977188197371,0.0061988594098685,-37.554452967733766,0.0,1556900000.0,-6105800000.0,6405600000.0,94179500.0,0.0,0.0,53.5618009478673,0.0,0.0,1.6803019765447895,0.0,0.0,0.0305093454942513,6.711222239621687,1997-12-31,,bmo,,2025-04-25,1997-12-31,,30.3303125,226493.90625
1997-09-30,SPG,USD,1063761,1997-09-30,1997-09-30 00:00:00,1997,Q3,266900000.0,0.0,266900000.0,1.0,0,0.0,8400000.0,8400000.0,-134800000.0,-126400000.0,-126400000.0,0.0,88900000.0,42500000.0,435800000.0,1.6328212814,88900000.0,0.3330835519,-393300000.0,88900000.0,0.3330835519,-88900000.0,88900000.0,0.3330835519,0.5,0.5,158823529,158823529,,,1.6804814858382853,0.5597407421919205,0.5679259273983265,0.0805925928015363,0.0,9.720222247422798,9.720222247422798,9.720222247422798,30.28392600443981,4928294104.87,9649194104.87,13.859094783098987,18.464946065455223,54.637406927605326,385.0229769429688,3.1923138391436714,3.1923138391436714,36.1528441546272,22.141335715626436,106.97554439988912,753.8432894429686,0.0180386961711866,0.0025972475927017,3.057973830807099,0.6367204359085024,10.832721431849471,0.0,1.0,1.4619124797406806,0.0183227701266383,1.015748031496063,0.0,0.0,0.0,0.8580931263858093,0.2899962532783814,1.8211764705882352,0.0,11.064271297219,0.0239803625377643,0.0119901812688821,-36.963037132867136,0.0,1543800000.0,-5870600000.0,5125200000.0,0.0,0.0,0.0,0.0,0.0,0.0,0.0,0.0,0.0,0.0575851794273869,0.4873333345967901,1997-09-30,,bmo,,2025-04-25,1997-09-30,,29.81375,202027.96875
1997-06-30,SPG,USD,1063761,1997-06-30,1997-06-30 00:00:00,1997,Q2,246900000.0,0.0,246900000.0,1.0,0,0.0,6700000.0,6700000.0,-130700000.0,-124000000.0,-124000000.0,0.0,49900000.0,45700000.0,416600000.0,1.6873228028,49900000.0,0.2021061158,0.0,49900000.0,0.2021061158,-49900000.0,49900000.0,0.2021061158,0.26,0.26,155769231,155769231,,,1.585037034688834,0.3203456785377594,0.530271604152684,-0.0545679011537265,0.0,11.881678994743192,11.881678994743192,11.881678994743192,25.54162959179018,4687096160.79,8615796160.79,23.482445695340683,18.98378355929526,56.74450557857143,-551.4230777399999,2.532470369996758,2.532470369996758,34.8958937253544,20.68121978106097,104.30745957372882,-1013.62307774,0.010646250532993,-0.0018134895697483,2.122703695699157,0.6497585340037046,9.430388862217956,0.0,1.0,1.5381750465549349,0.0185615991256591,1.7434869739478958,0.0,0.0,0.0,1.102905569007264,0.3689752936411503,1.9934354485776808,0.0,9.254215347295748,0.0165056893358031,0.0082528446679015,-26.93471600947943,0.0,1850800000.0,-4195600000.0,5087800000.0,0.0,0.0,0.0,0.0,0.0,0.0,0.0,0.0,0.0,0.0269613140263669,0.5848395053064106,1997-06-30,,bmo,,2025-04-25,1997-06-30,,28.20171875,188331.328125
1997-03-31,SPG,USD,1063761,1997-03-31,1997-03-31 00:00:00,1997,Q1,243100000.0,0.0,243100000.0,1.0,0,0.0,5200000.0,5200000.0,-130700000.0,-125500000.0,-125500000.0,0.0,14600000.0,45300000.0,413900000.0,1.7025915261,14600000.0,0.0600575895,-354000000.0,14600000.0,0.0600575895,-14600000.0,14600000.0,0.0600575895,0.08,0.08,102500000,102500000,,,2.3717073170731706,0.1424390243902439,0.8731707317073171,0.3736585365853658,0.0,12.346341463414634,12.346341463414634,12.346341463414634,36.69853658536585,2915100000.0,6662100000.0,49.916095890410965,11.991361579596871,32.57094972067039,76.11227154046998,2.303516396681154,2.303516396681154,27.404771698889345,16.095916888137232,74.4368715083799,173.94516971279373,0.0050084045144248,0.0131384858152379,2.9608850256815487,0.6341281795258,9.05291133123943,0.0,1.0,2.367724867724868,0.0292957359953346,5.849315068493151,0.0,0.0,0.0,0.5720670391061452,0.2106129164952694,1.130242825607064,0.0,6.290351241293758,0.0049416981164006,0.0024708490582003,-45.30146341463415,0.0,1265500000.0,-4643400000.0,5037700000.0,0.0,0.0,0.0,0.0,0.0,0.0,0.0,0.0,0.0,0.0115369419201896,0.4995121951219512,1997-03-31,,bmo,,2025-04-25,1997-03-31,,28.56098360655738,224619.11475409835
1996-12-31,SPG,USD,1063761,1996-12-31,1996-12-31 00:00:00,1996,Q4,264100000.0,0.0,264100000.0,1.0,0,0.0,10400000.0,10400000.0,-111400000.0,-101000000.0,-101000000.0,0.0,78000000.0,48600000.0,413700000.0,1.5664521015,78000000.0,0.2953426732,0.0,78000000.0,0.2953426732,-78000000.0,78000000.0,0.2953426732,1.65,1.65,94444444,94444444,,,2.7963529543357786,0.8258823568276816,1.014352945949896,0.1132941181802076,0.0,13.816588300313356,13.816588300313356,13.816588300313356,39.81176489323183,2752111098.16,6434111098.16,8.820868904358974,10.420716009693296,28.72767325845512,257.2066446878504,2.109059006943061,2.109059006943061,24.362404763953048,15.552601155813392,67.16191125427974,601.3187942205608,0.0283418790949787,0.0038879244399522,2.821672158786114,0.6245017724181211,8.900169204737733,0.0,1.0,1.136417556346382,0.0317211031409185,1.1192307692307693,0.0,0.0,0.0,0.8883089770354906,0.3222264293828095,1.7510288065843622,0.0,16.023255644455116,0.0264590647738258,0.0132295323869129,-48.61058846404983,0.0,1304900000.0,-4591000000.0,5021900000.0,0.0,0.0,0.0,0.0,0.0,0.0,0.0,0.0,0.0,0.0597746953789562,0.9010588277696886,1996-12-31,,bmo,,2025-04-25,1996-12-31,,26.03921875,302196.125
1996-09-30,SPG,USD,1063761,1996-09-30,1996-09-30 00:00:00,1996,Q3,206000000.0,0.0,206000000.0,1.0,0,0.0,5500000.0,5500000.0,-129000000.0,-123500000.0,-123500000.0,0.0,17000000.0,39700000.0,359900000.0,1.7470873786,17000000.0,0.0825242718,-303200000.0,17000000.0,0.0825242718,-17000000.0,17000000.0,0.0825242718,0.18,0.16,56956522,56956522,,,3.616793876564303,0.2984732810756949,0.8796183165819008,-0.1580152664518384,0.0,23.12816783300076,23.12816783300076,23.12816783300076,62.71625925473469,1365247832.34,4920347832.34,20.077174005,6.62741666184466,27.25045573532934,-151.69420359333333,1.036398567023457,1.036398567023457,23.88518365213592,13.671430487190888,98.2105355756487,-546.7053147044445,0.0124519516510511,-0.0065922096976152,2.698777803082062,0.613138560242834,9.878021672686858,0.0,1.0,2.5303030303030303,0.0835745696108782,6.711764705882353,0.0,0.0,0.0,1.1796407185628743,0.2868932038834951,1.4886649874055415,0.0,12.462770683666788,0.0058638887930737,0.0029319443965368,-78.67228971600478,0.0,1317300000.0,-4480900000.0,4989900000.0,0.0,0.0,0.0,0.0,0.0,0.0,0.0,0.0,0.0,0.0129051848477947,1.037633583033739,1996-09-30,,bmo,,2025-04-25,1996-09-30,,23.036875,139921.28125
1996-06-30,SPG,USD,1063761,1996-06-30,1996-06-30 00:00:00,1996,Q2,137500000.0,0.0,137500000.0,1.0,0,0.0,3300000.0,3300000.0,-80700000.0,-77400000.0,-77400000.0,0.0,15400000.0,28600000.0,250600000.0,1.8225454545,15400000.0,0.112,-206600000.0,15400000.0,0.112,-15400000.0,15400000.0,0.112,0.23,0.23,65652174,65652174,,,2.0943708581531517,0.2345695361131529,0.7829139062477961,0.3807947014823911,0.0,3.064635757530284,3.064635757530284,3.064635757530284,33.41701982328872,1519847828.1,3698347828.1,24.67285435227273,11.05343874981818,29.56902389299611,60.793913124,7.553915646620277,7.553915646620277,26.897075113454544,14.757972179169991,71.95229237548638,147.933913124,0.0101325933526199,0.0164490151828246,10.827534791252486,0.8131462058153858,8.693136472466081,0.0,1.0,3.381578947368421,0.0057900533443542,0.5714285714285714,0.0,0.0,0.0,0.5136186770428015,0.192,0.9230769230769232,0.0,4.021763199144418,0.0114963980441192,0.0057481990220596,-37.74284763212868,0.0,201200000.0,-2477900000.0,2154500000.0,0.0,0.0,0.0,0.0,0.0,0.0,0.0,0.0,0.0,0.0765407554671968,0.402119204765405,1996-06-30,,bmo,,2025-04-25,1996-06-30,,22.146349206349207,139093.19047619047
1996-03-31,SPG,USD,1063761,1996-03-31,1996-03-31 00:00:00,1996,Q1,141200000.0,0.0,141200000.0,1.0,0,0.0,2700000.0,2700000.0,-78400000.0,-75700000.0,-75700000.0,0.0,15100000.0,26700000.0,242100000.0,1.7145892351,15100000.0,0.1069405099,0.0,15100000.0,0.1069405099,-15100000.0,15100000.0,0.1069405099,0.23,0.23,56956522,56956522,,,2.4790839581110657,0.265114502602529,0.6882442716568965,0.2458015255917487,0.0,5.170610663340715,5.170610663340715,3.7941221200269215,35.30236625052351,1238234788.28,3233834788.28,20.500575964900666,8.769368188951841,31.58762215,88.44534202,5.729915725497454,5.729915725497454,22.90251266487252,13.357434069723254,82.49578541530612,230.98819916285711,0.0121947793285431,0.0113064179205036,9.234613604812589,0.7879960513326753,8.242874845105328,0.0,1.0,2.5454545454545454,0.0422375469458813,3.463576158940397,0.0,0.0,0.0,0.6428571428571429,0.178470254957507,0.9438202247191012,0.0,4.7573341242700495,0.0119249753208292,0.0059624876604146,-39.29312959102384,0.0,294500000.0,-2238000000.0,2015900000.0,0.0,0.0,0.0,0.0,0.0,0.0,0.0,0.0,0.0,0.0698750578435909,0.4424427460651477,1996-03-31,,bmo,,2025-04-25,1996-03-31,,21.893809523809523,184026.80952380956
1995-12-31,SPG,USD,1063761,1995-12-31,1995-12-31 00:00:00,1995,Q4,156300000.0,0.0,156300000.0,1.0,0,0.0,5400000.0,5400000.0,-85400000.0,-80000000.0,-80000000.0,0.0,90000000.0,29500000.0,265800000.0,1.7005758157,90000000.0,0.575815739,-236300000.0,90000000.0,0.575815739,-90000000.0,90000000.0,0.575815739,2.52,2.52,71428571,71428571,,,2.1882000131292,1.26000000756,0.9072000054432,0.9072000054432,0.0,3.2606000195636,3.2606000195636,3.2606000195636,28.991200173947203,1637142847.3200002,3617942847.32,4.547619020333334,10.474362426871402,25.264550112962965,25.264550112962965,7.029381053327609,7.029381053327609,23.14742704619322,13.611523127614747,55.83245134753086,55.83245134753086,0.0549738223193717,0.0395811520699476,8.504937741519965,0.7748396182131122,7.45221971407073,0.0,1.0,1.132867132867133,0.0287696336804712,0.5233333333333333,0.0,0.0,0.0,0.0,0.0,0.0,0.0,9.614468841764277,0.0704115161946487,0.0352057580973243,-32.529000195174,0.0,232900000.0,-2323500000.0,2009300000.0,0.0,0.0,0.0,0.0,0.0,0.0,0.0,0.0,0.0,0.38643194504079,0.0,1995-12-31,,bmo,,2025-04-25,1995-12-31,,22.61968253968254,103822.23809523808
1995-09-30,SPG,USD,1063761,1995-09-30,1995-09-30 00:00:00,1995,Q3,138000000.0,0.0,138000000.0,1.0,0,0.0,2800000.0,2800000.0,-73900000.0,-71100000.0,-71100000.0,0.0,20000000.0,24300000.0,233400000.0,1.6913043478,20000000.0,0.1449275362,0.0,20000000.0,0.1449275362,-20000000.0,20000000.0,0.1449275362,0.28,0.28,71428571,71428571,,,1.932000011592,0.28000000168,0.6818000040908,0.6818000040908,0.0,3.3544000201264,3.3544000201264,2.0258000121548,28.0854001685124,1704285704.06,3690385704.06,21.30357130075,12.349896406231885,34.99559967268994,34.995599672689934,11.778062916793363,11.778062916793363,26.74192539173913,15.81142118277635,75.77794053511293,75.77794053511293,0.0117351216127409,0.0285750211270243,13.725639253628197,0.824963655244029,8.50942587832048,0.0,1.0,2.782857142857143,0.027225482141559,2.32,0.0,0.0,0.0,0.0,0.0,0.0,0.0,3.5724697553863884,0.0166147455867082,0.0083073727933541,-30.3506001821036,0.0,239600000.0,-2167900000.0,1985800000.0,0.0,0.0,0.0,0.0,0.0,0.0,0.0,0.0,0.0,0.138217000691085,0.0,1995-09-30,,bmo,,2025-04-25,1995-09-30,,23.45746031746032,103440.90476190476
1995-06-30,SPG,USD,1063761,1995-06-30,1995-06-30 00:00:00,1995,Q2,130800000.0,0.0,130800000.0,1.0,0,0.0,3300000.0,3300000.0,-72700000.0,-69400000.0,-69400000.0,0.0,13900000.0,24000000.0,224200000.0,1.7140672783,13900000.0,0.1062691131,0.0,13900000.0,0.1062691131,-13900000.0,13900000.0,0.1062691131,0.25,0.25,55600000,55600000,,,2.352517985611511,0.25,0.7032374100719424,0.7032374100719424,0.0,5.329136690647482,5.329136690647482,2.6870503597122304,33.08273381294964,1313272000.0,3138772000.0,23.62,10.040305810397554,33.587519181585684,33.58751918158568,8.790307898259705,8.790307898259705,23.996727828746177,13.999875111507585,80.27549872122762,80.27549872122762,0.010584250635055,0.0297729640165936,12.218875502008032,0.7982421618785255,8.142283675289919,0.0,1.0,2.7535211267605635,0.0326665001614288,3.0863309352517985,0.0,0.0,0.0,0.0,0.0,0.0,0.0,3.8877574864414175,0.0121561939743757,0.0060780969871878,-35.802158273381295,0.0,296300000.0,-1990600000.0,1872200000.0,0.0,0.0,0.0,0.0,0.0,0.0,0.0,0.0,0.0,0.0930388219544846,0.0,1995-06-30,,bmo,,2025-04-25,1995-06-30,,22.95936507936508,140285.22222222222
1995-03-31,SPG,USD,1063761,1995-03-31,1995-03-31 00:00:00,1995,Q1,132200000.0,0.0,132200000.0,1.0,0,0.0,2100000.0,2100000.0,-80200000.0,-78100000.0,-78100000.0,0.0,12600000.0,23500000.0,233800000.0,1.7685325265,12600000.0,0.0953101362,-210300000.0,12600000.0,0.0953101362,-12600000.0,12600000.0,0.0953101362,0.26,0.26,48461538,48461538,,,2.727936533916856,0.2600000024761905,0.8604761986712018,0.8604761986712018,0.0,1.55380953860771,1.55380953860771,1.55380953860771,40.70444483210582,1110738450.96,3070738450.96,22.038461328571437,8.401954999697429,26.636413692086336,26.63641369208633,14.750842642231076,14.750842642231076,23.227976179727687,13.134039567835757,73.6388117736211,73.6388117736211,0.011343804645558,0.0375425915650611,26.02921646746348,0.8498092265001734,8.383233532934131,0.0,1.0,3.3095238095238093,0.0371824707826624,3.2777777777777777,0.0,0.0,0.0,0.0,0.0,0.0,0.0,3.0149271777979134,0.0109261186264308,0.0054630593132154,-46.038571867034015,0.0,75300000.0,-2231100000.0,1876200000.0,0.0,0.0,0.0,0.0,0.0,0.0,0.0,0.0,0.0,0.1673306772908366,0.0,1995-03-31,,bmo,,2025-04-25,1995-03-31,,22.754126984126984,89880.69841269842
1994-12-31,SPG,USD,1063761,1994-12-31,1994-12-31 00:00:00,1994,Q4,135100000.0,0.0,135100000.0,1.0,0,0.0,4100000.0,4100000.0,-68600000.0,-64500000.0,-64500000.0,0.0,1800000.0,22100000.0,221700000.0,1.6410066617,1800000.0,0.0133234641,0.0,1800000.0,0.0133234641,-1800000.0,1800000.0,0.0133234641,0.0753,0.0753,46363636,47777778,,,2.913921591481738,0.0388235297162629,1.315686284828912,1.315686284828912,0.0,1.2358823626343716,1.2358823626343716,1.2358823626343716,41.84098072032142,1057090900.8,2995190900.8,146.81818066666668,7.824507037749815,17.329359029508197,17.329359029508197,18.44835778010471,18.44835778010471,22.1701769119171,13.510107806946325,49.10149017704919,49.10149017704919,0.0017027863910641,0.0577055388082856,33.82373472949389,0.8510890567363428,8.741993685160127,0.0,1.0,33.888888888888886,0.0368937051397235,21.666666666666668,0.0,0.0,0.0,0.0,0.0,0.0,0.0,1.0390282006325278,0.0015808888108203,0.0007904444054101,-47.88019645396233,0.0,57300000.0,-2219900000.0,1829100000.0,35000000.0,0.0,0.0,0.0,0.0,0.0,0.0,0.0,0.0,0.031413612565445,0.0,1994-12-31,,bmo,,2025-04-25,1994-12-31,,22.622857142857143,98601.07936507936
1994-09-30,SPG,USD,1063761,1994-09-30,1994-09-30 00:00:00,1994,Q3,115900000.0,0.0,115900000.0,1.0,0,0.0,3400000.0,3400000.0,-69000000.0,-65600000.0,-65600000.0,0.0,8600000.0,21400000.0,202900000.0,1.7506471096,8600000.0,0.0742018982,-172900000.0,8600000.0,0.0742018982,-8600000.0,8600000.0,0.0742018982,0.18,0.18,47777778,47777778,,,2.4258139422055165,0.1799999991627907,2.2458139430427257,2.046976734665225,0.0,3.0097674278615467,3.0097674278615467,3.0097674278615467,35.78023239171985,1150966672.02,2851866672.02,33.45833348895349,9.930687420362382,10.726623224790307,11.768575378527608,8.003940695549375,8.003940695549375,24.60626981898188,14.055528201182849,26.578440559366264,29.160190920449896,0.0074719800399664,0.0849720520824086,11.828233657858137,0.8155837928554304,8.382947264662395,0.0,1.0,4.944700460829493,0.0363172983337902,4.8604651162790695,0.0,0.0,0.0,0.0885368126747437,0.081967213114754,0.4439252336448598,0.0,3.491354755126389,0.0079795871027603,0.0041237113402061,-39.54139516492374,70000000.0,143800000.0,-1871700000.0,1702100000.0,70000000.0,0.0,0.0,54.3572044866264,0.0,0.0,1.6557142857142857,0.0,0.0,0.0598052851182197,0.1988372083775013,1994-09-30,,bmo,,2025-04-25,1994-09-30,,24.594375,112344.65625
1994-06-30,SPG,USD,1063761,1994-06-30,1994-06-30 00:00:00,1994,Q2,111800000.0,0.0,111800000.0,1.0,0,0.0,2300000.0,2300000.0,-63300000.0,-61000000.0,-61000000.0,0.0,6800000.0,20400000.0,193200000.0,1.7280858676,6800000.0,0.060822898,-166000000.0,6800000.0,0.060822898,-6800000.0,6800000.0,0.060822898,0.14,0.14,48571429,48571429,,,2.3017646855726643,0.1399999987647059,0.347941173400519,0.1564705868546713,0.0,2.524117624787197,2.524117624787197,2.524117624787197,31.18499972483824,1215742867.87,2723642867.87,44.69642896580883,10.874265365563508,71.93744780295859,159.96616682500002,9.91633660579119,9.91633660579119,24.361743004203937,14.097530371997928,161.16229987396449,358.3740615618421,0.0055932880049822,0.0062513218879213,12.299347471451876,0.8195999565170127,7.804865424430642,0.0,1.0,0.8848167539267016,0.0176136636036755,3.149071456357353,0.0,0.0,0.0,0.5502958579881657,0.0831842576028622,0.4558823529411764,0.0,2.819746521927822,0.007121164519845,0.0036960539189042,-34.27323499170675,70000000.0,122600000.0,-1647200000.0,1477400000.0,70000000.0,0.0,0.0,56.35062611806798,0.0,0.0,1.5971428571428572,0.0,0.0,0.0554649265905383,0.1914705865458477,1994-06-30,,bmo,,2025-04-25,1994-06-30,,25.35532258064516,126523.83870967742
1994-03-31,SPG,USD,1063761,1994-03-31,1994-03-31 00:00:00,1994,Q1,105800000.0,0.0,105800000.0,1.0,0,0.0,2800000.0,2800000.0,-59500000.0,-56700000.0,-56700000.0,0.0,15500000.0,19300000.0,181800000.0,1.7183364839,15500000.0,0.1465028355,0.0,15500000.0,0.1465028355,-15500000.0,15500000.0,0.1465028355,0.19,0.19,46612000,46612000,,,2.26980176778512,0.3325323950913927,-0.6436110872736635,-0.791641637346606,0.0,3.224491547241054,3.224491547241054,3.224491547241054,30.749592379644728,1122883080.0,2540683080.0,18.11101741935484,10.613261625708883,-37.429436,-30.43043577235772,7.470945309381237,7.470945309381237,24.01401776937618,13.975154455445544,-84.689436,-68.8532,0.0138037523906763,-0.0328618363365133,9.43313373253493,0.795176668536175,7.798679867986799,0.0,1.0,-1.6853932584269662,0.0183009547530095,1.3257956412903225,0.0,0.0,0.0,-0.23,0.0652173913043478,0.3575129533678756,0.0,4.911779482632584,0.0167296276308688,0.0086932136848008,-33.90114133699476,70000000.0,150300000.0,-1562700000.0,1409500000.0,35000000.0,0.0,0.0,59.54631379962193,0.0,0.0,1.5114285714285711,0.0,0.0,0.1031270791749833,0.1480305500729425,1994-03-31,,bmo,,2025-04-25,1994-03-31,,23.739682539682537,405612.8095238095
1993-12-31,SPG,USD,1063761,1993-12-31,1993-12-31 00:00:00,1993,Q4,97600000.0,0.0,97600000.0,1.0,0,0.0,0.0,0.0,228500000.0,228500000.0,228500000.0,0.0,326100000.0,-316900000.0,326100000.0,3.3411885246,326100000.0,3.3411885246,-326100000.0,9200000.0,0.0942622951,-9200000.0,9200000.0,0.0942622951,0.46,0.46,40000000,40000000,,,2.44,0.23,,,0.0,0.7375,0.7375,0.7375,44.6,850800000.0,2308700000.0,23.1195652173913,8.717213114754099,0.0,0.0,28.840677966101698,28.840677966101698,23.6547131147541,7.079730144127568,0.0,0.0,0.0108133521391631,,49.42033898305085,0.8299083508851824,4.470714504753143,0.0,1.0,0.0,,,0.0,0.0,0.0,0.0,,0.0,,1.953602441644666,0.3712643023851539,0.0052370922752888,-43.18,0.0,29500000.0,-1727200000.0,1350400000.0,,,,0.0,0.0,0.0,0.0,0.0,0.0,0.311864406779661,,1993-12-31,,bmo,,2025-04-25,1993-12-31,,21.11307692307692,1000451.0
1993-09-30,SPG,USD,1063761,1993-09-30,1993-09-30 00:00:00,1993,Q3,102800000.0,0.0,102800000.0,1.0,0,0.0,0.0,0.0,0.0,0.0,0.0,0.0,102800000.0,-94800000.0,102800000.0,1.0,102800000.0,1.0,-94800000.0,8000000.0,0.0778210117,-8000000.0,8000000.0,0.0778210117,0.2,0.2,40000000,40000000,,,2.57,0.2,,,,,,,,835200000.0,,26.1,8.124513618677042,0.0,0.0,0.0,0.0,,,0.0,0.0,0.0095785440613026,,0.0,0.0,,0.0,1.0,0.0,,,0.0,0.0,0.0,0.0,,0.0,,,0.0,0.0,,,,,,,,,,0.0,0.0,0.0,0.0,0.0,0.0,,1993-09-30,,bmo,,2025-04-25,1993-09-30,,,
1993-06-30,SPG,USD,1063761,1993-06-30,1993-06-30 00:00:00,1993,Q2,102800000.0,0.0,102800000.0,1.0,0,0.0,0.0,0.0,0.0,0.0,0.0,0.0,102800000.0,-94800000.0,102800000.0,1.0,102800000.0,1.0,-94800000.0,8000000.0,0.0778210117,-8000000.0,8000000.0,0.0778210117,0.2,0.2,40000000,40000000,,,2.57,0.2,,,,,,,,835200000.0,,26.1,8.124513618677042,0.0,0.0,0.0,0.0,,,0.0,0.0,0.0095785440613026,,0.0,0.0,,0.0,1.0,0.0,,,0.0,0.0,0.0,0.0,,0.0,,,0.0,0.0,,,,,,,,,,0.0,0.0,0.0,0.0,0.0,0.0,,1993-06-30,,bmo,,2025-04-25,1993-06-30,,,
1993-03-31,SPG,USD,1063761,1993-03-31,1993-03-31 00:00:00,1993,Q1,102700000.0,0.0,102700000.0,1.0,0,0.0,0.0,0.0,0.0,0.0,0.0,0.0,102700000.0,-94800000.0,102700000.0,1.0,102700000.0,1.0,-94800000.0,7900000.0,0.0769230769,-7900000.0,7900000.0,0.0769230769,0.19,0.19,41578947,41578947,,,2.4700000218860763,0.1900000016835443,,,,,,,,868168413.36,,27.473683967088608,8.453441220642649,0.0,0.0,0.0,0.0,,,0.0,0.0,0.009099616938867,,0.0,0.0,,0.0,1.0,0.0,,,0.0,0.0,0.0,0.0,,0.0,,,0.0,0.0,,,,,,,,,,0.0,0.0,0.0,0.0,0.0,0.0,,1993-03-31,,bmo,,2025-04-25,1993-03-31,,,
