date,symbol,reportedCurrency,cik,fillingDate,acceptedDate,calendarYear,period,revenue,costOfRevenue,grossProfit,grossProfitRatio,researchAndDevelopmentExpenses,generalAndAdministrativeExpenses,sellingAndMarketingExpenses,sellingGeneralAndAdministrativeExpenses,otherExpenses,operatingExpenses,costAndExpenses,interestIncome,interestExpense,depreciationAndAmortization,ebitda,ebitdaratio,operatingIncome,operatingIncomeRatio,totalOtherIncomeExpensesNet,incomeBeforeTax,incomeBeforeTaxRatio,incomeTaxExpense,netIncome,netIncomeRatio,eps,epsdiluted,weightedAverageShsOut,weightedAverageShsOutDil,link,finalLink,revenuePerShare,netIncomePerShare,operatingCashFlowPerShare,freeCashFlowPerShare,cashPerShare,bookValuePerShare,tangibleBookValuePerShare,shareholdersEquityPerShare,interestDebtPerShare,marketCap,enterpriseValue,peRatio,priceToSalesRatio,pocfratio,pfcfRatio,pbRatio,ptbRatio,evToSales,enterpriseValueOverEBITDA,evToOperatingCashFlow,evToFreeCashFlow,earningsYield,freeCashFlowYield,debtToEquity,debtToAssets,netDebtToEBITDA,currentRatio,interestCoverage,incomeQuality,dividendYield,payoutRatio,salesGeneralAndAdministrativeToRevenue,researchAndDdevelopementToRevenue,intangiblesToTotalAssets,capexToOperatingCashFlow,capexToRevenue,capexToDepreciation,stockBasedCompensationToRevenue,grahamNumber,roic,returnOnTangibleAssets,grahamNetNet,workingCapital,tangibleAssetValue,netCurrentAssetValue,investedCapital,averageReceivables,averagePayables,averageInventory,daysSalesOutstanding,daysPayablesOutstanding,daysOfInventoryOnHand,receivablesTurnover,payablesTurnover,inventoryTurnover,roe,capexPerShare,report_date,epsEstimated,time,revenueEstimated,updatedFromDate,fiscalDateEnding,surprise(%),QuarterAvgPrice,QuarterAvgVolume
2025-03-31,SPGI,USD,64040,2025-04-29,2025-04-29 17:20:35,2025,Q1,3777000000.0,1153000000.0,2624000000.0,0.6947312682,0,0.0,0.0,0.0,1046000000.0,1046000000.0,2199000000.0,0.0,78000000.0,293000000.0,1866000000.0,0.4940428912,1578000000.0,0.4177918983,-82000000.0,1496000000.0,0.3960815462,325000000.0,1090000000.0,0.2885888271,3.55,3.54,307300000,307700000,https://www.sec.gov/Archives/edgar/data/64040/000006404025000126/0000064040-25-000126-index.htm,https://www.sec.gov/Archives/edgar/data/64040/000006404025000126/spgi-20250331.htm,12.290920924178328,3.5470224536283763,3.10120403514481,2.9612756264236904,4.780344939798243,122.7627725349821,-44.06768630003254,108.59420761470876,39.02050113895216,156139130000.0,166583130000.0,35.811727064220186,41.33945724119672,163.8395907660021,171.58146153846153,4.678886757963501,4.678886757963501,44.10461477362986,89.27284565916399,174.79866736621196,183.05838461538465,0.0069809534611855,0.0058281354584209,0.3569866051361961,0.1989179982968491,5.596998928188639,0.902027027027027,20.23076923076923,0.8138343296327925,0.0018893406156419,0.2706422018348624,0.0,0.0,0.8560336622752092,0.0451206715634837,0.0113846968493513,0.1467576791808873,0.0124437384167328,93.09504329837036,0.0228856782938747,0.1264207840408258,-67.34461438333875,-580000000.0,-13542000000.0,-16824000000.0,51365000000.0,1433500000.0,276500000.0,0.0,0.0,0.0,0.0,0.0,0.0,0.0,0.0326630907075005,0.1399284087211194,2025-04-29,4.2,bmo,3698163137.0,2025-05-11,2025-03-31,0.0404761904761904,510.968,1384279.05
2024-12-31,SPGI,USD,64040,2025-02-11,2025-02-11 17:29:21,2024,Q4,3592000000.0,1114000000.0,2478000000.0,0.6898663697,0,0.0,0.0,919000000.0,250000000.0,1169000000.0,2283000000.0,0.0,70000000.0,300000000.0,1624000000.0,0.4521158129,1309000000.0,0.3644209354,-55000000.0,1254000000.0,0.3491091314,287000000.0,880000000.0,0.2449888641,2.83,2.85,311600000,311900000,https://www.sec.gov/Archives/edgar/data/64040/000006404025000052/0000064040-25-000052-index.htm,https://www.sec.gov/Archives/edgar/data/64040/000006404025000052/spgi-20241231.htm,11.52759948652118,2.82413350449294,5.58408215661104,5.478177150192555,5.410783055198973,120.37227214377408,-44.81707317073171,106.4152759948652,38.52053915275995,155186148000.0,165453148000.0,44.08697386363636,43.2032706013363,89.18744137931033,90.9116274165202,4.680061159866099,4.680061159866099,46.061566815144765,101.8800172413793,95.08801609195402,96.92627299355594,0.0056706092092704,0.0109996930911642,0.3598721312464187,0.1981534680593148,6.322044334975369,0.8540362953692116,18.7,1.7993795243019648,0.0018042847484042,0.3181818181818182,0.0,0.0,0.8547350591986185,0.0189655172413793,0.0091870824053452,0.1092715231788079,0.0194877505567928,82.23105430648842,0.0187508086248537,0.1005944215820759,-60.58007060333761,-933000000.0,-13965000000.0,-17254000000.0,51218000000.0,2751000000.0,514000000.0,0.0,71.83463251670379,44.67684021543985,0.0,1.2528775723753052,2.014466546112116,0.0,0.0265387979130854,0.1059050064184852,2025-02-11,3.47,bmo,3498278630.0,2025-05-11,2024-12-31,0.0864553314121037,507.39328125,1184475.625
2024-09-30,SPGI,USD,64040,2024-10-25,2024-10-24 17:50:22,2024,Q3,3575000000.0,1072000000.0,2503000000.0,0.7001398601,0,0.0,0.0,808000000.0,261000000.0,1101000000.0,2230000000.0,0.0,72000000.0,293000000.0,1726000000.0,0.4827972028,1434000000.0,0.4011188811,-74000000.0,1360000000.0,0.3804195804,313000000.0,971000000.0,0.2716083916,3.12,3.12,311200000,311500000,https://www.sec.gov/Archives/edgar/data/64040/000006404024000178/0000064040-24-000178-index.htm,https://www.sec.gov/Archives/edgar/data/64040/000006404024000178/spgi-20240930.htm,11.487789203084834,3.1201799485861184,4.64331619537275,4.530848329048843,5.4498714652956295,123.36439588688944,-43.2133676092545,109.22879177377892,38.56362467866324,160772144000.0,171005144000.0,41.39344593202883,44.97122909090909,111.26099930795849,114.02279716312056,4.729705342433514,4.729705342433514,47.83360671328671,99.07598146002316,118.34266020761244,121.2802439716312,0.0060396034775775,0.0087701760076048,0.3509355142386444,0.1976046912271402,5.928736964078795,0.9449591280653952,19.916666666666668,1.381453154875717,0.0017540352015209,0.2904222451081359,0.0,0.0,0.8587165385634773,0.0242214532871972,0.0097902097902097,0.1194539249146757,0.0265734265734265,87.56884967138001,0.0201208215803134,0.113846875366397,-58.81989074550128,-303000000.0,-13448000000.0,-16775000000.0,52178000000.0,2672000000.0,476000000.0,-1354500000.0,66.33566433566433,39.878731343283576,0.0,1.3567362428842504,2.256842105263158,0.0,0.0285655448340786,0.1124678663239074,2024-10-24,3.64,bmo,3433157640.0,2025-04-25,2024-09-30,0.0686813186813186,494.8915625,1068986.328125
2024-06-30,SPGI,USD,64040,2024-07-30,2024-07-30 17:29:06,2024,Q2,3549000000.0,1376000000.0,2173000000.0,0.6122851507,0,0.0,0.0,641000000.0,6000000.0,641000000.0,2017000000.0,0.0,77000000.0,291000000.0,1745000000.0,0.4916877994,1532000000.0,0.4316708932,-74000000.0,1378000000.0,0.3882783883,293000000.0,1011000000.0,0.2848689772,3.23,3.23,313000000,313200000,https://www.sec.gov/Archives/edgar/data/64040/000006404024000150/0000064040-24-000150-index.htm,https://www.sec.gov/Archives/edgar/data/64040/000006404024000150/spgi-20240630.htm,11.338658146964857,3.230031948881789,4.9712460063897765,4.8690095846645365,6.514376996805112,124.54952076677316,-41.82108626198083,111.4408945686901,38.670926517571885,139698160000.0,149686160000.0,34.54454995054402,39.36268244575937,89.78030848329048,91.6654593175853,4.004992976118804,4.004992976118804,42.17699633699634,85.78003438395416,96.19933161953728,98.21926509186352,0.0072370316115831,0.0109092345955021,0.3448008944697686,0.1973062536911871,5.72378223495702,1.0258181818181815,19.89610389610389,1.5390702274975272,0.0020472710592609,0.2828882294757666,0.0,0.0,0.8542883391298641,0.0205655526992287,0.0090166244012397,0.1099656357388316,0.0138067061143984,89.99470607790667,0.0216380333052996,0.11382571492907,-61.51996805111821,142000000.0,-13090000000.0,-16330000000.0,52836000000.0,2844000000.0,467500000.0,-1324000000.0,68.69822485207101,31.199127906976745,-177.1875,1.310077519379845,2.884696016771489,-0.5079365079365079,0.0289842607723402,0.1022364217252396,2024-07-30,3.65,bmo,3421054522.0,2025-04-25,2024-06-30,0.1068493150684931,429.015873015873,1243486.9047619049
2024-03-31,SPGI,USD,64040,2024-04-25,2024-04-25 17:26:37,2024,Q1,3491000000.0,1120000000.0,2371000000.0,0.6791750215,0,0.0,0.0,705000000.0,6000000.0,992000000.0,2112000000.0,0.0,78000000.0,287000000.0,1748000000.0,0.5007161272,1385000000.0,0.39673446,-69000000.0,1316000000.0,0.3769693498,248000000.0,991000000.0,0.2838728158,3.16,3.16,313600000,314000000,https://www.sec.gov/Archives/edgar/data/64040/000006404024000125/0000064040-24-000125-index.htm,https://www.sec.gov/Archives/edgar/data/64040/000006404024000125/spgi-20240331.htm,11.13201530612245,3.160076530612245,3.022959183673469,2.946428571428572,4.920280612244898,121.96747448979592,-43.42793367346939,109.46109693877553,39.244260204081634,133935423999.99998,144621424000.0,33.78794752774974,38.36591922085362,141.28209282700422,144.95175757575757,3.9017515075596463,3.9017515075596463,41.426933256946434,82.73536842105263,152.5542447257384,156.51669264069264,0.0073990880859122,0.0068988470145135,0.3562501820724211,0.2022091042875804,6.113272311212815,0.9236004764335546,17.756410256410255,0.8876404494382022,0.0021353574092541,0.2885973763874874,0.0,0.0,0.8576483621872778,0.0253164556962025,0.0068748209682039,0.0836236933797909,0.0094528788312804,88.22058987364666,0.020368536695836,0.1151120919967475,-58.73804209183673,-449000000.0,-13619000000.0,-16800000000.0,52037000000.0,2902500000.0,507500000.0,31000000.0,76.80034374104841,36.80357142857143,4.901785714285714,1.171869754951326,2.445414847161572,18.36065573770492,0.0288694030937745,0.0765306122448979,2024-04-25,3.66,bmo,3414124965.0,2025-04-25,2024-03-31,0.0956284153005463,433.4324590163935,1348030.68852459
2023-12-31,SPGI,USD,64040,2024-02-09,2024-02-08 21:12:29,2023,Q4,3152000000.0,1032000000.0,2120000000.0,0.6725888325,0,0.0,0.0,942000000.0,2750000000.0,1232000000.0,2264000000.0,0.0,76000000.0,290000000.0,1378000000.0,0.4371827411,890000000.0,0.2823604061,-96000000.0,794000000.0,0.2519035533,150000000.0,579000000.0,0.1836928934,1.84,1.83,315400000,315900000,https://www.sec.gov/Archives/edgar/data/64040/000006404024000071/0000064040-24-000071-index.htm,https://www.sec.gov/Archives/edgar/data/64040/000006404024000071/spgi-20231231.htm,9.993658845909955,1.8357641090678505,4.229549778059607,4.077362079898542,4.172479391249207,120.7989854153456,-44.857324032974,108.43373493975903,38.287888395688014,138940008000.0,149650008000.0,59.99136787564767,44.07995177664974,104.1529295352324,108.04044167962677,4.062573333333333,4.062573333333333,47.47779441624365,108.59942525399128,112.18141529235382,116.36859097978228,0.0041672662060016,0.009255793334919,0.3508771929824561,0.1980557526943834,7.772133526850508,0.8396734693877551,11.710526315789474,2.071428571428572,0.002036850321759,0.4887737478411053,0.0,0.0,0.8623347472313456,0.0359820089955022,0.015228426395939,0.1655172413793103,0.0088832487309644,66.92400222138683,0.0131878615899458,0.0694161371538184,-60.40900443880786,-982000000.0,-14148000000.0,-17346000000.0,51903000000.0,2686500000.0,507500000.0,-1273000000.0,80.69162436548223,48.57558139534884,0.0872093023255814,1.1153573956121727,1.85278276481149,1032.0,0.0169298245614035,0.1521876981610653,2024-02-08,3.15,bmo,3130960000.0,2025-04-25,2023-12-31,-0.0063492063492063,394.6298412698413,1207246.396825397
2023-09-30,SPGI,USD,64040,2023-11-02,2023-11-02 17:21:57,2023,Q3,3084000000.0,2018000000.0,1066000000.0,0.3456549935,0,0.0,0.0,741000000.0,5000000.0,995000000.0,2018000000.0,83000000.0,84000000.0,282000000.0,1456000000.0,0.4721141375,1074000000.0,0.3482490272,-79000000.0,995000000.0,0.3226329442,181000000.0,742000000.0,0.2405966278,2.34,2.33,317500000,318000000,https://www.sec.gov/Archives/edgar/data/64040/000006404023000193/0000064040-23-000193-index.htm,https://www.sec.gov/Archives/edgar/data/64040/000006404023000193/spgi-20230930.htm,9.713385826771654,2.337007874015748,3.190551181102362,3.0771653543307087,5.184251968503937,122.91023622047244,-42.192125984251966,111.85511811023622,38.0755905511811,116017675000.00002,126376675000.00002,39.08951314016173,37.6192201686122,114.52880059230012,118.74889969293758,3.266815199639579,3.266815199639579,40.97816958495461,86.7971668956044,124.75486179664364,129.35176560900717,0.0063955772256253,0.0084211306596171,0.338035704229318,0.1982298839186935,7.114697802197802,0.9206592564200844,12.785714285714286,1.2444717444717446,0.0024651416260496,0.38544474393531,0.0,0.0,0.8655735539373525,0.0355380059230009,0.0116731517509727,0.1276595744680851,0.0149156939040207,76.69186113847499,0.0158149134353662,0.0911435941530524,-60.64330708661417,-414000000.0,-13396000000.0,-16733000000.0,52652000000.0,2546000000.0,473000000.0,-2546000000.0,74.32879377431907,20.426164519326065,-113.59266600594648,1.210836277974087,4.406113537117904,-0.7923046721633294,0.0208931688911415,0.1133858267716535,2023-11-02,3.05,bmo,3024690000.0,2025-04-25,2023-09-30,0.0524590163934426,393.1834920634921,1180339.0476190476
2023-06-30,SPGI,USD,64040,2023-07-27,2023-07-27 16:49:47,2023,Q2,3101000000.0,1026000000.0,2075000000.0,0.6691389874,0,0.0,0.0,771000000.0,11000000.0,2082000000.0,2082000000.0,87000000.0,88000000.0,285000000.0,1205000000.0,0.3885843276,911000000.0,0.2937762012,-77000000.0,834000000.0,0.2689455015,259000000.0,511000000.0,0.164785553,1.6,1.6,319300000,319800000,https://www.sec.gov/Archives/edgar/data/64040/000006404023000159/0000064040-23-000159-index.htm,https://www.sec.gov/Archives/edgar/data/64040/000006404023000159/spgi-20230630.htm,9.711869715001566,1.6003758221108677,2.408393360476041,2.3113059818352646,4.891951143125588,122.35828374569373,-42.81240212965863,111.36548700281868,38.00814281240213,128004177000.0,138490177000.0,62.62435273972603,41.27835440180587,166.455366710013,173.4473943089431,3.5997687505272924,3.5997687505272924,44.65984424379233,114.92960746887968,180.09125747724318,187.656066395664,0.0039920572279449,0.00576543685758,0.3388171770859698,0.1985007002224235,8.70207468879668,0.7827529021558872,10.352272727272728,1.337391304347826,0.0022499265785678,0.5636007827788649,0.0,0.0,0.8689183623033199,0.0403120936280884,0.0099967752337955,0.1091549295774647,0.0164463076426959,63.32534436053659,0.0112697827096823,0.0642282554047259,-60.84481678672096,-1310000000.0,-13670000000.0,-16906000000.0,52088000000.0,2511500000.0,472000000.0,-1855000000.0,73.86326991293132,42.80701754385965,-223.24561403508773,1.218467583497053,2.1024590163934427,-0.4031434184675835,0.0143704828594729,0.0970873786407767,2023-07-27,3.12,bmo,3057890000.0,2025-04-25,2023-06-30,0.0,365.3774193548387,1127573.3548387096
2023-03-31,SPGI,USD,64040,2023-04-27,2023-04-27 16:59:04,2023,Q1,3160000000.0,1088000000.0,2072000000.0,0.6556962025,0,0.0,0.0,705000000.0,1375000000.0,2080000000.0,2080000000.0,84000000.0,85000000.0,287000000.0,1452000000.0,0.4594936709,1144000000.0,0.3620253165,-96000000.0,1048000000.0,0.3316455696,188000000.0,795000000.0,0.2515822785,2.47,2.47,321300000,322100000,https://www.sec.gov/Archives/edgar/data/64040/000006404023000113/0000064040-23-000113-index.htm,https://www.sec.gov/Archives/edgar/data/64040/000006404023000113/spgi-20230331.htm,9.835045129162776,2.4743230625583568,1.8487394957983192,1.761593526299409,4.3728602552131965,123.78462496109556,-41.12356053532524,113.19638966697792,38.3255524431995,110774601000.0,121598601000.0,34.83478018867924,35.055253481012656,186.48922727272725,195.71484275618377,3.045768518009348,3.045768518009348,38.48056993670886,83.7455929752066,204.7114494949495,214.8385176678445,0.0071767353962304,0.0051094745085112,0.3362386582348089,0.1971656133109764,7.454545454545454,0.910541132311542,13.458823529411765,0.6906976744186046,0.0026179286351029,0.3647798742138364,0.0,0.0,0.8542660905455952,0.0471380471380471,0.0088607594936708,0.0975609756097561,0.0145569620253164,79.38450632777962,0.0164972959485844,0.0879522071025556,-60.91192032368503,-572000000.0,-13213000000.0,-16430000000.0,53116000000.0,2486000000.0,453000000.0,-1180500000.0,70.57594936708861,37.72058823529412,-96.36948529411764,1.2752219531880549,2.3859649122807016,-0.9339055793991416,0.0218586747319219,0.0871459694989106,2023-04-27,2.91,bmo,3084680000.0,2025-04-25,2023-03-31,0.0824742268041236,351.9353225806452,1425546.935483871
2022-12-31,SPGI,USD,64040,2023-02-10,2023-02-09 20:31:52,2022,Q4,2937000000.0,1012000000.0,1925000000.0,0.6554307116,0,0.0,0.0,941000000.0,1286000000.0,2227000000.0,2227000000.0,86000000.0,86000000.0,275000000.0,1078000000.0,0.3670411985,717000000.0,0.2441266599,-95000000.0,621000000.0,0.2114402451,127000000.0,433000000.0,0.1474293497,1.34,1.33,323900000,325200000,https://www.sec.gov/Archives/edgar/data/64040/000006404023000058/0000064040-23-000058-index.htm,https://www.sec.gov/Archives/edgar/data/64040/000006404023000058/spgi-20221231.htm,9.067613460944736,1.3368323556653288,3.436245754862612,3.349799320778018,4.016671812287743,122.70453843778944,-40.46619326952763,112.61809200370485,35.87218277246063,108487066000.0,118733066000.0,62.63687413394919,36.938054477357845,97.4726558849955,99.9880792626728,2.974122488143214,2.974122488143214,40.4266482805584,110.14199072356216,106.67840610961366,109.43139723502304,0.0039912591976632,0.0100011922158536,0.3161718343065493,0.1866664508610643,9.504638218923931,0.9446574429071511,8.337209302325581,2.253036437246964,0.0025348643865066,0.6351039260969977,0.0,0.0,0.8554156415900557,0.0251572327044025,0.0095335376234252,0.1018181818181818,0.0183861082737487,58.20145150712797,0.0101617194277192,0.0484719579088772,-60.10033961099105,-332000000.0,-13107000000.0,-16373000000.0,53239000000.0,2353500000.0,410500000.0,-1704500000.0,76.42492339121553,40.019762845849804,-106.36363636363636,1.177626303127506,2.2488888888888887,-0.8461538461538461,0.0118704937357787,0.086446434084594,2023-02-09,2.47,bmo,2880060354.0,2025-04-25,2022-12-31,0.0283400809716598,329.63,1781401.5873015872
2022-09-30,SPGI,USD,64040,2022-10-28,2022-10-27 17:33:34,2022,Q3,2861000000.0,994000000.0,1867000000.0,0.6525690318,0,0.0,0.0,720000000.0,1292000000.0,2012000000.0,2012000000.0,70000000.0,71000000.0,298000000.0,1192000000.0,0.4166375393,853000000.0,0.2981475009,-30000000.0,823000000.0,0.2876616568,145000000.0,608000000.0,0.2125131073,1.84,1.84,329600000,330900000,https://www.sec.gov/Archives/edgar/data/64040/000006404022000171/0000064040-22-000171-index.htm,https://www.sec.gov/Archives/edgar/data/64040/000006404022000171/spgi-20220930.htm,8.680218446601941,1.8446601941747576,2.469660194174758,2.405946601941748,4.214199029126213,122.56978155339806,-41.33495145631068,112.98543689320388,34.73604368932039,100643360000.0,110632360000.0,41.38296052631579,35.17768612373296,123.6404914004914,126.91470365699874,2.702560687432868,2.702560687432868,38.66912268437609,92.81238255033556,135.91199017199017,139.51117276166457,0.0060411337618298,0.0078793076860708,0.305531686358754,0.1840713118599647,8.38003355704698,0.8276545166402536,12.014084507042254,1.2005899705014749,0.0027522928487284,0.4555921052631579,0.0,0.0,0.8739747302347403,0.0257985257985257,0.0073400908773156,0.0707070707070707,0.0059419783292555,68.47951594500788,0.012305440046497,0.0780487804878048,-59.07691140776699,-870000000.0,-13624000000.0,-17236000000.0,53913000000.0,2169000000.0,378000000.0,-2169000000.0,69.61551904928346,33.59154929577465,-200.3722334004024,1.2928151830094894,2.679245283018868,-0.4491640307275192,0.0163265306122449,0.0637135922330097,2022-10-27,2.79,bmo,2918483096.0,2025-04-25,2022-09-30,0.050179211469534,357.76515625,1761033.46875
2022-06-30,SPGI,USD,64040,2022-08-03,2022-08-02 18:23:15,2022,Q2,2993000000.0,1011000000.0,1982000000.0,0.6622118276,0,0.0,0.0,764000000.0,1314000000.0,2078000000.0,2078000000.0,0.0,90000000.0,303000000.0,1784000000.0,0.5960574674,927000000.0,0.3097226863,-91000000.0,1391000000.0,0.4647510859,340000000.0,972000000.0,0.3247577681,2.88,2.86,338000000,339300000,https://www.sec.gov/Archives/edgar/data/64040/000006404022000143/0000064040-22-000143-index.htm,https://www.sec.gov/Archives/edgar/data/64040/000006404022000143/spgi-20220630.htm,8.855029585798816,2.8757396449704142,1.343195266272189,1.272189349112426,10.571005917159765,126.62721893491124,-34.624260355029584,116.88165680473372,34.05917159763314,113926280000.0,121775280000.0,29.30202674897119,38.064243234213166,250.9389427312775,264.9448372093023,2.8837715790006584,2.8837715790006584,40.68669562312061,68.25968609865471,268.2274889867841,283.1983255813953,0.0085318330415071,0.0037743705842058,0.2891206399027995,0.1775725634687436,4.399663677130045,1.2575635336829367,10.3,0.4319695528068506,0.0025103953187973,0.294238683127572,0.0,0.0,0.8473329913094849,0.052863436123348,0.0080187103240895,0.0789473684210526,0.0163715335783494,86.9639426456274,0.0117377465057242,0.0989816700610998,-51.53476331360947,1277000000.0,-11703000000.0,-15288000000.0,56669000000.0,2275000000.0,397500000.0,-2275000000.0,63.89909789508854,34.272997032640944,-189.16913946587536,1.408470588235294,2.625974025974026,-0.4757647058823529,0.0246038576418771,0.0710059171597633,2022-08-02,2.94,bmo,2999444545.0,2025-04-25,2022-06-30,-0.0442176870748299,356.4906451612903,2624249.983870968
2022-03-31,SPGI,USD,64040,2022-05-04,2022-05-03 19:32:44,2022,Q1,2389000000.0,749000000.0,1640000000.0,0.6864796986,0,0.0,0.0,958000000.0,886000000.0,1844000000.0,1844000000.0,0.0,57000000.0,137000000.0,770000000.0,0.3223105902,597000000.0,0.2498953537,-25000000.0,1867000000.0,0.781498535,568000000.0,1235000000.0,0.5169526999,4.49,4.47,275200000,276300000,https://www.sec.gov/Archives/edgar/data/64040/000006404022000113/0000064040-22-000113-index.htm,https://www.sec.gov/Archives/edgar/data/64040/000006404022000113/spgi-20220331.htm,8.680959302325581,4.4876453488372094,0.8066860465116279,0.748546511627907,16.013808139534884,157.01308139534885,-42.18386627906977,144.5530523255814,44.11700581395349,112881536000.0,120558536000.0,22.850513360323887,47.25053830054416,508.4753873873874,547.9686213592233,2.83757411829768,2.83757411829768,50.464016743407285,156.56952727272727,543.0564684684684,585.2356116504855,0.0109406732381813,0.001824922013818,0.303763102988864,0.1828360467227501,9.97012987012987,1.3774986732708296,10.473684210526317,0.1709006928406466,0.0016477451192726,0.1506072874493927,0.0,0.0,0.8294347273497549,0.072072072072072,0.0066973629133528,0.1167883211678832,0.039347007115948,120.81313563063055,0.0067919267101131,0.1095538011177149,-64.93005087209302,2134000000.0,-11609000000.0,-15095000000.0,57926000000.0,2037500000.0,307500000.0,-2037500000.0,91.35621598995397,49.2656875834446,-291.38851802403207,0.9851546391752576,1.826829268292683,-0.3088659793814433,0.0310449712174153,0.0581395348837209,2022-05-03,3.0,bmo,2901709215.0,2025-04-25,2022-03-31,-0.0366666666666666,407.291129032258,2389285.516129032
2021-12-31,SPGI,USD,64040,2022-02-08,2022-02-08 17:17:01,2021,Q4,2088000000.0,592000000.0,1496000000.0,0.7164750958,13000000,0.0,0.0,557000000.0,11000000.0,1191000000.0,1191000000.0,0.0,25000000.0,41000000.0,1072000000.0,0.5134099617,904000000.0,0.4329501916,-14000000.0,890000000.0,0.4262452107,153000000.0,675000000.0,0.3232758621,2.8,2.79,241000000,242100000,https://www.sec.gov/Archives/edgar/data/64040/000006404022000055/0000064040-22-000055-index.htm,https://www.sec.gov/Archives/edgar/data/64040/000006404022000055/spgi-20211231.htm,8.663900414937759,2.800829875518672,3.900414937759336,3.892116182572614,27.03734439834025,22.970954356846477,3.091286307053942,8.742738589211617,19.21576763485477,113735130000.0,111836130000.0,42.12412222222223,54.470847701149424,120.99481914893616,121.2528038379531,53.97965353583295,53.97965353583295,53.56136494252873,104.32474813432836,118.97460638297872,119.22828358208956,0.0059348417678864,0.0082472319678185,2.186046511627907,0.3065353387461733,-1.771455223880597,2.309305373525557,36.16,1.2771739130434785,0.0016353786204842,0.2755555555555555,0.0,0.0062260536398467,0.3188473312924265,0.002127659574468,0.0009578544061302,0.048780487804878,0.0153256704980842,23.472447194030742,0.0656833603954519,0.0659501709819247,-10.62863070539419,4995000000.0,745000000.0,-680000000.0,10453000000.0,1547500000.0,224500000.0,-821000000.0,71.12068965517241,31.16554054054054,-250.84459459459453,1.2654545454545454,2.8878048780487804,-0.3587878787878787,0.3203607024205031,0.0082987551867219,2022-02-08,3.13,bmo,2054018700.0,2025-04-25,2021-12-31,0.0063897763578274,457.45578125,1255247.53125
2021-09-30,SPGI,USD,64040,2021-10-26,2021-10-26 17:24:45,2021,Q3,2087000000.0,543000000.0,1544000000.0,0.7398179205,0,0.0,0.0,423000000.0,11000000.0,464000000.0,1007000000.0,0.0,31000000.0,41000000.0,1145000000.0,0.5486344034,1083000000.0,0.518926689,-9000000.0,1074000000.0,0.5146142789,213000000.0,797000000.0,0.3818878773,3.31,3.3,240900000,241700000,https://www.sec.gov/Archives/edgar/data/64040/000162828021020543/0001628280-21-020543-index.htm,https://www.sec.gov/Archives/edgar/data/64040/000162828021020543/spgi-20210930.htm,8.663345786633458,3.3084267330842674,4.014113740141138,3.9809049398090495,24.487339144873392,21.174761311747613,0.427563304275633,7.658779576587796,19.31091739310917,102356001000.0,101078001000.0,32.10665025094103,49.04456205079061,105.84901861427092,106.73201355578728,55.47750731707317,55.47750731707317,48.43219980833732,88.27773013100436,104.52740537745603,105.39937539103232,0.0077865488316605,0.0093692601374686,2.504607046070461,0.3274750194883424,-1.1161572052401747,2.255759007678677,34.935483870967744,1.1231126596980257,0.0018171870548166,0.233375156838143,0.0,0.0,0.3541917652894905,0.0082730093071354,0.0038332534738859,0.1904761904761904,0.0191662673694298,23.87711246391855,0.0809524553658632,0.0874574783276637,-8.398713158987132,4252000000.0,103000000.0,-1372000000.0,9968000000.0,1433000000.0,227000000.0,8000000.0,62.31432678485865,40.44198895027625,1.3259668508287294,1.4442906574394463,2.2254098360655736,67.875,0.4319783197831978,0.033208800332088,2021-10-26,3.15,bmo,1965690000.0,2025-04-25,2021-09-30,0.1238095238095238,433.31,1140620.890625
2021-06-30,SPGI,USD,64040,2021-07-29,2021-07-29 16:23:11,2021,Q2,2106000000.0,533000000.0,1573000000.0,0.7469135802,0,0.0,0.0,374000000.0,11000000.0,419000000.0,952000000.0,0.0,32000000.0,45000000.0,1263000000.0,0.5997150997,1154000000.0,0.5479582146,-10000000.0,1144000000.0,0.5432098765,287000000.0,798000000.0,0.3789173789,3.31,3.3,240800000,241800000,https://www.sec.gov/Archives/edgar/data/64040/000006404021000155/0000064040-21-000155-index.htm,https://www.sec.gov/Archives/edgar/data/64040/000006404021000155/spgi-20210630.htm,8.745847176079733,3.313953488372093,3.833056478405316,3.8039867109634553,21.64867109634552,18.421926910299003,-2.4667774086378738,5.253322259136213,19.269102990033225,98836360000.0,98231360000.0,30.96377192982456,46.93084520417854,107.08164680390033,107.89995633187772,78.13150988142291,78.13150988142291,46.643570750237416,77.77621536025336,106.42617551462622,107.23947598253277,0.0080739517319334,0.0092678443439236,3.642687747035573,0.3439319301388266,-0.4790182106096595,2.0911010558069383,36.0625,1.0757575757575757,0.0018717807899845,0.231829573934837,0.0,0.0,0.3754291685326168,0.0075839653304442,0.0033238366571699,0.1555555555555555,0.0147198480531813,19.79162642608389,0.0857375045860615,0.0953632887189292,-11.126453488372093,3617000000.0,-594000000.0,-2030000000.0,9361000000.0,1465000000.0,225500000.0,13000000.0,60.72649572649573,35.45966228893058,1.350844277673546,1.482054890921886,2.538095238095238,66.625,0.6308300395256917,0.0290697674418604,2021-07-29,3.27,bmo,2000660000.0,2025-04-25,2021-06-30,0.1070336391437309,384.31888888888886,1338355.0952380951
2021-03-31,SPGI,USD,64040,2021-04-29,2021-04-29 17:07:31,2021,Q1,2016000000.0,527000000.0,1489000000.0,0.7385912698,0,0.0,0.0,360000000.0,11000000.0,410000000.0,937000000.0,0.0,32000000.0,50000000.0,1191000000.0,0.5907738095,1081000000.0,0.5362103175,-25000000.0,1056000000.0,0.5238095238,248000000.0,755000000.0,0.3745039683,3.14,3.12,240600000,241600000,https://www.sec.gov/Archives/edgar/data/64040/000006404021000121/0000064040-21-000121-index.htm,https://www.sec.gov/Archives/edgar/data/64040/000006404021000121/spgi-20210331.htm,8.379052369077307,3.137988362427265,3.1920199501246884,3.117206982543641,18.711554447215292,16.23441396508728,-4.733998337489609,4.28927680798005,19.40149625935162,84900522000.0,85036522000.0,28.112755629139077,42.11335416666667,110.5475546875,113.200696,82.26794767441861,82.26794767441861,42.18081448412698,71.39926280436607,110.72463802083334,113.38202933333334,0.0088927604002246,0.008833867947243,4.492248062015504,0.3613406079501169,0.1141897565071368,1.8530708198648247,33.78125,0.9504950495049505,0.0021907992509162,0.2463576158940397,0.0,0.0,0.3932190179267342,0.0234375,0.0089285714285714,0.36,0.0094246031746031,17.40239253378936,0.0868194382154705,0.0969813744380218,-13.63778054862843,2903000000.0,-1139000000.0,-2618000000.0,8708000000.0,1551000000.0,237000000.0,-787500000.0,67.36607142857143,41.15749525616698,3.0740037950664134,1.3359840954274351,2.1867219917012446,29.27777777777778,0.7315891472868217,0.0748129675810473,2021-04-29,3.03,bmo,1871670000.0,2025-04-25,2021-03-31,0.1188118811881189,332.8008196721311,1812203.573770492
2020-12-31,SPGI,USD,64040,2021-02-09,2021-02-09 17:08:31,2020,Q4,1867000000.0,559000000.0,1308000000.0,0.7005891805,8000000,0.0,0.0,599000000.0,16000000.0,1211000000.0,1211000000.0,0.0,32000000.0,52000000.0,724000000.0,0.387787895,656000000.0,0.3513658275,-17000000.0,640000000.0,0.3427959293,135000000.0,454000000.0,0.2431708623,1.89,1.88,240500000,241700000,https://www.sec.gov/Archives/edgar/data/64040/000006404021000063/0000064040-21-000063-index.htm,https://www.sec.gov/Archives/edgar/data/64040/000006404021000063/spgi-20201231.htm,7.762993762993763,1.887733887733888,4.744282744282744,4.607068607068607,17.176715176715177,13.937629937629938,-7.214137214137214,2.374220374220374,19.484407484407484,79059565000.0,79591565000.0,43.53500275330397,42.345776647027314,69.28971516213848,71.35339801444043,138.45808231173382,138.45808231173382,42.63072576325656,109.93310082872928,69.75597283085013,71.83354241877257,0.0057425056664554,0.014014749511966,8.15061295971979,0.371221185291537,0.7348066298342542,1.6693615834959576,20.5,2.259405940594059,0.0020364392341394,0.3546255506607929,0.0,0.0042849491162292,0.4057589534976469,0.0289219982471516,0.0176754151044456,0.6346153846153846,0.0160685591858596,10.04204490085016,0.0566701335668929,0.0609395973154362,-19.35862785862786,2401000000.0,-1735000000.0,-3197000000.0,8266000000.0,1510000000.0,209500000.0,-1510000000.0,76.79164434922336,37.5134168157424,-256.4758497316637,1.172002510985562,2.3991416309012874,-0.3509102322661644,0.7950963222416813,0.1372141372141372,2021-02-09,2.55,bmo,1753370000.0,2025-04-25,2020-12-31,0.0627450980392157,337.33203125,1276610.875
2020-09-30,SPGI,USD,64040,2020-10-28,2020-10-27 18:20:43,2020,Q3,1846000000.0,519000000.0,1327000000.0,0.718851571,5000000,0.0,0.0,339000000.0,6000000.0,910000000.0,910000000.0,0.0,35000000.0,54000000.0,1006000000.0,0.5449620802,944000000.0,0.511375948,-308000000.0,636000000.0,0.3445287107,138000000.0,455000000.0,0.2464788732,1.89,1.88,240600000,241600000,https://www.sec.gov/Archives/edgar/data/64040/000006404020000188/0000064040-20-000188-index.htm,https://www.sec.gov/Archives/edgar/data/64040/000006404020000188/spgi-20200930.htm,7.672485453034081,1.891105569409809,3.3624272651704072,3.258520365752286,13.16708229426434,12.506234413965087,-8.653366583541148,2.0698254364089776,19.567747298420617,86760360000.0,88265360000.0,47.67052747252748,46.99911159263272,107.24395550061806,110.66372448979592,174.2175903614458,174.2175903614458,47.81438786565547,87.7389264413519,109.10427688504326,112.58336734693876,0.0052443304753461,0.0090363848190579,9.383534136546183,0.4080509954593084,1.4960238568588469,1.719715808170515,26.97142857142857,1.6244979919678717,0.0018556861681993,0.3538461538461538,0.0,0.0027085590465872,0.4445511701012923,0.0309023485784919,0.013542795232936,0.4629629629629629,0.0205850487540628,9.384605172101269,0.0845828826319664,0.0715296337053922,-20.441604322527017,2026000000.0,-2082000000.0,-3602000000.0,8025000000.0,1492000000.0,186000000.0,-705000000.0,69.57204767063922,32.2543352601156,-247.45664739884396,1.293622985283812,2.790322580645161,-0.3637000700770847,0.9136546184738956,0.1039068994181213,2020-10-27,2.64,bmo,1671115789.0,2025-04-25,2020-09-30,0.0795454545454545,352.81671875,807612.078125
2020-06-30,SPGI,USD,64040,2020-07-28,2020-07-28 17:06:42,2020,Q2,1943000000.0,493000000.0,1450000000.0,0.7462686567,0,0.0,0.0,295000000.0,5000000.0,346000000.0,839000000.0,0.0,40000000.0,51000000.0,1168000000.0,0.6011322697,1105000000.0,0.5687081832,-30000000.0,1075000000.0,0.553268142,233000000.0,792000000.0,0.407617087,3.29,3.28,240900000,241900000,https://www.sec.gov/Archives/edgar/data/64040/000006404020000144/0000064040-20-000144-index.htm,https://www.sec.gov/Archives/edgar/data/64040/000006404020000144/spgi-20200630.htm,8.065587380655874,3.287671232876712,3.8895807388958072,3.8605230386052303,11.07098381070984,11.087588210875882,-10.112079701120797,0.8717310087173101,18.96222498962225,79371732000.0,81232732000.0,25.05420833333333,40.85009366958312,84.70835859124867,85.34594838709677,377.9606285714286,377.9606285714286,41.80789089037571,69.54857191780822,86.69448452508004,87.34702365591397,0.0099783635816338,0.01171701784207,21.561904761904763,0.4077442593426384,1.5933219178082192,1.4667763157894738,27.625,1.1128266033254155,0.0020410289144251,0.2045454545454545,0.0,0.0,0.459882935614588,0.007470651013874,0.0036026762738033,0.1372549019607843,0.0056613484302624,8.03020619932927,0.1059620071521308,0.1320440146715571,-19.056662515566625,1419000000.0,-2436000000.0,-3975000000.0,7451000000.0,1530500000.0,194500000.0,18500000.0,72.12043232115286,33.9553752535497,3.103448275862069,1.24791265253693,2.650537634408602,29.0,3.7714285714285714,0.029057700290577,2020-07-28,2.67,bmo,1525826470.0,2025-04-25,2020-06-30,0.2734082397003745,300.70111111111106,1492653.4444444445
2020-03-31,SPGI,USD,64040,2020-04-28,2020-04-28 17:18:28,2020,Q1,1786000000.0,521000000.0,1265000000.0,0.7082866741,0,0.0,0.0,311000000.0,9000000.0,360000000.0,881000000.0,0.0,34000000.0,49000000.0,977000000.0,0.5470324748,912000000.0,0.5106382979,-35000000.0,877000000.0,0.4910414334,188000000.0,639000000.0,0.3577827548,2.64,2.62,242100000,243300000,https://www.sec.gov/Archives/edgar/data/64040/000006404020000119/0000064040-20-000119-index.htm,https://www.sec.gov/Archives/edgar/data/64040/000006404020000119/spgi-20200331.htm,7.3771168938455185,2.6394052044609664,2.808756712102437,2.7633209417596034,7.980173482032218,8.566707971912432,-12.672449401073935,-1.0326311441553078,18.942585708384964,59326605000.0,61946605000.0,23.21072183098592,33.21758398656215,87.24500735294119,88.67952914798207,-237.30642,-237.30642,34.68454927211646,63.40491811668373,91.09794852941177,92.595822122571,0.0107708843275289,0.0112765596480702,-18.208,0.4350568670553378,2.6816786079836232,1.2386858866912505,26.823529411764707,0.9869375907111756,0.0027137908869047,0.2519561815336463,0.0,0.0,0.4914460479785912,0.0161764705882352,0.0061590145576707,0.2244897959183673,0.0061590145576707,,0.0944748350966326,0.1200902086074046,-21.970260223048328,712000000.0,-3068000000.0,-4694000000.0,6815000000.0,1540500000.0,196500000.0,-778500000.0,75.78947368421053,35.06717850287908,3.45489443378119,1.1875,2.5665024630541877,26.05,-2.556,0.0454357703428335,2020-04-28,2.3,bmo,1504688644.0,2025-04-25,2020-03-31,0.1869565217391305,274.2985483870968,1907814.0
2019-12-31,SPGI,USD,64040,2020-02-10,2020-02-10 17:30:11,2019,Q4,1735000000.0,464000000.0,1271000000.0,0.7325648415,0,0.0,0.0,402000000.0,6000000.0,917000000.0,917000000.0,0.0,93000000.0,51000000.0,875000000.0,0.5043227666,818000000.0,0.4714697406,-87000000.0,731000000.0,0.4213256484,146000000.0,541000000.0,0.311815562,2.22,2.2,244000000,245600000,https://www.sec.gov/Archives/edgar/data/64040/000006404020000055/0000064040-20-000055-index.htm,https://www.sec.gov/Archives/edgar/data/64040/000006404020000055/spgi-20191231x10k.htm,7.110655737704918,2.2172131147540983,4.114754098360656,3.959016393442623,11.942622950819672,11.491803278688524,-8.995901639344263,2.19672131147541,19.102459016393443,66624200000.0,68306200000.0,30.78752310536045,38.400115273775214,66.35876494023904,68.96915113871636,124.29888059701491,124.29888059701491,39.36956772334294,78.06422857142857,68.03406374501992,70.7103519668737,0.0081201725499142,0.0144992360133404,8.522388059701493,0.4025378921395841,1.9222857142857144,1.5234400258648562,8.795698924731182,1.713310580204778,0.0020863289915676,0.2569316081330868,0.0,0.0,0.4405181529784984,0.0378486055776892,0.0219020172910662,0.7450980392156863,0.0144092219020172,10.468451856813394,0.0776080382939627,0.0852102693337533,-21.457991803278688,1619000000.0,-2195000000.0,-3832000000.0,7614000000.0,1531500000.0,189000000.0,-1531500000.0,81.80403458213257,36.853448275862064,-305.8836206896552,1.1001902346227013,2.442105263157895,-0.2942295497780596,1.0093283582089552,0.1557377049180328,2020-02-06,2.43,bmo,1666422924.0,2025-04-25,2019-12-31,0.0411522633744854,259.81296875,1150267.328125
2019-09-30,SPGI,USD,64040,2019-10-30,2019-10-29 19:18:55,2019,Q3,1689000000.0,438000000.0,1251000000.0,0.7406749556,0,0.0,0.0,360000000.0,-8000000.0,847000000.0,847000000.0,0.0,32000000.0,49000000.0,905000000.0,0.5358200118,891000000.0,0.5275310835,-40000000.0,851000000.0,0.503848431,189000000.0,617000000.0,0.3653049142,2.52,2.5,245000000,246500000,https://www.sec.gov/Archives/edgar/data/64040/000006404019000189/0000064040-19-000189-index.htm,https://www.sec.gov/Archives/edgar/data/64040/000006404019000189/spgi-2019930x10q.htm,6.893877551020408,2.5183673469387755,3.110204081632653,2.983673469387755,8.240816326530613,9.906122448979591,-10.26530612244898,1.6408163265306122,17.6,60020100000.0,62281100000.0,24.319327390599675,35.535879218472466,78.76653543307086,82.10683994528044,149.30373134328357,149.30373134328357,36.87454114860864,68.81889502762431,81.73372703412073,85.19986320109439,0.0102798895703272,0.0121792532834833,10.64676616915423,0.420102080879466,2.498342541436464,1.1034687222057515,27.84375,1.151057401812689,0.0023325519284373,0.2269043760129659,0.0,0.0,0.4850804868472713,0.0406824146981627,0.0183540556542332,0.6326530612244898,0.0118413262285375,9.642303191085691,0.0895499139179624,0.1176134197483797,-21.920408163265307,349000000.0,-2515000000.0,-4039000000.0,6249000000.0,1514500000.0,201000000.0,-723500000.0,79.1829484902309,38.630136986301366,-305.3424657534246,1.136608344549125,2.3297872340425534,-0.2947510094212651,1.534825870646766,0.1265306122448979,2019-10-29,2.34,bmo,1606609756.0,2025-04-25,2019-09-30,0.0512820512820513,249.95609375,1241430.3125
2019-06-30,SPGI,USD,64040,2019-08-01,2019-08-01 16:40:52,2019,Q2,1704000000.0,452000000.0,1252000000.0,0.734741784,0,0.0,0.0,387000000.0,7000000.0,439000000.0,891000000.0,0.0,37000000.0,52000000.0,902000000.0,0.529342723,813000000.0,0.4771126761,-31000000.0,782000000.0,0.4589201878,180000000.0,555000000.0,0.3257042254,2.25,2.24,246100000,247400000,https://www.sec.gov/Archives/edgar/data/64040/000006404019000162/0000064040-19-000162-index.htm,https://www.sec.gov/Archives/edgar/data/64040/000006404019000162/spgi-2019630x10q.htm,6.924014628199918,2.255180820804551,2.913449817147501,2.807801706623324,7.643234457537586,9.995936611133686,-10.20723283218204,2.0804550995530278,17.561966680211295,57159186000.0,59563186000.0,25.74738108108108,33.54412323943662,79.71992468619246,82.71951664254703,111.63903515625,111.63903515625,34.95492136150235,66.03457427937916,83.07278382147838,86.19853256150506,0.009709725397419,0.0120890454948046,8.369140625,0.4207167403043692,2.6651884700665187,1.368655057428677,21.97297297297297,1.191029900332226,0.0024493001002498,0.2522522522522522,0.0,0.0,0.4881688757977417,0.0362622036262203,0.0152582159624413,0.5,0.0123239436619718,10.274509958084751,0.0824047992268436,0.1064646077114905,-18.96485168630638,995000000.0,-2512000000.0,-4031000000.0,6916000000.0,1541000000.0,215500000.0,-750000000.0,81.49647887323944,42.61061946902655,7.765486725663717,1.1043421905379132,2.1121495327102804,11.58974358974359,1.083984375,0.1056481105241771,2019-08-01,2.28,bmo,1598814814.0,2025-04-25,2019-06-30,0.0657894736842106,218.4234920634921,1013069.1904761904
2019-03-31,SPGI,USD,64040,2019-05-03,2019-05-03 16:59:44,2019,Q1,1571000000.0,866000000.0,705000000.0,0.4487587524,0,0.0,0.0,375000000.0,-103000000.0,866000000.0,866000000.0,0.0,36000000.0,52000000.0,654000000.0,0.4162953533,705000000.0,0.4487587524,-139000000.0,566000000.0,0.3602800764,113000000.0,410000000.0,0.2609802673,1.66,1.65,246700000,248300000,https://www.sec.gov/Archives/edgar/data/64040/000006404019000132/0000064040-19-000132-index.htm,https://www.sec.gov/Archives/edgar/data/64040/000006404019000132/spgi-2019331x10q.htm,6.368058370490474,1.6619375760032429,1.1876773408998784,1.1066072152411837,5.820835022294284,8.248885285772193,-12.119983785974869,1.5727604377786786,17.49493311714633,52522430000.0,55366430000.0,32.025871951219514,33.43248249522597,179.25744027303753,192.38985347985349,135.367087628866,135.367087628866,35.24279439847231,84.6581498470948,188.96392491467577,202.8074358974359,0.0078061887083289,0.0051977793106678,11.030927835051546,0.4403292181069959,4.348623853211009,1.1984934086629002,19.58333333333333,0.6467991169977925,0.0026845673362789,0.3439024390243902,0.0,0.0,0.5169753086419753,0.068259385665529,0.0127307447485677,0.3846153846153846,0.0076384468491406,7.668843952376601,0.0786409918617106,0.0873269435569755,-23.77077421970004,527000000.0,-2990000000.0,-4503000000.0,6495000000.0,1494000000.0,214000000.0,-1494000000.0,88.16677275620624,22.551963048498845,-159.94226327944574,1.0207927225471085,3.9907834101382487,-0.5627030539311241,1.056701030927835,0.0810701256586947,2019-05-02,2.13,bmo,1585890995.0,2025-04-25,2019-03-31,-0.0093896713615023,193.65590163934428,1379163.8688524591
2018-12-31,SPGI,USD,64040,2019-02-13,2019-02-12 18:15:22,2018,Q4,1536000000.0,832000000.0,704000000.0,0.4583333333,0,0.0,0.0,367000000.0,2000000.0,832000000.0,832000000.0,0.0,36000000.0,55000000.0,790000000.0,0.5143229167,704000000.0,0.4583333333,-33000000.0,670000000.0,0.4361979167,119000000.0,512000000.0,0.3333333333,2.06,2.03,249000000,251500000,https://www.sec.gov/Archives/edgar/data/64040/000006404019000059/0000064040-19-000059-index.htm,https://www.sec.gov/Archives/edgar/data/64040/000006404019000059/spgi-20181231x10k.htm,6.168674698795181,2.0562248995983934,2.6626506024096384,2.562248995983936,7.93574297188755,9.25301204819277,-11.06425702811245,2.746987951807229,14.85140562248996,42315060000.0,44019060000.0,20.661650390625,27.5488671875,63.82361990950227,66.32454545454546,61.86412280701754,61.86412280701754,28.6582421875,55.72032911392405,66.3937556561086,68.99539184952978,0.0120997110721336,0.0150773743437915,5.353801169590644,0.3871854514696553,2.156962025316456,1.3708634461772538,19.55555555555556,1.203266787658802,0.0029303987752823,0.2421875,0.0,0.0,0.5348910974836117,0.0377073906485671,0.0162760416666666,0.4545454545454545,0.013671875,11.273400687971812,0.0847797911890248,0.1163900886565128,-19.34036144578313,975000000.0,-2755000000.0,-3550000000.0,6304000000.0,1343000000.0,202500000.0,-1343000000.0,84.90234375,22.824519230769237,-156.74278846153848,1.060041407867495,3.943127962085308,-0.5741890959282263,0.7485380116959064,0.1004016064257028,2019-02-07,2.19,bmo,1516229729.0,2025-04-25,2018-12-31,0.0136986301369864,179.12761904761902,1870070.650793651
2018-09-30,SPGI,USD,64040,2018-10-26,2018-10-25 18:34:46,2018,Q3,1546000000.0,842000000.0,704000000.0,0.4553686934,0,0.0,0.0,383000000.0,6000000.0,842000000.0,842000000.0,0.0,38000000.0,54000000.0,797000000.0,0.5155239327,704000000.0,0.4553686934,-32000000.0,672000000.0,0.4346701164,137000000.0,495000000.0,0.3201811125,1.97,1.95,251300000,253500000,https://www.sec.gov/Archives/edgar/data/64040/000006404018000183/0000064040-18-000183-index.htm,https://www.sec.gov/Archives/edgar/data/64040/000006404018000183/spgi-2018930x10q.htm,6.152009550338241,1.9697572622363708,1.9816951850378035,1.870274572224433,8.76641464385197,9.721448467966574,-10.03183446080382,3.812176681257461,14.719458814166336,50111733000.0,51569733000.0,25.30895606060606,32.413798835705045,100.62596987951808,106.6207085106383,52.30869832985386,52.30869832985386,33.35687774902976,64.70480928481807,103.55368072289156,109.72283617021276,0.0098779261934525,0.009379041032167,3.821503131524008,0.3901737184269423,1.8293601003764115,1.4413984902661898,18.526315789473685,0.930841121495327,0.0025143812128788,0.2545454545454545,0.0,0.0,0.5290418842587659,0.0562248995983935,0.0181112548512289,0.5185185185185185,0.0174644243208279,12.998227218116638,0.0816306714937649,0.1120162932790224,-17.619379228014324,1111000000.0,-2521000000.0,-3312000000.0,6350000000.0,1263500000.0,193000000.0,-593500000.0,72.01164294954722,20.736342042755343,-132.2209026128266,1.249797898140663,4.34020618556701,-0.6806790622473726,0.5167014613778705,0.1114206128133704,2018-10-25,2.04,bmo,1494710900.0,2025-04-25,2018-09-30,0.034313725490196,206.4130158730159,989504.6984126983
2018-06-30,SPGI,USD,64040,2018-07-26,2018-07-26 17:06:54,2018,Q2,1609000000.0,446000000.0,1163000000.0,0.7228091983,0,0.0,0.0,439000000.0,11000000.0,491000000.0,937000000.0,0.0,26000000.0,52000000.0,735000000.0,0.4568054692,672000000.0,0.4176507147,-15000000.0,657000000.0,0.4083281541,156000000.0,461000000.0,0.2865133623,1.83,1.82,251100000,253300000,https://www.sec.gov/Archives/edgar/data/64040/000006404018000162/0000064040-18-000162-index.htm,https://www.sec.gov/Archives/edgar/data/64040/000006404018000162/spgi-2018630x10q.htm,6.407805655117483,1.8359219434488248,2.162485065710872,2.054958183990442,7.506969334926324,8.231780167264038,-11.644763042612505,2.321784149741139,14.679410593389088,51196779000.0,52971779000.0,27.76397993492408,31.81900497203232,94.28504419889502,99.21856395348836,87.81608747855917,87.81608747855917,32.92217464263518,72.07044761904761,97.55392081031307,102.65848643410853,0.0090044727227859,0.010078759056307,6.2778730703259,0.3970923293913421,2.4149659863945576,1.2731277533039649,25.846153846153847,1.083832335329341,0.0024610923277028,0.2733188720173535,0.0,0.0,0.5414994032765542,0.0497237569060773,0.0167806090739589,0.5192307692307693,0.0205096333126165,9.79330513873545,0.0789216627390087,0.1090866067203028,-17.015133412982877,744000000.0,-2924000000.0,-3682000000.0,6008000000.0,1301500000.0,194000000.0,-631500000.0,72.15661901802362,38.74439461883408,10.089686098654708,1.2472868217054265,2.3229166666666665,8.92,0.79073756432247,0.1075268817204301,2018-07-26,2.13,bmo,1579341013.0,2025-04-25,2018-06-30,0.0187793427230047,197.54828125,1195309.828125
2018-03-31,SPGI,USD,64040,2018-04-26,2018-04-26 17:29:47,2018,Q1,1567000000.0,856000000.0,711000000.0,0.4537332482,0,0.0,0.0,372000000.0,4000000.0,856000000.0,856000000.0,0.0,34000000.0,45000000.0,760000000.0,0.4850031908,711000000.0,0.4537332482,-30000000.0,681000000.0,0.4345883854,147000000.0,491000000.0,0.3133375877,1.94,1.93,252400000,254400000,https://www.sec.gov/Archives/edgar/data/64040/000006404018000125/0000064040-18-000125-index.htm,https://www.sec.gov/Archives/edgar/data/64040/000006404018000125/spgi-2018331x10q.htm,6.208399366085579,1.945324881141046,1.4263074484944531,1.2955625990491284,6.957210776545167,5.618066561014263,-11.95324881141046,0.2694136291600634,14.27892234548336,48223544000.0,50037544000.0,24.553739307535643,30.77443777919592,133.95428888888887,147.4726116207951,709.1697647058824,709.1697647058824,31.93206381620932,65.83887368421053,138.9931777777778,153.0200122324159,0.0101817485666337,0.0067809201248253,52.5,0.4201482876309285,2.386842105263158,1.0475279106858055,20.91176470588235,0.6741573033707865,0.0026335683665223,0.2586558044806517,0.0,0.0,0.5219489231493468,0.0916666666666666,0.0210593490746649,0.7333333333333333,0.0082961072112316,3.43397485616603,0.0967588040740871,0.120876415558838,-19.78902535657686,149000000.0,-3017000000.0,-3795000000.0,4854000000.0,1316000000.0,195500000.0,-1316000000.0,75.41161455009572,20.60747663551402,-138.04906542056074,1.1934501142421934,4.36734693877551,-0.6519421172886519,7.220588235294118,0.1307448494453248,2018-04-26,1.97,bmo,1543495000.0,2025-04-25,2018-03-31,0.0152284263959391,184.577868852459,1397423.3770491802
2017-12-31,SPGI,USD,64040,2018-02-09,2018-02-09 16:40:54,2017,Q4,1589000000.0,961000000.0,628000000.0,0.3952171177,0,0.0,0.0,483000000.0,478000000.0,961000000.0,961000000.0,0.0,39000000.0,46000000.0,674000000.0,0.4241661422,628000000.0,0.3952171177,-39000000.0,589000000.0,0.3706733795,290000000.0,263000000.0,0.1655129012,1.03,1.02,254400000,257000000,https://www.sec.gov/Archives/edgar/data/64040/000006404018000061/0000064040-18-000061-index.htm,https://www.sec.gov/Archives/edgar/data/64040/000006404018000061/spgi-20171231x10k.htm,6.246069182389937,1.0338050314465408,3.195754716981132,3.014937106918239,10.970911949685537,8.325471698113208,-8.879716981132075,3.018867924528302,14.18238993710692,43095360000.0,43885360000.0,40.9651711026616,27.121057268722467,53.00782287822878,56.18691003911343,56.11375,56.11375,27.618225298930145,65.11181008902078,53.97953259532595,57.21689700130378,0.0061027451679252,0.0177977397102611,4.647135416666667,0.3786737400530504,1.172106824925816,1.345364032358432,16.102564102564102,2.719063545150502,0.0024364571963199,0.3992395437262357,0.0,0.0,0.4644031830238727,0.056580565805658,0.0289490245437382,1.0,0.0213971050975456,8.379780374038662,0.0482296463916122,0.0520998415213946,-16.455385220125788,1110000000.0,-2259000000.0,-2983000000.0,5762000000.0,1253500000.0,182500000.0,-659500000.0,74.70736312146003,18.26222684703433,-123.52757544224764,1.2047005307050795,4.9282051282051285,-0.7285822592873389,0.3424479166666667,0.180817610062893,2018-02-06,1.63,bmo,1381989189.0,2025-04-25,2017-12-31,0.1349693251533743,163.2557142857143,1085054.3015873015
2017-09-30,SPGI,USD,64040,2017-10-26,2017-10-26 17:28:23,2017,Q3,1513000000.0,421000000.0,1092000000.0,0.7217448777,0,0.0,0.0,388000000.0,46000000.0,434000000.0,855000000.0,0.0,37000000.0,46000000.0,704000000.0,0.465300727,658000000.0,0.4348975545,-28000000.0,621000000.0,0.4104428288,169000000.0,414000000.0,0.2736285525,1.62,1.61,255500000,257900000,https://www.sec.gov/Archives/edgar/data/64040/000006404017000069/0000064040-17-000069-index.htm,https://www.sec.gov/Archives/edgar/data/64040/000006404017000069/spgi-2017930xq3.htm,5.921722113502935,1.6203522504892367,2.0704500978473583,1.98825831702544,9.048923679060666,8.039138943248533,-9.232876712328768,3.283757338551859,14.10958904109589,39937205000.0,41193205000.0,24.11666968599033,26.39603767349637,75.49566162570888,78.61654527559055,47.60095947556615,47.60095947556615,27.22617647058824,58.51307528409091,77.8699527410208,81.08898622047244,0.0103662737540095,0.0127199687609586,4.252681764004768,0.4094560477392701,1.7840909090909092,1.5170265780730896,17.783783783783782,1.170353982300885,0.0026040880927946,0.251207729468599,0.0,0.0,0.5064264402111545,0.0396975425330812,0.0138797091870456,0.4565217391304347,0.0158625247851949,10.941616921443496,0.0759484232229305,0.0962566844919786,-13.530332681017612,1245000000.0,-2359000000.0,-3007000000.0,5917000000.0,1177000000.0,166000000.0,0.0,70.66754791804362,36.342042755344416,0.0,1.2735690235690236,2.476470588235294,0.0,0.4934445768772348,0.0821917808219178,2017-10-26,1.53,bmo,1362584795.0,2025-04-25,2017-09-30,0.1176470588235293,152.00301587301587,1034698.2063492064
2017-06-30,SPGI,USD,64040,2017-07-27,2017-07-27 17:13:02,2017,Q2,1509000000.0,449000000.0,1060000000.0,0.7024519549,0,0.0,0.0,338000000.0,45000000.0,383000000.0,832000000.0,0.0,37000000.0,45000000.0,722000000.0,0.478462558,677000000.0,0.4486414844,-28000000.0,640000000.0,0.4241219351,183000000.0,421000000.0,0.2789927104,1.63,1.62,257300000,259900000,https://www.sec.gov/Archives/edgar/data/64040/000006404017000051/0000064040-17-000051-index.htm,https://www.sec.gov/Archives/edgar/data/64040/000006404017000051/spgi-2017630xq2.htm,5.864749319860086,1.6362223085891956,1.2475709288767975,1.1193159735717062,9.265448892343567,8.472600077730275,-8.72133696074621,3.960357559269336,14.0031092110377,37563227000.0,38745227000.0,22.305954275534443,24.892794565937702,117.01939875389408,130.42787152777777,36.86283316977429,36.86283316977429,25.676094764744864,53.66374930747922,120.70164174454828,134.53203819444445,0.0112077697690882,0.0076670729061696,3.4995093228655545,0.4056421340006825,1.6371191135734071,1.5762066045723964,18.2972972972973,0.7024070021881839,0.0028219087779652,0.2517814726840855,0.0,0.0,0.5032419519963599,0.102803738317757,0.0218687872763419,0.7333333333333333,0.0145791915175613,12.074790732782608,0.0751937023642868,0.0964048545912525,-13.029537504858142,1361000000.0,-2244000000.0,-2888000000.0,6049000000.0,1137000000.0,162000000.0,-554000000.0,69.5427435387674,32.47216035634744,0.0,1.2941680960548885,2.771604938271605,0.0,0.4131501472031403,0.1282549553050913,2017-07-27,1.58,bmo,1386174418.0,2025-04-25,2017-06-30,0.0886075949367087,138.85095238095238,1093169.3333333333
2017-03-31,SPGI,USD,64040,2017-04-26,2017-04-25 19:00:18,2017,Q1,1453000000.0,805000000.0,648000000.0,0.4459738472,0,0.0,0.0,351000000.0,454000000.0,805000000.0,805000000.0,0.0,37000000.0,43000000.0,691000000.0,0.4755677908,648000000.0,0.4459738472,-28000000.0,611000000.0,0.4205092911,181000000.0,399000000.0,0.274604267,1.54,1.53,258200000,260800000,https://www.sec.gov/Archives/edgar/data/64040/000006404017000031/0000064040-17-000031-index.htm,https://www.sec.gov/Archives/edgar/data/64040/000006404017000031/spgi-2017331xq1.htm,5.627420604182804,1.5453137103020913,1.367157242447715,1.2780790085205267,9.337722695584818,7.45158791634392,-9.721146398140975,3.268783888458559,13.950426026336174,33757068000.000004,34911068000.0,21.15104511278196,23.232668960770823,95.62908781869687,102.29414545454549,39.99652606635072,39.99652606635072,24.02688781830695,50.52252966714906,98.89820963172804,105.79111515151516,0.0118197469045593,0.0097757305225678,4.2239336492891,0.4119482320314305,1.670043415340087,1.4835965978128798,17.513513513513512,0.8209302325581396,0.0031400831375521,0.2656641604010025,0.0,0.0,0.5123642246360065,0.065155807365439,0.0158293186510667,0.5348837209302325,0.0130763936682725,10.660871098278784,0.0737331091138346,0.0945497630331753,-15.65453137103021,1194000000.0,-2510000000.0,-3067000000.0,5893000000.0,1115000000.0,172500000.0,-1111500000.0,68.63041982105987,18.111801242236027,-123.87577639751554,1.3113718411552346,4.969135802469136,-0.7265342960288809,0.4727488151658768,0.0890782339271882,2017-04-25,1.39,bmo,1246709876.0,2025-04-25,2017-03-31,0.1654676258992807,124.31903225806452,1221062.6451612904
2016-12-31,SPGI,USD,64040,2017-02-09,2017-02-09 08:45:42,2016,Q4,1399000000.0,921000000.0,478000000.0,0.3416726233,0,0.0,0.0,468000000.0,453000000.0,921000000.0,921000000.0,0.0,60000000.0,47000000.0,904000000.0,0.6461758399,857000000.0,0.6125804146,-59000000.0,797000000.0,0.5696926376,228000000.0,537000000.0,0.383845604,2.07,2.05,258900000,261600000,https://www.sec.gov/Archives/edgar/data/64040/000006404017000015/0000064040-17-000015-index.htm,https://www.sec.gov/Archives/edgar/data/64040/000006404017000015/spgi-20161231x10k.htm,5.403630745461568,2.074159907300116,1.1317110853611434,0.9463113171108536,9.269988412514484,6.879103901120124,-10.328312089609888,2.707609115488605,13.997682502896872,27842106000.0,29014106000.0,12.961874301675978,19.901433881343817,95.02425255972696,113.64124897959184,39.717697574893016,39.717697574893016,20.73917512508935,32.09525,99.02425255972696,118.4249224489796,0.0192873340831329,0.0087996216952841,5.08416547788873,0.4111200830545622,1.2964601769911503,1.4059747223286096,14.283333333333331,0.5149384885764499,0.0033761813851294,0.1750465549348231,0.0,0.0,0.5139001038182028,0.1638225255972696,0.0343102215868477,1.0212765957446808,0.0157255182273052,11.241010680526148,0.1009963079607292,0.1274323682961556,-16.237929702587873,1060000000.0,-2674000000.0,-3217000000.0,5786000000.0,1051000000.0,191000000.0,-471000000.0,72.18012866333095,17.88273615635179,-108.95765472312704,1.246880570409982,5.032786885245901,-0.8260089686098655,0.7660485021398002,0.1853997682502897,2017-02-07,1.2,bmo,1300632812.0,2025-04-25,2016-12-31,0.0666666666666667,119.45936507936509,1415162.761904762
2016-09-30,SPGI,USD,64040,2016-11-03,2016-11-03 17:02:55,2016,Q3,1439000000.0,438000000.0,1001000000.0,0.6956219597,0,0.0,0.0,330000000.0,45000000.0,375000000.0,813000000.0,0.0,39000000.0,47000000.0,1395000000.0,0.9694232106,1348000000.0,0.93676164,-39000000.0,1309000000.0,0.9096594858,386000000.0,892000000.0,0.6198749131,3.39,3.36,262900000,265300000,https://www.sec.gov/Archives/edgar/data/64040/000006404016000109/0000064040-16-000109-index.htm,https://www.sec.gov/Archives/edgar/data/64040/000006404016000109/spgi-2016930xq3.htm,5.473564092810955,3.3929250665652337,2.282236591860023,2.1643210346139217,9.125142639786992,5.443134271586154,-11.582350703689617,1.7573221757322175,15.222518067706352,33272624000.0,34836624000.0,9.325286995515697,23.122045865184155,55.45437333333333,58.47561335676625,72.01866666666668,72.01866666666668,24.208911744266853,24.972490322580644,58.06104,61.22429525483304,0.0268088263793081,0.0171011459751416,8.577922077922079,0.4567773167358229,1.121146953405018,1.214028187479515,34.56410256410256,0.6493506493506493,0.0028552001188725,0.1065022421524663,0.0,0.0,0.5159059474412172,0.0516666666666666,0.0215427380125086,0.6595744680851063,0.0138985406532314,11.582547446552416,0.1576023243291377,0.2123809523809524,-15.308101939901103,653000000.0,-3045000000.0,-3541000000.0,5384000000.0,993500000.0,188500000.0,-130000000.0,61.292564280750526,40.890410958904106,35.54794520547945,1.4683673469387757,2.201005025125628,2.531791907514451,1.9307359307359304,0.1179155572461011,2016-11-03,1.35,bmo,1348433566.0,2025-04-25,2016-09-30,0.0592592592592591,120.10984375,900165.703125
2016-06-30,SPGI,USD,64040,2016-07-28,2016-07-28 16:21:05,2016,Q2,1482000000.0,831000000.0,651000000.0,0.4392712551,0,0.0,0.0,317000000.0,514000000.0,831000000.0,831000000.0,0.0,42000000.0,45000000.0,696000000.0,0.4696356275,651000000.0,0.4392712551,-42000000.0,609000000.0,0.4109311741,197000000.0,383000000.0,0.2584345479,1.45,1.44,264500000,266700000,https://www.sec.gov/Archives/edgar/data/64040/000006404016000090/0000064040-16-000090-index.htm,https://www.sec.gov/Archives/edgar/data/64040/000006404016000090/spgi-2016630xq2.htm,5.603024574669187,1.448015122873346,1.6559546313799622,1.5803402646502835,5.9243856332703215,5.085066162570889,-11.417769376181475,1.606805293005671,14.446124763705104,28370270000.0,30582270000.0,18.518453002610965,19.143232118758437,64.77230593607307,67.87145933014354,66.75357647058824,66.75357647058824,20.63580971659919,43.94004310344828,69.82253424657534,73.16332535885168,0.0135000477612655,0.014733733588013,8.891764705882354,0.4557954408394645,3.17816091954023,1.215817223198594,15.5,1.0631067961165048,0.0033485758154575,0.248041775456919,0.0,0.0,0.5264744904112894,0.045662100456621,0.0134952766531713,0.4444444444444444,0.0134952766531713,7.235348173043635,0.0765271577938224,0.097554763117677,-18.299621928166356,614000000.0,-3020000000.0,-3487000000.0,5221000000.0,992500000.0,173000000.0,124000000.0,61.15384615384615,19.27797833935018,-46.895306859205775,1.471698113207547,4.668539325842697,-1.9191685912240184,0.9011764705882352,0.0756143667296786,2016-07-28,1.34,bmo,1379083333.0,2025-04-25,2016-06-30,0.0746268656716416,105.34359375,1135036.71875
2016-03-31,SPGI,USD,64040,2016-04-26,2016-04-26 17:26:06,2016,Q1,1341000000.0,457000000.0,884000000.0,0.6592095451,24000000,0.0,0.0,330000000.0,42000000.0,372000000.0,829000000.0,0.0,40000000.0,42000000.0,554000000.0,0.4131245339,512000000.0,0.3818046234,-40000000.0,472000000.0,0.3519761372,149000000.0,294000000.0,0.2192393736,1.11,1.1,265000000,267200000,https://www.sec.gov/Archives/edgar/data/64040/000006404016000059/0000064040-16-000059-index.htm,https://www.sec.gov/Archives/edgar/data/64040/000006404016000059/mhfi-2016331xq1.htm,5.060377358490566,1.109433962264151,0.5018867924528302,0.4415094339622641,6.037735849056604,4.490566037735849,-11.950943396226416,0.8377358490566038,15.022641509433962,26229700000.0,28570700000.0,22.304166666666667,19.55980611483967,197.21578947368425,224.1854700854701,118.1518018018018,118.1518018018018,21.3055182699478,51.57166064981949,214.8172932330827,244.19401709401708,0.0112086680366149,0.0044605923819182,17.75225225225225,0.4770608885122867,4.225631768953068,1.1562709590878606,12.8,0.4117647058823529,0.0036599732364457,0.3265306122448979,0.0,0.017897091722595,0.5274179881370294,0.1203007518796992,0.01193139448173,0.3809523809523809,0.0104399701715137,4.572940361831301,0.0609238187021269,0.0753073770491803,-16.59245283018868,466000000.0,-3167000000.0,-3623000000.0,5074000000.0,984500000.0,187000000.0,96500000.0,65.63758389261746,33.08533916849015,134.11378555798686,1.3711656441717792,2.720238095238096,0.671071953010279,1.3243243243243243,0.060377358490566,2016-04-26,1.15,bmo,1285125000.0,2025-04-25,2016-03-31,0.0434782608695652,89.69295081967213,1554726.9672131147
2015-12-31,SPGI,USD,64040,2016-02-12,2016-02-11 18:16:14,2015,Q4,1374000000.0,950000000.0,424000000.0,0.308588064,0,0.0,0.0,444000000.0,506000000.0,950000000.0,950000000.0,0.0,40000000.0,53000000.0,477000000.0,0.3471615721,424000000.0,0.308588064,-40000000.0,384000000.0,0.2794759825,108000000.0,248000000.0,0.1804949054,0.92,0.91,268500000,272100000,https://www.sec.gov/Archives/edgar/data/64040/000006404016000042/0000064040-16-000042-index.htm,https://www.sec.gov/Archives/edgar/data/64040/000006404016000042/mhfi-20151231x10k.htm,5.11731843575419,0.9236499068901304,2.0521415270018624,1.810055865921788,5.538175046554935,4.33147113594041,-12.0707635009311,0.905027932960894,13.597765363128492,26468730000.0,28598730000.0,26.6821875,19.26399563318777,48.0376225045372,54.462407407407404,108.9248148148148,108.9248148148148,20.814213973799127,59.955408805031446,51.90332123411978,58.84512345679013,0.0093695466310623,0.0183612889624851,14.860082304526747,0.4412807038983258,4.465408805031447,1.1334250343878955,10.6,1.9963768115942029,0.0033624582667925,0.3588709677419355,0.0,0.0,0.5381889282659171,0.1179673321234119,0.0473071324599708,1.2264150943396226,0.0167394468704512,4.336865427388389,0.0562476928755998,0.0656258269383434,-18.747672253258845,388000000.0,-3241000000.0,-3724000000.0,5062000000.0,988500000.0,208500000.0,-737000000.0,64.91266375545852,19.515789473684208,-46.23157894736842,1.386478304742684,4.611650485436893,-1.9467213114754096,1.0205761316872428,0.2420856610800744,2016-02-04,1.01,bmo,1335336538.0,2025-04-25,2015-12-31,0.0297029702970297,94.78921875,1260001.734375
2015-09-30,SPGI,USD,64040,2015-11-04,2015-11-03 17:47:15,2015,Q3,1324000000.0,914000000.0,410000000.0,0.3096676737,0,0.0,0.0,470000000.0,444000000.0,914000000.0,914000000.0,0.0,30000000.0,38000000.0,448000000.0,0.3383685801,410000000.0,0.3096676737,-30000000.0,380000000.0,0.2870090634,99000000.0,252000000.0,0.1903323263,0.93,0.92,271300000,274400000,https://www.sec.gov/Archives/edgar/data/64040/000006404015000026/0000064040-15-000026-index.htm,https://www.sec.gov/Archives/edgar/data/64040/000006404015000026/mhfi-2015930xq3.htm,4.88020641356432,0.9288610394397346,1.994102469590859,1.876151861408036,5.3114633247327685,5.5805381496498345,-12.29266494655363,2.594913380022116,12.970880943604865,23467450000.0,25515450000.0,23.2812003968254,17.724660120845922,43.3779112754159,46.10500982318271,33.33444602272728,33.33444602272728,19.271487915407857,56.954129464285714,47.16349353049908,50.12858546168959,0.010738277912598,0.0216896168948905,4.955965909090909,0.4274163910327085,4.571428571428571,1.132135728542914,13.666666666666666,1.9252669039145909,0.0037924870405604,0.3531746031746032,0.0,0.0,0.5940218057086856,0.0591497227356746,0.0241691842900302,0.8421052631578947,0.0135951661631419,7.364242231012427,0.0535850495804729,0.076041038020519,-18.287873203096204,331000000.0,-3335000000.0,-3813000000.0,5417000000.0,1024500000.0,196000000.0,-1024500000.0,67.02416918429003,20.776805251641136,-97.08971553610505,1.3427991886409736,4.331753554502369,-0.9269776876267748,0.3579545454545454,0.1179506081828234,2015-11-03,1.07,bmo,1190487394.0,2025-04-25,2015-09-30,0.1121495327102802,98.36625,1417020.828125
2015-06-30,SPGI,USD,64040,2015-07-28,2015-07-27 17:38:39,2015,Q2,1342000000.0,771000000.0,571000000.0,0.4254843517,0,0.0,0.0,332000000.0,428000000.0,760000000.0,760000000.0,0.0,16000000.0,33000000.0,615000000.0,0.458271237,582000000.0,0.433681073,-16000000.0,566000000.0,0.4217585693,185000000.0,353000000.0,0.2630402385,1.29,1.28,273100000,275700000,https://www.sec.gov/Archives/edgar/data/64040/000162828015005469/0001628280-15-005469-index.htm,https://www.sec.gov/Archives/edgar/data/64040/000162828015005469/mhfi-2015630xq2.htm,4.913950933723911,1.2925668253387037,1.6550714024166973,1.55986818015379,6.298059318930795,5.95020139143171,-2.6913218601244964,2.984254851702673,5.529110216038081,27432895000.0,27206895000.0,19.42839589235128,20.44179955290611,60.69224557522123,64.39646713615024,33.65999386503068,33.65999386503068,20.27339418777943,44.23885365853658,60.19224557522123,63.86595070422536,0.0128677633184539,0.0155288021916753,1.8331288343558283,0.2484616663894894,-0.367479674796748,1.434375,36.375,1.1832460732984291,0.0033171854447006,0.2577903682719547,0.0,0.0,0.3924829536005322,0.0575221238938053,0.0193740685543964,0.7878787878787878,0.0141579731743666,9.31613377117924,0.1038352287360724,0.0966329044620859,-8.796228487733432,973000000.0,-735000000.0,-1175000000.0,3541000000.0,1027500000.0,181000000.0,-367000000.0,71.28912071535022,21.128404669260703,-124.08560311284047,1.2624647224835372,4.259668508287293,-0.7253057384760113,0.4331288343558282,0.0952032222629073,2015-07-27,1.13,bmo,1253272727.0,2025-04-25,2015-06-30,0.0707964601769912,104.50238095238096,1066615.4444444445
2015-03-31,SPGI,USD,64040,2015-04-28,2015-04-28 15:56:00,2015,Q1,1273000000.0,406000000.0,867000000.0,0.6810683425,0,0.0,0.0,333000000.0,33000000.0,366000000.0,772000000.0,0.0,16000000.0,33000000.0,534000000.0,0.4194815397,501000000.0,0.3935585232,-16000000.0,485000000.0,0.3809897879,156000000.0,303000000.0,0.2380204242,1.11,1.1,273500000,276300000,https://www.sec.gov/Archives/edgar/data/64040/000006404015000008/0000064040-15-000008-index.htm,https://www.sec.gov/Archives/edgar/data/64040/000006404015000008/mhfi-2015331xq1.htm,4.654478976234004,1.1078610603290675,-4.9323583180987205,-4.990859232175502,4.29981718464351,5.115173674588665,-3.480804387568556,1.9707495429616089,4.3144424131627055,28279900000.0,28267900000.0,23.33325082508251,22.21516103692066,-20.96360266864344,-20.71787545787545,52.46734693877551,52.46734693877551,22.2057344854674,52.936142322097375,-20.95470719051149,-20.70908424908425,0.0107143236008613,-0.0482674974098211,2.1595547309833023,0.2136563876651982,-0.0224719101123595,1.042264443582784,31.3125,-4.100303951367781,0.0033239155725444,0.3102310231023102,0.0,0.0,0.4315345080763583,-0.0118606375092661,0.0125687352710133,0.4848484848484848,0.01413982717989,7.008896151459276,0.1050876958093453,0.0978366160800774,-7.182815356489945,109000000.0,-952000000.0,-1361000000.0,2660000000.0,962000000.0,186000000.0,-301500000.0,70.13354281225452,40.12315270935961,72.93103448275862,1.283266129032258,2.243093922651933,1.2340425531914894,0.562152133580705,0.0585009140767824,2015-04-28,1.0,bmo,1167889908.0,2025-04-25,2015-03-31,0.09,98.21491803278688,1561589.0819672132
2014-12-31,SPGI,USD,64040,2015-02-13,2015-02-13 14:34:08,2014,Q4,1290000000.0,2438000000.0,-1148000000.0,-0.8899224806,0,0.0,0.0,1982000000.0,456000000.0,2438000000.0,2438000000.0,0.0,19000000.0,34000000.0,-1117000000.0,-0.8658914729,-1148000000.0,-0.8899224806,-19000000.0,-1167000000.0,-0.9046511628,-183000000.0,-846000000.0,-0.6558139535,-3.11,-3.11,271700000,271700000,https://www.sec.gov/Archives/edgar/data/64040/000006404015000004/0000064040-15-000004-index.htm,https://www.sec.gov/Archives/edgar/data/64040/000006404015000004/mhfi-20141231x10k.htm,4.747883695252116,-3.113728376886272,1.4317261685682738,1.284504968715495,9.201324990798676,4.965034965034965,-3.835112256164888,1.9838056680161944,3.0106735369893265,24175866000.0,22477866000.0,-7.144168439716313,18.74098139534884,62.1487557840617,69.2718223495702,44.85318367346939,44.85318367346939,17.424702325581396,-20.123425246195165,57.78371722365039,64.40649283667622,-0.0349935758247501,0.0144358841168295,1.4823747680890538,0.1180032491507901,1.5201432408236348,0.9997479203428284,-60.42105263157895,-0.3953252032520325,0.0033504487491782,-0.0957446808510638,0.0,0.0,0.3531236154186974,0.1028277634961439,0.0310077519379844,1.1764705882352942,0.0217054263565891,,-0.3452137783335595,-0.1931506849315068,-9.896945160103057,-1000000.0,-1042000000.0,-1456000000.0,2596000000.0,930000000.0,191500000.0,-398500000.0,65.02325581395348,7.050861361771944,-34.40525020508614,1.3841201716738198,12.764397905759164,-2.61587982832618,-1.5695732838589982,0.1472211998527788,2015-02-12,0.9,bmo,1222105263.0,2025-04-25,2014-12-31,0.0555555555555554,87.82125,1263957.765625
2014-09-30,SPGI,USD,64040,2014-10-29,2014-10-29 09:55:07,2014,Q3,1263000000.0,399000000.0,864000000.0,0.6840855107,0,0.0,0.0,465000000.0,33000000.0,498000000.0,897000000.0,0.0,12000000.0,34000000.0,400000000.0,0.3167062549,366000000.0,0.2897862233,-12000000.0,354000000.0,0.2802850356,139000000.0,190000000.0,0.1504354711,0.7,0.69,270900000,275400000,https://www.sec.gov/Archives/edgar/data/64040/000006404014000020/0000064040-14-000020-index.htm,https://www.sec.gov/Archives/edgar/data/64040/000006404014000020/mhfi-2014930xq3.htm,4.662236987818384,0.7013658176448874,1.3325950535252862,1.2772240679217424,7.080103359173127,8.859357696566999,-0.1734957548911037,5.68844592100406,2.9937246216315985,22877505000.0,21758505000.0,30.1019802631579,18.11362232779097,63.37259002770083,66.11995664739884,14.845882543802729,14.845882543802729,17.227636579572447,54.3962625,60.27286703601108,62.88585260115607,0.0083051014522781,0.0151240268552012,0.518494484101233,0.1274322169059011,-2.7975,1.337248322147651,30.5,1.7783251231527093,0.0035405958822869,0.4263157894736842,0.0,0.0,0.3902711323763955,0.0415512465373961,0.01187648456057,0.4411764705882353,0.0190023752969121,9.474588872429193,0.0572022994321205,0.0496991891184933,-4.387227759320783,804000000.0,-47000000.0,-682000000.0,3450000000.0,959000000.0,195000000.0,122000000.0,66.12826603325415,43.30827067669173,30.451127819548876,1.3609913793103448,2.078125,2.955555555555556,0.1232965606748864,0.0553709856035437,2014-10-29,0.94,bmo,1163941176.0,2025-04-25,2014-09-30,0.0851063829787234,82.21296875,1159084.203125
2014-06-30,SPGI,USD,64040,2014-07-29,2014-07-29 10:35:55,2014,Q2,1346000000.0,420000000.0,926000000.0,0.6879643388,0,0.0,0.0,397000000.0,43000000.0,440000000.0,860000000.0,0.0,14000000.0,33000000.0,518000000.0,0.3848439822,486000000.0,0.3610698366,-14000000.0,472000000.0,0.3506686478,156000000.0,292000000.0,0.2169390788,1.08,1.06,271500000,276100000,https://www.sec.gov/Archives/edgar/data/64040/000006404014000017/0000064040-14-000017-index.htm,https://www.sec.gov/Archives/edgar/data/64040/000006404014000017/mhfi-2014630xq2.htm,4.957642725598527,1.0755064456721914,1.2486187845303869,1.1860036832412524,5.955801104972376,8.467771639042358,-0.5193370165745856,5.311233885819521,2.994475138121547,22542645000.0,21724645000.0,19.300209760273976,16.747878900445766,66.4974778761062,70.00821428571429,15.632902219140083,15.632902219140083,16.140152303120356,41.93946911196911,64.08449852507374,67.46784161490683,0.0129532270946909,0.0142840380975701,0.5540915395284327,0.1319134885256727,-1.579150579150579,1.3290408525754884,34.714285714285715,1.076190476190476,0.0036375500745365,0.2808219178082192,0.0,0.0,0.4028396896153211,0.0501474926253687,0.012630014858841,0.5151515151515151,0.0222882615156017,11.336930416568135,0.0855119267689703,0.080729886646392,-4.950276243093922,741000000.0,-141000000.0,-765000000.0,3390000000.0,989000000.0,202000000.0,-439500000.0,66.1961367013373,42.42857142857142,23.357142857142858,1.3595959595959597,2.121212121212121,3.853211009174312,0.2024965325936199,0.0626151012891344,2014-07-29,0.99,bmo,1216018867.0,2025-04-25,2014-06-30,0.0707070707070707,78.83142857142857,1266645.4126984128
2014-03-31,SPGI,USD,64040,2014-04-29,2014-04-29 09:58:07,2014,Q1,1236000000.0,806000000.0,430000000.0,0.3478964401,0,0.0,0.0,362000000.0,444000000.0,806000000.0,806000000.0,0.0,14000000.0,33000000.0,463000000.0,0.3745954693,430000000.0,0.3478964401,-14000000.0,416000000.0,0.3365695793,141000000.0,248000000.0,0.2006472492,0.91,0.89,271800000,277200000,https://www.sec.gov/Archives/edgar/data/64040/000006404014000013/0000064040-14-000013-index.htm,https://www.sec.gov/Archives/edgar/data/64040/000006404014000013/mhfi-2014331xq1.htm,4.547461368653422,0.9124356144223694,0.4415011037527593,0.3679175864606328,5.632818248712288,8.15673289183223,-0.8535688005886681,5.176600441501104,2.9911699779249448,20738340000.0,20006340000.0,20.905584677419352,16.778592233009707,172.8195,207.3834,14.739402985074626,14.739402985074626,16.186359223300972,43.21023758099352,166.7195,200.0634,0.0119585270566496,0.0048219867163909,0.5678749111584932,0.1329229745466644,-1.5809935205183585,1.2706299911268857,30.714285714285715,0.4363636363636363,0.0039540291074406,0.3306451612903225,0.0,0.0,0.4074197304940941,0.1666666666666666,0.0161812297734627,0.6060606060606061,0.0145631067961165,10.308956232342524,0.075660049958027,0.0696238068500842,-7.417218543046357,610000000.0,-232000000.0,-930000000.0,3301000000.0,968500000.0,208000000.0,-953000000.0,71.94174757281553,23.00248138957816,-110.32258064516128,1.2510121457489878,3.912621359223301,-0.8157894736842105,0.1762615493958777,0.0735835172921265,2014-04-29,0.88,bmo,1182561797.0,2025-04-25,2014-03-31,0.0113636363636363,78.23852459016393,1793899.3442622952
2013-12-31,SPGI,USD,64040,2014-02-07,2014-02-07 09:09:28,2013,Q4,1250000000.0,930000000.0,320000000.0,0.256,0,0.0,0.0,476000000.0,490000000.0,966000000.0,966000000.0,0.0,14000000.0,34000000.0,318000000.0,0.2544,284000000.0,0.2272,-14000000.0,270000000.0,0.216,80000000.0,171000000.0,0.1368,0.63,0.62,270400000,278000000,https://www.sec.gov/Archives/edgar/data/64040/000006404014000007/0000064040-14-000007-index.htm,https://www.sec.gov/Archives/edgar/data/64040/000006404014000007/mhfi-20131231x10k.htm,4.622781065088757,0.632396449704142,1.172337278106509,0.9430473372781064,5.769230769230769,7.965976331360947,-1.0761834319526626,4.970414201183432,3.006656804733728,21145280000.0,20402280000.0,30.914152046783627,16.916224,66.70435331230284,82.92266666666667,15.73309523809524,15.73309523809524,16.321824,64.15811320754717,64.3605047318612,80.00894117647059,0.0080869111215363,0.0120594288654489,0.5944940476190477,0.1318264312819666,-2.336477987421384,1.2377740303541316,20.285714285714285,1.6596858638743457,0.0035941827206828,0.4444444444444444,0.0,0.0,0.4033987790793598,0.195583596214511,0.0496,1.8235294117647056,0.0208,8.409734040010877,0.0541750750479403,0.0472898230088495,-7.745007396449704,564000000.0,-291000000.0,-971000000.0,3258000000.0,953000000.0,218500000.0,-937500000.0,68.328,20.32258064516129,-88.83870967741935,1.3171759747102212,4.428571428571429,-1.0130718954248366,0.1272321428571428,0.2292899408284023,2014-02-04,0.78,bmo,1161333333.0,2025-04-25,2013-12-31,0.0384615384615384,71.775625,1158563.484375
2013-09-30,SPGI,USD,64040,2013-10-22,2013-10-22 09:55:29,2013,Q3,1194000000.0,811000000.0,383000000.0,0.3207705193,0,0.0,0.0,385000000.0,402000000.0,787000000.0,787000000.0,0.0,14000000.0,33000000.0,428000000.0,0.3584589615,407000000.0,0.3408710218,-14000000.0,393000000.0,0.3291457286,128000000.0,215000000.0,0.1800670017,0.79,0.77,272800000,278800000,https://www.sec.gov/Archives/edgar/data/64040/000006404013000018/0000064040-13-000018-index.htm,https://www.sec.gov/Archives/edgar/data/64040/000006404013000018/mhp-2013930xq3.htm,4.37683284457478,0.7881231671554252,1.000733137829912,0.9567448680351908,5.780791788856305,6.689882697947214,-2.2140762463343107,3.720674486803519,2.980205278592375,17892952000.0,17114952000.0,20.805758139534884,14.985721943048576,65.54194871794873,68.55537164750957,17.628524137931034,17.628524137931034,14.334130653266332,39.98820560747664,62.69213186813187,65.57452873563219,0.0120159043627904,0.0145867490171549,0.787192118226601,0.1366279069767441,-1.8177570093457944,1.198813056379822,29.071428571428573,1.030188679245283,0.0042474824724282,0.3534883720930232,0.0,0.0,0.4153556771545827,0.0439560439560439,0.0100502512562814,0.3636363636363636,0.0217755443886097,8.122676259159567,0.0786586997885758,0.0628838841766598,-8.08925953079179,469000000.0,-604000000.0,-1195000000.0,3234000000.0,957000000.0,227000000.0,-413000000.0,72.1356783919598,25.191122071516645,-106.20221948212082,1.247648902821317,3.5726872246696035,-0.8474399164054337,0.2118226600985221,0.0439882697947214,2013-10-22,0.77,bmo,1108800000.0,2025-04-25,2013-09-30,0.0389610389610389,60.59359375,1169887.453125
2013-06-30,SPGI,USD,64040,2013-07-25,2013-07-25 09:56:39,2013,Q2,1250000000.0,397000000.0,853000000.0,0.6824,0,0.0,0.0,382000000.0,35000000.0,417000000.0,814000000.0,0.0,16000000.0,35000000.0,471000000.0,0.3768,436000000.0,0.3488,-16000000.0,420000000.0,0.336,147000000.0,254000000.0,0.2032,0.93,0.91,274300000,278300000,https://www.sec.gov/Archives/edgar/data/64040/000006404013000015/0000064040-13-000015-index.htm,https://www.sec.gov/Archives/edgar/data/64040/000006404013000015/mhp-2013630xq2.htm,4.557054320087495,0.9259934378417792,0.995260663507109,0.918702150929639,6.926722566532993,7.586584032081662,-1.4145096609551586,4.458621946773605,2.971199416697047,14828658000.0,13727658000.0,14.595135826771653,11.8629264,54.31742857142858,58.84388095238095,12.124822567457072,12.124822567457072,10.9821264,29.14577070063694,50.284461538461535,54.474833333333336,0.0171289944106877,0.01699412043895,0.6533115290269829,0.1297077922077922,-2.337579617834395,1.297286012526096,27.25,1.0,0.0051926479119014,0.3031496062992126,0.0,0.0,0.4008116883116883,0.0769230769230769,0.0168,0.6,0.0208,9.638191217854011,0.0752722443559096,0.0688160390138173,-5.088406853809698,712000000.0,-388000000.0,-972000000.0,3521000000.0,978000000.0,238500000.0,132000000.0,68.90400000000001,51.46095717884131,29.697732997481108,1.3061650992685476,1.748898678414097,3.030534351145038,0.2076860179885527,0.0765585125774699,2013-07-25,0.82,bmo,1036586956.0,2025-04-25,2013-06-30,0.1219512195121952,53.66375,1655855.078125
2013-03-31,SPGI,USD,64040,2013-04-30,2013-04-30 09:48:29,2013,Q1,1181000000.0,374000000.0,807000000.0,0.683319221,0,0.0,0.0,494000000.0,35000000.0,529000000.0,903000000.0,0.0,15000000.0,35000000.0,313000000.0,0.2650296359,278000000.0,0.2353937341,-15000000.0,263000000.0,0.2226926334,89000000.0,735000000.0,0.6223539373,2.62,2.59,280500000,284300000,https://www.sec.gov/Archives/edgar/data/64040/000144530513000976/0001445305-13-000976-index.htm,https://www.sec.gov/Archives/edgar/data/64040/000144530513000976/mhp-2013331x10q.htm,4.210338680926916,2.620320855614973,-0.1675579322638146,-0.2459893048128342,6.791443850267379,6.745098039215686,-2.106951871657754,3.672014260249554,2.9019607843137254,14459775000.0,13353775000.0,4.918290816326531,12.243670618120236,-307.6547872340425,-209.56195652173912,14.03861650485437,14.03861650485437,11.307176121930569,42.6638178913738,-284.12287234042554,-193.53297101449272,0.0508306664522788,-0.0047718584832751,0.7757281553398059,0.1274322169059011,-3.533546325878594,1.183407738095238,18.53333333333333,-0.2701149425287356,0.0054634321765034,0.1074829931972789,0.0,0.0,0.3960127591706539,-0.4680851063829787,0.0186282811176968,0.6285714285714286,0.0177815410668924,14.713658614891424,0.0513467209303806,0.1940850277264325,-5.908199643493761,493000000.0,-591000000.0,-1197000000.0,3321000000.0,976500000.0,249500000.0,559500000.0,76.13039796782388,60.16042780748664,32.00534759358289,1.182182182182182,1.496,2.81203007518797,0.7135922330097088,0.0784313725490196,2013-04-30,0.73,bmo,1077662499.0,2025-04-25,2013-03-31,0.0958904109589042,50.22083333333333,3882617.533333333
2012-12-31,SPGI,USD,64040,2013-03-20,2013-03-20 15:59:44,2012,Q4,1226000000.0,931000000.0,295000000.0,0.2406199021,0,0.0,0.0,-102000000.0,981000000.0,879000000.0,879000000.0,0.0,18000000.0,-3000000.0,97000000.0,0.0791190865,347000000.0,0.2830342577,-20000000.0,329000000.0,0.2683523654,118000000.0,-216000000.0,-0.176182708,-0.78,-0.76,277900000,284700000,https://www.sec.gov/Archives/edgar/data/64040/000006404013000008/0000064040-13-000008-index.htm,https://www.sec.gov/Archives/edgar/data/64040/000006404013000008/mhp-20121231x10ka.htm,4.411658870097157,-0.77725800647715,-0.3598416696653472,-0.4246131702051097,2.7383951061532925,5.937387549478229,-3.127024109391868,3.022670025188917,4.584382871536524,15192793000.0,15688793000.0,-17.584251157407408,12.392163947797716,-151.92793,-128.75248305084745,18.08665833333333,18.08665833333333,12.796731647634584,161.74013402061857,-156.88793,-132.95587288135593,-0.0142172673582796,-0.0077668405012824,1.4952380952380953,0.1781055019852524,5.11340206185567,1.063266975729479,19.27777777777778,-2.380952380952381,0.0505502839405499,-3.555555555555556,0.0,0.0,0.3572036301758366,-0.18,0.0146818923327895,-6.0,0.0163132137030995,,0.0579240169048225,-0.0476505625413633,-12.351565311263045,232000000.0,-869000000.0,-1503000000.0,3119000000.0,1146000000.0,329000000.0,622000000.0,70.0326264274062,24.070891514500538,95.31686358754028,1.2851153039832286,3.738955823293173,0.9442190669371197,-0.2571428571428571,0.0647715005397625,2013-02-12,0.72,bmo,1176960000.0,2025-04-25,2012-12-31,0.0416666666666667,53.920967741935485,2311207.241935484
2012-09-30,SPGI,USD,64040,2012-11-02,2012-11-02 09:59:33,2012,Q3,1953000000.0,680000000.0,1273000000.0,0.6518177163,0,0.0,0.0,701000000.0,44000000.0,745000000.0,1425000000.0,0.0,20000000.0,52000000.0,580000000.0,0.2969790067,528000000.0,0.2703533026,-20000000.0,508000000.0,0.2601126472,171000000.0,314000000.0,0.1607782898,1.13,1.1,278700000,284600000,https://www.sec.gov/Archives/edgar/data/64040/000006404012000010/0000064040-12-000010-index.htm,https://www.sec.gov/Archives/edgar/data/64040/000006404012000010/mhp-2012930x10q.htm,7.007534983853606,1.126659490491568,2.482956584140653,2.350197344815214,4.467168998923574,9.587369931826336,-3.344097595981342,6.40832436311446,4.373878722640832,15253251000.0,15209251000.0,12.144308121019106,7.810164362519202,22.042270231213877,23.28740610687023,8.540454087346024,8.540454087346024,7.787634920634921,26.22284655172414,21.97868641618497,23.220230534351145,0.0205857754520659,0.0429416653538317,0.6713325867861142,0.1509505224726174,-0.0758620689655172,0.9705181655747468,26.4,2.053412462908012,0.0046547454047664,0.2261146496815286,0.0,0.0,0.4537328465315372,0.0534682080924855,0.0189452124935995,0.7115384615384616,0.0133128520225294,12.745586996747262,0.0702643363160347,0.072366904816778,-10.382131324004304,-99000000.0,-932000000.0,-2012000000.0,3987000000.0,1220000000.0,320500000.0,277000000.0,61.65898617511521,54.13235294117647,34.14705882352941,1.4596412556053813,1.662591687041565,2.635658914728682,0.1758118701007838,0.1327592393254395,2012-11-02,1.3,bmo,1090827067.0,2025-04-25,2012-09-30,0.023076923076923,49.465873015873015,1907058.53968254
2012-06-30,SPGI,USD,64040,2012-07-26,2012-07-26 09:56:04,2012,Q2,1547000000.0,1182000000.0,365000000.0,0.2359405301,0,0.0,0.0,568000000.0,614000000.0,1182000000.0,1182000000.0,0.0,20000000.0,48000000.0,413000000.0,0.2669683258,365000000.0,0.2359405301,-20000000.0,345000000.0,0.2230122818,125000000.0,216000000.0,0.1396250808,0.77,0.76,279700000,285300000,https://www.sec.gov/Archives/edgar/data/64040/000006404012000006/0000064040-12-000006-index.htm,https://www.sec.gov/Archives/edgar/data/64040/000006404012000006/mhp-2012630x10q.htm,5.53092599213443,0.7722559885591705,0.6435466571326421,0.5470146585627458,2.9996424740793706,9.016803718269577,-3.721844833750447,6.1851984268859495,4.3582409724705045,12586500000.0,12949500000.0,14.567708333333334,8.1360698125404,69.925,82.26470588235294,7.27543352601156,7.27543352601156,8.370717517776342,31.354721549636803,71.94166666666666,84.63725490196079,0.0171612441902037,0.0121558813013943,0.6930635838150289,0.1640218878248974,0.8789346246973365,0.9169850642584232,18.25,0.8181818181818182,0.0055615143208993,0.324074074074074,0.0,0.0,0.4874145006839945,0.15,0.0174531351001939,0.5625,0.0174531351001939,10.366895476745306,0.0481791809539237,0.0576461168935148,-10.63460850911691,-239000000.0,-1041000000.0,-2148000000.0,3806000000.0,1017000000.0,284500000.0,294500000.0,64.11118293471235,17.66497461928934,22.538071065989847,1.4038112522686026,5.094827586206897,3.993243243243243,0.1248554913294797,0.0965319985698963,2012-07-26,0.76,bmo,958494117.0,2025-04-25,2012-06-30,0.1184210526315789,46.05174603174604,1667696.0
2012-03-31,SPGI,USD,64040,2012-04-25,2012-04-25 12:12:34,2012,Q1,1331000000.0,529000000.0,802000000.0,0.6025544703,0,0.0,0.0,544000000.0,566000000.0,1110000000.0,1110000000.0,0.0,21000000.0,44000000.0,265000000.0,0.1990984222,221000000.0,0.166040571,-21000000.0,200000000.0,0.1502629602,73000000.0,123000000.0,0.0924117205,0.44,0.43,278000000,283800000,https://www.sec.gov/Archives/edgar/data/64040/000119312512181173/0001193125-12-181173-index.htm,https://www.sec.gov/Archives/edgar/data/64040/000119312512181173/d321608d10q.htm,4.787769784172662,0.4424460431654676,-0.0899280575539568,-0.1438848920863309,3.352517985611511,6.424460431654676,-4.384892086330935,6.424460431654676,4.384892086330935,13474660000.0,13764660000.0,27.38752032520325,10.123711495116456,-538.9864,-336.8665,7.544602463605822,7.544602463605822,10.34159278737791,51.94211320754717,-550.5864,-344.1165,0.0091282451653696,-0.0029685350131283,0.6707726763717805,0.1886020151133501,1.0943396226415094,0.9020293911826452,10.523809523809524,-0.1968503937007874,0.0055660031496156,0.6097560975609756,0.0,0.0,0.4730793450881612,-0.6,0.0112697220135236,0.3409090909090909,0.0150262960180315,7.9972329397624335,0.0360387776065742,0.0367493277561995,-10.030575539568344,-280000000.0,-1219000000.0,-1988000000.0,3210000000.0,817000000.0,280000000.0,278000000.0,63.02028549962434,57.33459357277883,49.84877126654064,1.4281115879828326,1.56973293768546,1.8054607508532423,0.0688689809630459,0.0539568345323741,2012-04-24,0.48,bmo,974117647.0,2025-04-25,2012-03-31,0.0625,46.41741935483872,1825794.2903225808
2011-12-31,SPGI,USD,64040,2012-02-07,2012-02-07 12:35:19,2011,Q4,1519600000.0,592500000.0,927100000.0,0.6100947618,0,0.0,0.0,645900000.0,39100000.0,685000000.0,1277500000.0,-4600000.0,13600000.0,46900000.0,289000000.0,0.1901816267,241900000.0,0.1591866281,-18300000.0,223700000.0,0.1472097921,81200000.0,214400000.0,0.1410897605,0.51,0.51,278000000,278000000,https://www.sec.gov/Archives/edgar/data/64040/000119312512043165/0001193125-12-043165-index.htm,https://www.sec.gov/Archives/edgar/data/64040/000119312512043165/d272748d10k.htm,5.4661870503597125,0.7712230215827338,1.102158273381295,0.9244604316546764,3.5,5.697841726618705,-3.856115107913669,5.424460431654676,4.358273381294964,12501660000.0,12755660000.0,14.577495335820895,8.226941300342196,40.80176240208878,48.64459143968872,8.290225464190982,8.290225464190982,8.394090550144774,44.13723183391003,41.63074412532637,49.63291828793774,0.0171497225168497,0.0205572699945447,0.7944297082228117,0.1864011202738447,0.8788927335640139,0.8559105431309905,17.78676470588235,1.391462306993642,0.0057912309245332,0.3376865671641791,0.0,0.0,0.4132565738291582,0.1612271540469974,0.0325085548828639,1.0533049040511726,0.0211897867859963,9.701960997784198,0.041680728215522,0.0568549456377618,-11.553956834532372,-451000000.0,-1072000000.0,-2164000000.0,2705000000.0,917650000.0,278250000.0,274150000.0,41.576730718610165,33.87341772151899,39.9493670886076,2.1646723646723647,2.65695067264574,2.252851711026616,0.1421750663129973,0.1776978417266187,2012-01-31,0.57,bmo,1374876190.0,2025-04-25,2011-12-31,0.1052631578947369,42.99968253968254,1954004.0952380951
2011-09-30,SPGI,USD,64040,2011-10-21,2011-10-21 06:03:32,2011,Q3,1908000000.0,711100000.0,1196900000.0,0.6273060797,0,0.0,0.0,552200000.0,749000000.0,1301200000.0,1301200000.0,0.0,18100000.0,46000000.0,606800000.0,0.3180293501,606800000.0,0.3180293501,-18100000.0,588700000.0,0.3085429769,213700000.0,365600000.0,0.1916142558,1.23,1.21,297800000,303600000,https://www.sec.gov/Archives/edgar/data/64040/000095012311091082/0000950123-11-091082-index.htm,https://www.sec.gov/Archives/edgar/data/64040/000095012311091082/y92503e10vq.htm,6.406984553391538,1.2276695768972463,2.347884486232371,2.263935527199463,4.948959032907992,7.683344526527871,-1.2458025520483549,7.683344526527871,4.083613163196777,12209800000.0,11970200000.0,8.349152078774617,6.399266247379455,17.46252860411899,18.110056363097005,5.336217822647612,5.336217822647612,6.273689727463313,19.726763348714567,17.119851258581235,17.75467220409374,0.0299431604121279,0.0552179396877917,0.523578514925047,0.167465786935432,-0.3948582729070534,1.2279907253097602,33.52486187845304,1.8705189941144995,0.006101656046782,0.2037746170678337,0.0,0.0,0.3717097446076855,0.0357551487414187,0.0131027253668763,0.5434782608695652,0.0123689727463312,14.56824242284774,0.0879776127422668,0.0813420549103368,-8.05632975151108,629300000.0,-371000000.0,-1476100000.0,3776700000.0,1077300000.0,336650000.0,312800000.0,53.45754716981132,42.20925326958234,36.10884545071017,1.6835789287920233,2.1322338830584706,2.492464072905713,0.1597832262575936,0.0839489590329079,2011-10-20,1.23,bmo,389940495.0,2025-04-25,2011-09-30,-0.016260162601626,41.6146875,3136547.875
2011-06-30,SPGI,USD,64040,2011-07-28,2011-07-28 10:31:42,2011,Q2,1580800000.0,606900000.0,973900000.0,0.6160804656,0,0.0,0.0,586900000.0,28200000.0,615100000.0,1222000000.0,-500000.0,24200000.0,47100000.0,392000000.0,0.2479757085,358800000.0,0.2269736842,-19500000.0,339300000.0,0.2146381579,123500000.0,211100000.0,0.1335399798,0.7,0.68,303600000,309200000,https://www.sec.gov/Archives/edgar/data/64040/000095012311069322/0000950123-11-069322-index.htm,https://www.sec.gov/Archives/edgar/data/64040/000095012311069322/y91249e10vq.htm,5.206851119894599,0.6953227931488801,0.9522397891963108,0.9522397891963108,4.36429512516469,7.693675889328064,-2.195981554677207,7.427536231884058,4.025691699604743,12723875999.999998,12621675999.999998,15.068540975840833,8.049010627530363,44.01202352127291,44.01202352127291,5.642517073170732,5.642517073170732,7.984359817813764,32.19815306122449,43.65851262538913,43.65851262538913,0.0165908564339985,0.0227210639273755,0.5312638580931264,0.1725230414746544,-0.2607142857142857,1.2390615091946735,14.826446280991735,1.3694931312174323,0.0066174803966967,0.3988630980577925,0.0,0.0,0.4323876728110599,0.0,0.0,0.0,0.0146128542510121,10.779705138675313,0.0516201363668509,0.0535582899911201,-7.730813570487483,603200000.0,-666700000.0,-1481800000.0,4132200000.0,923300000.0,340200000.0,328950000.0,58.14587550607288,50.3905091448344,50.464656450815625,1.5478311955351025,1.7860506180105944,1.7834263884807522,0.0936141906873614,0.0,2011-07-28,0.66,bmo,1511205882.0,2025-04-25,2011-06-30,0.0303030303030303,40.71349206349206,1777304.3333333333
2011-03-31,SPGI,USD,64040,2011-04-27,2011-04-27 08:00:29,2011,Q1,1281900000.0,516400000.0,765500000.0,0.5971604649,0,0.0,0.0,509400000.0,558100000.0,1067500000.0,1067500000.0,100000.0,19100000.0,47000000.0,261400000.0,0.2039160621,214400000.0,0.1672517357,-19100000.0,195300000.0,0.1523519775,71100000.0,120000000.0,0.0936110461,0.39,0.39,305200000,309600000,https://www.sec.gov/Archives/edgar/data/64040/000095012311039726/0000950123-11-039726-index.htm,https://www.sec.gov/Archives/edgar/data/64040/000095012311039726/y90652e10vq.htm,4.200196592398427,0.3931847968545216,0.1615334207077326,0.0091743119266055,4.253276539973788,7.587483617300131,-1.1494102228047185,7.587483617300131,3.9878768020969857,12024880000.0,11953280000.0,25.05183333333333,9.380513300569469,243.91237322515207,4294.6,5.192762447640022,5.192762447640022,9.324658709727748,45.72792654934965,242.46004056795127,4269.028571428571,0.0099793095648355,0.0002328505565128,0.5173381698838364,0.1764437309454025,-0.2739097169089518,1.2285714285714286,11.225130890052355,0.3969404186795491,0.0063950742127987,0.6408333333333334,0.0,0.0,0.3927272191702137,0.9432048681541582,0.036274280365083,0.9893617021276596,0.0141196661206022,8.1929159708779,0.0309196870033793,0.029103608847497,-7.8575524246395805,544000000.0,-350800000.0,-1550000000.0,3747100000.0,907936500.0,368540000.0,296351000.0,57.9428972618769,59.36096049573973,55.35243996901627,1.5532533624136675,1.516147974163241,1.6259445843828717,0.051820183961653,0.1523591087811271,2011-04-26,0.37,bmo,1196333333.0,2025-04-25,2011-03-31,0.0540540540540541,37.89387096774194,1665741.7096774194
2010-12-31,SPGI,USD,64040,2011-02-23,2011-02-23 15:16:44,2010,Q4,1524079000.0,588216000.0,935863000.0,0.6140515026,0,0.0,0.0,622231000.0,30083000.0,652314000.0,1240530000.0,0.0,19445000.0,101237000.0,373728000.0,0.2452156351,283549000.0,0.1860461302,-30503000.0,253046000.0,0.1660320758,92108000.0,153843000.0,0.1009416179,0.5,0.5,305200000,305200000,https://www.sec.gov/Archives/edgar/data/64040/000095012311017079/0000950123-11-017079-index.htm,https://www.sec.gov/Archives/edgar/data/64040/000095012311017079/y88684e10vk.htm,4.993705766710354,0.5040727391874181,1.3264613368283094,0.6680340760157274,5.0712712975098295,7.507834207077327,-0.8501114023591088,7.242123197903014,3.98889252948886,11112331999.999998,10784700999.999998,18.057909687148584,7.291178475656444,27.448971929373865,54.50320770634281,5.027531154198352,5.027531154198352,7.076208647976908,28.857085902046403,26.639678783507392,52.89625963783327,0.0138443487829557,0.0183475439718683,0.5419930181296985,0.1700070431519715,-0.8766562847846562,1.2289316842194,14.582103368475186,2.5154780101654053,0.006577107307449,0.4750752390424003,0.0,0.0,0.3619985692311469,0.4963787805432323,0.1318514328981634,1.984965970939479,0.0142105494531451,9.062975766973208,0.0413080456029521,0.0342199106883086,-7.624302916120577,613737000.0,-259454000.0,-1460559000.0,3713349000.0,1048786500.0,364740000.0,285051000.0,58.49537327133304,60.66342976049615,42.09198661716105,1.538583224053149,1.483595641646489,2.138174204476885,0.0696028948158979,0.658427260812582,2011-02-01,0.53,bmo,903505454.0,2025-04-25,2010-12-31,0.0377358490566038,35.9590625,2051423.671875
2010-09-30,SPGI,USD,64040,2010-10-29,2010-10-29 07:36:20,2010,Q3,1979806000.0,708000000.0,1271806000.0,0.6423892038,0,0.0,0.0,597600000.0,761218000.0,1358818000.0,1358818000.0,19000.0,19319000.0,145823000.0,657900000.0,0.3323052865,620988000.0,0.3136610355,-10288000.0,612727000.0,0.3094884044,223033000.0,379850000.0,0.191862233,1.24,1.23,307200000,309300000,https://www.sec.gov/Archives/edgar/data/64040/000095012310097799/0000950123-10-097799-index.htm,https://www.sec.gov/Archives/edgar/data/64040/000095012310097799/y86417e10vq.htm,6.4446809895833335,1.2364908854166667,2.2584928385416667,2.172744140625,4.4140625,6.93359375,-2.268880208333333,6.93359375,3.962626953125,10156032000.0,10031032000.0,6.684238515203369,5.129811708823996,14.638080509189129,15.215781454364036,4.768090140845071,4.768090140845071,5.066674209493254,15.24704666362669,14.457915651137418,15.028506278213005,0.0374014181916717,0.0657212383734119,0.5624413145539906,0.1740267286461359,-0.1899984800121599,1.259273570324575,32.14389978777369,1.7803943607035264,0.0074582277802984,0.1994102935369224,0.0,0.0,0.4106624055781522,0.0379672215263855,0.0133053440589633,0.18064365703627,0.0110298685830833,13.888838079147648,0.0919338898939864,0.093628296771013,-7.87841796875,671000000.0,-697000000.0,-1495000000.0,4014000000.0,1050519500.0,329014500.0,317327000.0,50.32311246657501,42.33050847457627,37.5,1.788442637759711,2.126126126126126,2.4,0.1783333333333333,0.0857486979166666,2010-10-26,1.1,bmo,1778363636.0,2025-04-25,2010-09-30,0.0999999999999998,29.93875,1849587.125
2010-06-30,SPGI,USD,64040,2010-07-23,2010-07-23 10:44:37,2010,Q2,1474056000.0,560895000.0,913161000.0,0.6194886761,0,0.0,0.0,547719000.0,600079000.0,1147798000.0,1147798000.0,-60000.0,20840000.0,108607000.0,326258000.0,0.2213335179,326258000.0,0.2213335179,-20900000.0,305418000.0,0.2071956561,111172000.0,191084000.0,0.1296314387,0.61,0.61,311200000,313200000,https://www.sec.gov/Archives/edgar/data/64040/000095012310067554/0000950123-10-067554-index.htm,https://www.sec.gov/Archives/edgar/data/64040/000095012310067554/y83500e10vq.htm,4.7366838046272495,0.6140231362467866,0.8249035989717224,0.7784318766066838,3.678094473007712,6.169428020565553,-0.9301285347043702,5.922062982005142,3.916262853470437,8757168000.0,8837242000.0,11.457223001402523,5.940865204578388,34.11307701297184,36.14959875829728,4.7517225138446815,4.7517225138446815,5.99518742842877,27.086667606618075,34.42500097386156,36.48014431491694,0.02182029624189,0.0276628243285957,0.6499924577280072,0.1882300606565718,0.2454315296483151,1.2322999164751585,15.655374280230326,1.321571615374319,0.0100799710591369,0.4619539050888614,0.0,0.0,0.3471673434395145,0.0563359432823029,0.0098110248185957,0.1331590044840572,0.0099405992716694,9.045240898858934,0.0518197320739834,0.0459928696658486,-7.661056394601542,548176000.0,-289456000.0,-1536147000.0,3303358000.0,880253000.0,309201000.0,329390000.0,60.69207004347189,52.15345118070227,54.50014708635306,1.4828955403158226,1.7256767857637318,1.6513716900139557,0.1036839929113495,0.0464717223650385,2010-07-23,0.61,bmo,1430000000.0,2025-04-25,2010-06-30,0.0,31.155555555555555,3516120.1904761903
2010-03-31,SPGI,USD,64040,2010-04-28,2010-04-28 09:47:01,2010,Q1,1190390000.0,476226000.0,714164000.0,0.5999411957,0,0.0,0.0,487971000.0,512155000.0,1000126000.0,1000126000.0,0.0,22039000.0,61732000.0,190264000.0,0.1598333319,190264000.0,0.1598333319,-22100000.0,168225000.0,0.1413192315,61234000.0,103286000.0,0.0867665219,0.33,0.33,313400000,316300000,https://www.sec.gov/Archives/edgar/data/64040/000095012310039279/0000950123-10-039279-index.htm,https://www.sec.gov/Archives/edgar/data/64040/000095012310039279/y83967e10vq.htm,3.798308870453095,0.3295660497766433,0.3280918953414167,0.1955201021059349,3.939087428206765,6.333710912571793,-0.7448819400127632,6.065079770261646,3.892456924058711,11172710000.0,11161197000.0,27.04313750169432,9.38575592872924,108.65858165408856,182.33419283243032,5.877911148802922,5.877911148802922,9.376084308503936,58.66163330950679,108.5466136310589,182.1463052418565,0.0092444894748006,0.0054844348416812,0.6301870374306343,0.1904614487355856,-0.0605106588739856,1.257720497088653,8.633059576205817,0.9610527988335468,0.0066284724117962,0.7170187634335728,0.0,0.0,0.3527345769820054,0.4040690889286548,0.0349028469661203,0.6730382945635975,0.0070035870597031,6.7062656212657314,0.0296377715934844,0.0253723772079478,-7.451588225909381,568626000.0,-233446000.0,-1529258000.0,3345864000.0,868064500.0,297600500.0,310177500.0,57.94910071489176,55.44336092527497,60.31031485051215,1.5530870865934214,1.623278215786729,1.4922820453363248,0.054338287748922,0.1325717932354818,2010-04-27,0.25,bmo,901818181.0,2025-04-25,2010-03-31,0.32,34.641639344262295,1698398.737704918
2009-12-31,SPGI,USD,64040,2010-02-24,2010-02-24 15:46:19,2009,Q4,1462492000.0,578683000.0,883809000.0,0.6043171518,0,0.0,0.0,556853000.0,44549000.0,601402000.0,1180085000.0,0.0,19950000.0,89416000.0,382368000.0,0.2614496353,279103000.0,0.190840702,-6101000.0,273002000.0,0.1866690553,99373000.0,167294000.0,0.1143896856,0.53,0.53,312691000,313372000,https://www.sec.gov/Archives/edgar/data/64040/000095012310016328/0000950123-10-016328-index.htm,https://www.sec.gov/Archives/edgar/data/64040/000095012310016328/y80741e10vk.htm,4.677115746855522,0.5350137995657055,1.3572024778455407,1.0626529065435206,3.9480797336667823,6.169595543203994,-0.9596214793518202,5.907707609109313,3.894461305250231,10478275410.0,10466161410.0,15.658474616543328,7.164671950342292,24.6904942681763,31.534285366044504,5.672250933395839,5.672250933395839,7.156388828109829,27.37195949974893,24.661949432708507,31.497828380712768,0.0159657952720294,0.0317115161606541,0.6484173818145205,0.1849832824987452,-0.0316815214662314,1.1975738533430889,13.990125313283208,2.444205749039619,0.0065731236587147,0.4117003598455414,0.0,0.0,0.3442711864406779,0.2170269920001885,0.0629767547446413,1.030050550237094,0.0066906348889429,8.43302227141243,0.0441201093031653,0.0394003025901034,-7.783028612911789,484442000.0,-300065000.0,-1609677000.0,3293480000.0,1072114500.0,308199500.0,320113000.0,59.671834102340384,46.941969955917145,46.84881014303168,1.5082492662391638,1.917260824045483,1.9210733362325672,0.0905619971341756,0.2945495713020202,2010-01-26,0.4,bmo,1147058823.0,2025-04-25,2009-12-31,0.2749999999999999,30.73578125,3042078.90625
2009-09-30,SPGI,USD,64040,2009-10-28,2009-10-27 21:28:38,2009,Q3,1875903000.0,735880000.0,1140023000.0,0.6077195889,0,0.0,0.0,546961000.0,772977000.0,1319938000.0,1319938000.0,0.0,17827000.0,164270000.0,555965000.0,0.2963719339,555965000.0,0.2963719339,-17827000.0,538138000.0,0.2868687773,195882000.0,336111000.0,0.1791729103,1.08,1.07,312471000,313642000,https://www.sec.gov/Archives/edgar/data/64040/000095012309053840/0000950123-09-053840-index.htm,https://www.sec.gov/Archives/edgar/data/64040/000095012309053840/y79656e10vq.htm,6.003446719855603,1.075655020785929,1.943674773018936,1.727459508242365,3.06353229579705,5.610888690470476,-1.5788697191099337,5.366917249920792,3.890268216890528,7855520940.0,8096024940.0,5.84295139105831,4.187594422526112,12.934262639501304,14.553163116152662,4.684253330041753,4.684253330041753,4.315801478008192,14.562112615002745,13.3302569886489,14.998721592645907,0.0427865958944283,0.0687135842578506,0.7142305990556981,0.1867002043654811,0.432588382362199,1.1354767554161849,31.18668312110843,1.7745255013790846,0.0090290638318889,0.2110255243059584,0.0,0.0,0.3501835486021516,0.1112404543074577,0.0360151884185909,0.411280209411335,-0.0025321138672948,11.3969912009902,0.0906786317873273,0.0806238899885724,-8.495310764838978,340869000.0,-493351000.0,-1805288000.0,3162581000.0,1112007000.0,300040000.0,364441000.0,56.35207683979395,38.47283524487688,41.46019731477959,1.5971017404711694,2.339312905512587,2.170756673362891,0.2004232542996268,0.2162152647765712,2009-10-26,1.05,bmo,1840836448.0,2025-04-25,2009-09-30,0.019047619047619,29.70421875,3816416.828125
2009-06-30,SPGI,USD,64040,2009-07-29,2009-07-29 14:20:20,2009,Q2,1465180000.0,582505000.0,882675000.0,0.6024345132,0,0.0,0.0,546126000.0,622727000.0,1168853000.0,1168853000.0,0.0,18499000.0,111360000.0,393838000.0,0.2687983729,296327000.0,0.2022461404,-32348000.0,263979000.0,0.180168307,96088000.0,164093000.0,0.1119951132,0.53,0.52,312226000,313033000,https://www.sec.gov/Archives/edgar/data/64040/000095012309026861/0000950123-09-026861-index.htm,https://www.sec.gov/Archives/edgar/data/64040/000095012309026861/y78375e10vq.htm,4.692690551075183,0.5255584096135492,0.7107704034897798,0.5276882770813449,1.7811809394477078,4.695374504365428,-2.5248954283115435,4.695374504365428,4.182297438393984,9401124860.0,10132316860.0,14.322860908143552,6.416361716649149,42.362484217356624,57.06020260017723,6.412694018763752,6.412694018763752,6.915407567670866,25.727118409092064,45.65731435961446,61.49817829786718,0.0174546134046346,0.0175253496207686,0.8781085907540016,0.2124991086190594,1.856580624520742,0.991573850519918,16.018541542786096,1.2987557938105716,0.0075415443423862,0.4320659625943824,0.0,0.0,0.3721277725248662,0.2575826532865299,0.0390143190597742,0.5133171695402299,0.0064176415184482,7.451382759845435,0.0505260316227439,0.0431408170025712,-9.780861459327538,-20371000.0,-788338000.0,-2194776000.0,2818028000.0,940893000.0,280483000.0,388142500.0,64.4632263612662,44.11259989184642,60.239225414374125,1.396144826751613,2.0402334077034348,1.494043115277582,0.1119310949797342,0.1830821264084349,2009-07-28,0.55,bmo,1389413793.0,2025-04-25,2009-06-30,0.0545454545454543,29.502380952380957,2814899.126984127
2009-03-31,SPGI,USD,64040,2009-04-29,2009-04-29 16:42:09,2009,Q1,1148207000.0,488939000.0,659268000.0,0.5741717304,0,0.0,0.0,491311000.0,43616000.0,534927000.0,1023866000.0,0.0,20591000.0,70907000.0,124341000.0,0.1082914492,124341000.0,0.1082914492,-20591000.0,103750000.0,0.0903582716,37765000.0,63004000.0,0.054871639,0.2,0.2,312017000,312017000,https://www.sec.gov/Archives/edgar/data/64040/000095012309007488/0000950123-09-007488-index.htm,https://www.sec.gov/Archives/edgar/data/64040/000095012309007488/y76652e10vq.htm,3.6799501309223537,0.2019248951178942,0.2151517385270674,0.0470230788707025,1.592217731726156,4.185618091321947,-3.118381370245852,3.9587778871023054,4.416967665223369,7135828790.0,7996607790.0,28.31498313599137,6.214758131591255,106.2970727383772,486.3569240730643,5.777035401382442,5.777035401382442,6.964430446774841,64.31191473448018,119.11944988157484,545.0250674754635,0.0088292477095712,0.0020561031425755,1.0990701146205573,0.232087705135793,6.922728625312648,0.9039544302549938,6.038609101063572,1.065503777537934,0.0099289097433628,1.1245476477683956,0.0,0.0,0.3896066241120057,0.7814422546960421,0.0456877549083048,0.7398282257040912,0.0068193278738067,4.240985229529086,0.0216344486203951,0.0176459747605761,-10.349374393061916,-226093000.0,-972988000.0,-2415509000.0,2649533000.0,946598500.0,306458000.0,378039500.0,65.24129359949904,50.70393239238432,71.12543691544343,1.3794944127332731,1.7750102556841902,1.265370082815735,0.0510068765857678,0.1681286596563648,2009-04-28,0.18,bmo,1033379999.0,2025-04-25,2009-03-31,0.1111111111111112,21.716065573770493,4019693.62295082
2008-12-31,SPGI,USD,64040,2009-02-27,2009-02-27 10:50:08,2008,Q4,1415418000.0,624572000.0,790846000.0,0.5587367124,0,0.0,0.0,540460000.0,49475000.0,589935000.0,1214507000.0,0.0,15438000.0,101129000.0,302040000.0,0.2133927928,200911000.0,0.1419446411,-15438000.0,185473000.0,0.1310376157,69552000.0,115921000.0,0.0818987748,0.37,0.37,311329000,312017000,https://www.sec.gov/Archives/edgar/data/64040/000095012309003645/0000950123-09-003645-index.htm,https://www.sec.gov/Archives/edgar/data/64040/000095012309003645/y74743e10vk.htm,4.54637377179768,0.3723424415971528,1.4608533095214389,0.4958966238288113,1.5150242990534128,4.118909577970571,-3.250689784761458,4.118909577970571,4.121270424534817,7219719510.0,8015681510.0,15.570344264628496,5.100768472634939,15.874283782535851,46.76377875080155,5.63013087833454,5.63013087833454,5.663119665003554,26.53847672493709,17.624397017629494,51.919407139202136,0.0160561639326068,0.0213840717476848,0.9885342063234596,0.2084874004587392,2.635286716991127,0.909914359764856,13.014056224899598,3.9234133590980074,0.0095985723412127,0.597812303206494,0.0,0.0,0.3773546736243989,0.6605431766511436,0.2122475480741378,2.97065134630027,0.0,5.8742666863224615,0.0346929504734097,0.0306201746962046,-10.746355141988058,-227980000.0,-1012034000.0,-2495083000.0,2687452000.0,1185204000.0,328216500.0,396729000.0,67.45514046027392,48.62739604080875,53.2702554709465,1.334220036988928,1.8508085426674057,1.6894981862642997,0.0903983043445711,0.9649566856926274,2009-01-27,0.38,bmo,1280600000.0,2025-04-25,2008-12-31,0.1052631578947368,24.08828125,3128874.53125
2008-09-30,SPGI,USD,64040,2008-10-28,2008-10-28 12:17:44,2008,Q3,2048541000.0,747786000.0,1300755000.0,0.6349665445,0,0.0,0.0,610899000.0,43589000.0,654488000.0,1402274000.0,0.0,22002000.0,168148000.0,646267000.0,0.3154767222,646267000.0,0.3154767222,-22002000.0,624265000.0,0.3047363953,234099000.0,390166000.0,0.1904604301,1.25,1.23,313105000,317203000,https://www.sec.gov/Archives/edgar/data/64040/000095012308013590/0000950123-08-013590-index.htm,https://www.sec.gov/Archives/edgar/data/64040/000095012308013590/y71983e10vq.htm,6.542664601331822,1.246118714169368,2.160728828987081,2.077303141118794,1.549722936395139,5.216652560642596,-2.208240047268488,5.216652560642596,4.875964931891858,9897249050.0,10916710050.0,6.3416911327486245,4.831364883592762,14.629323020981916,15.216845040235912,6.059441305039917,6.059441305039917,5.329017115107777,16.89195030846384,16.13620884359272,16.784248263413765,0.0394216613150701,0.0657166447680732,0.921221898417985,0.2303147105436282,1.5774610184335576,0.91727523100841,29.37310244523225,1.7339670806784804,0.0069760798835308,0.176960575754935,0.0,0.0,0.3558407562138977,0.0386099758327359,0.0127510262181718,0.1553452910531198,0.0,12.093915353414982,0.1004187532190288,0.0927110899682469,-10.285814662812797,-233116000.0,-691411000.0,-2314963000.0,2721902000.0,1287885500.0,340220500.0,460186500.0,57.53338595615123,38.39020789370221,51.0040439377041,1.5643091138177236,2.3443478151824286,1.7645659648071284,0.2388732428858304,0.083425687868287,2008-10-28,1.22,bmo,1952476562.0,2025-04-25,2008-09-30,0.0491803278688525,40.356875,2403159.796875
2008-06-30,SPGI,USD,64040,2008-07-30,2008-07-30 13:06:52,2008,Q2,1673225000.0,639270000.0,1033955000.0,0.6179414006,0,0.0,0.0,630375000.0,43555000.0,673930000.0,1313200000.0,0.0,20354000.0,109602000.0,360025000.0,0.2151683127,360025000.0,0.2151683127,-20354000.0,339671000.0,0.2030037801,127377000.0,212294000.0,0.1268771385,0.67,0.66,317746000,321087000,https://www.sec.gov/Archives/edgar/data/64040/000095012308008528/0000950123-08-008528-index.htm,https://www.sec.gov/Archives/edgar/data/64040/000095012308008528/y63841e10vq.htm,5.265919948638221,0.6681248544434863,0.4710334669830619,0.3787616523890151,1.1182013306225729,4.752771081303934,-2.625317077162262,4.752771081303934,5.488959735134353,12747969520.0,14116406520.0,15.012164168558694,7.618801727203454,85.17441500912012,105.92413394266724,8.441391203927495,8.441391203927495,8.436645711126717,39.209517450177074,94.31750409236382,117.29461171582884,0.0166531618754607,0.0094407191522685,1.141418803396165,0.2628099859015714,3.8009499340323583,0.8452708175806188,17.688169401591825,0.705008149076281,0.0055771234696205,0.3348987724570643,0.0,0.0,0.3574322899601716,0.1958922689401278,0.0175224491625453,0.2675042426233098,0.0,8.452662358998882,0.0546678382274317,0.0503719395453204,-11.00075610707924,-459401000.0,-834184000.0,-2539049000.0,2533110000.0,1116107000.0,361161500.0,468700500.0,68.10792929821154,50.88934253132479,69.91327608052936,1.321432040694318,1.7685431865149517,1.2873091499293186,0.1405758541730953,0.0922718145940468,2008-07-29,0.65,bmo,1531802816.0,2025-04-25,2008-06-30,0.0923076923076922,41.0575,2555718.953125
2008-03-31,SPGI,USD,64040,2008-04-30,2008-04-30 16:40:00,2008,Q1,1217871000.0,501373000.0,716498000.0,0.5883201094,0,0.0,0.0,527164000.0,41727000.0,568891000.0,1070264000.0,0.0,17830000.0,69909000.0,217516000.0,0.178603481,147607000.0,0.1212008497,-17830000.0,129777000.0,0.1065605471,48667000.0,81110000.0,0.0665998287,0.25,0.25,319945000,323400000,https://www.sec.gov/Archives/edgar/data/64040/000095012308004917/0000950123-08-004917-index.htm,https://www.sec.gov/Archives/edgar/data/64040/000095012308004917/y55546e10vq.htm,3.8065011173795495,0.2535123224304177,-0.3508634296519714,-0.4433105690040476,1.2399287377518011,4.752648111394146,-2.543734079294879,4.752648111394146,5.036878213442935,11821967750.0,13018952750.0,36.4380709838491,9.707077145280577,-105.31163090052291,-83.35014453414179,7.774613043918595,7.774613043918595,10.68992754569244,59.85285105463506,-115.97452942800896,-91.78942256847746,0.0068609559521087,-0.0119975796753463,1.048078832765789,0.2543053919743743,5.502974493830339,0.8266063461775022,8.278575434660684,-1.3840093699913698,0.0060070371956479,0.875539390950561,0.0,0.0,0.3725062236201243,-0.2634846824696901,0.0242866444804088,0.4230928778841065,0.0172793341823559,5.206652894068947,0.0230827536097237,0.0206260283134261,-10.641384456703497,-462341000.0,-813855000.0,-2542182000.0,2528334000.0,1077599000.0,374432000.0,395737500.0,71.38635372711889,64.77620454232677,79.12797458179838,1.2607451606792182,1.3893990954840711,1.1373979995780463,0.0533412776390154,0.0924471393520761,2008-04-29,0.23,bmo,1120468000.0,2025-04-25,2008-03-31,0.0869565217391303,40.48262295081968,3028266.229508197
2007-12-31,SPGI,USD,64040,2008-02-29,2008-02-29 06:09:37,2007,Q4,1569688000.0,621526000.0,948162000.0,0.6040448803,0,0.0,0.0,669009000.0,42298000.0,711307000.0,1332833000.0,0.0,11855000.0,87063000.0,323918000.0,0.2063582062,236855000.0,0.1508930437,-11855000.0,225000000.0,0.1433405874,84375000.0,140625000.0,0.0895878671,0.44,0.44,319945000,319945000,https://www.sec.gov/Archives/edgar/data/64040/000095012308002305/0000950123-08-002305-index.htm,https://www.sec.gov/Archives/edgar/data/64040/000095012308002305/y50265e10vk.htm,4.906118239072341,0.4395286689899826,2.000500085952273,1.7213052243354328,1.238012783447155,5.021644345121818,-4.071452905968213,5.021644345121818,3.779718389098126,14016790450.0,14818141450.0,24.918738577777777,8.92966656431087,21.89952417779861,25.45161623901671,8.72423393396197,8.72423393396197,9.440182666873929,45.74658231404244,23.1515373017733,26.906705276518323,0.0100326105681347,0.0392902356616168,0.7453066940528429,0.1883567267798964,2.4739316740656587,0.8781174017449169,19.979333614508647,4.551466666666666,0.0047637867055364,0.4748302222222222,0.0,0.0,0.4576273772536169,0.1395625341770174,0.0569074873478041,1.026004157908641,0.0,7.047057878358207,0.0400039062309991,0.0407839804874936,-10.274741752488708,-323825000.0,-1302641000.0,-2417651000.0,3246232000.0,1347494000.0,374394000.0,365094000.0,68.18453730932517,56.185453223195815,50.778438874640806,1.3199473597907847,1.6018381064307952,1.7724058083429342,0.0875268415647465,0.2791948616168404,2008-01-24,0.52,bmo,1600478431.0,2025-04-25,2007-12-31,-0.0192307692307692,48.050625,2787227.671875
2007-09-30,SPGI,USD,64040,2007-10-26,2007-10-26 09:00:46,2007,Q3,2187996000.0,766891000.0,1421105000.0,0.6495007303,0,0.0,0.0,644545000.0,37908000.0,682453000.0,1449344000.0,0.0,15423000.0,148386000.0,738652000.0,0.3375929389,738652000.0,0.3375929389,-15423000.0,723229000.0,0.3305440229,271211000.0,452018000.0,0.2065899572,1.37,1.34,330249000,337733000,https://www.sec.gov/Archives/edgar/data/64040/000095012307014307/0000950123-07-014307-index.htm,https://www.sec.gov/Archives/edgar/data/64040/000095012307014307/y41302e10vq.htm,6.625291825259123,1.368718754636653,2.0843969247446625,1.885468237602536,1.3702721280003876,5.238183915772645,-1.879160875581758,5.238183915772645,4.077853377300158,17176250490.0,18055003490.0,9.49976023631802,7.850220242632985,24.952061376875804,27.584659854113067,9.929013726187277,9.929013726187277,8.251844834268436,24.443179589305924,26.228632116449003,28.99591678791792,0.026316453655771,0.0362520330244671,0.7695705833557334,0.2040377053582266,1.1896711848069186,0.683926632758035,47.89288724632043,1.5228818321394282,0.0039966231302906,0.1518678459707357,0.0,0.0,0.3602460559081986,0.095437046936967,0.0300256490414059,0.442737185448762,0.0,12.70102408191823,0.1177752360210567,0.1082885343299314,-9.154191988469307,-1244024000.0,-620591000.0,-2102944000.0,1715870000.0,1400966500.0,361576500.0,404857000.0,61.93817081932508,42.34004571705757,44.53931523515075,1.453061961783338,2.125647208825323,2.0206866568296795,0.2612964295727222,0.198928687142126,2007-10-18,1.24,bmo,2024716417.0,2025-04-25,2007-09-30,0.0806451612903226,55.48619047619048,3924370.603174603
2007-06-30,SPGI,USD,64040,2007-07-27,2007-07-27 09:43:13,2007,Q2,1718179000.0,634801000.0,1083378000.0,0.6305384945,0,0.0,0.0,587687000.0,40266000.0,627953000.0,1262754000.0,0.0,12099000.0,97108000.0,455425000.0,0.2650626041,455425000.0,0.2650626041,-12099000.0,443326000.0,0.2580208465,166248000.0,277078000.0,0.1612625925,0.81,0.79,340183000,350298000,https://www.sec.gov/Archives/edgar/data/64040/000095012307010383/0000950123-07-010383-index.htm,https://www.sec.gov/Archives/edgar/data/64040/000095012307010383/y37543e10vq.htm,5.050749155601544,0.814496903137429,0.7637212911873903,0.5690995728769516,1.0526157979675643,5.5608069774209765,-1.2198934103115089,5.5608069774209765,2.95897208267315,23159658640.0,23796069640.0,20.896334822685308,13.479188512954703,89.14246700409923,119.62757177243569,12.242827394734448,12.242827394734448,13.849587056994643,52.25024897623099,91.59203879832953,122.91485263277514,0.0119638205513723,0.0083592769223994,0.5257161313786811,0.1593880545465181,1.3974002305538782,0.6985293361796321,37.641540623192,0.9376601534585928,0.0030038007503205,0.2510737048773269,0.0,0.0,0.3696929775004027,0.2548334327668828,0.0385332378058397,0.6817872883799481,0.0,10.09496663670682,0.0762793369106071,0.0704537213757442,-8.238099787467334,-1055778000.0,-414987000.0,-1901439000.0,1820609000.0,1131489000.0,344412000.0,407676000.0,67.89368278858024,51.37605328283982,60.99149182184654,1.3256019750800447,1.75178890259484,1.4756156524730704,0.1464709899920283,0.1946217183104387,2007-07-24,0.73,bmo,1587703797.0,2025-04-25,2007-06-30,0.0821917808219178,67.50555555555556,1967620.746031746
2007-03-31,SPGI,USD,64040,2007-04-27,2007-04-27 09:01:09,2007,Q1,1296418000.0,504382000.0,792036000.0,0.6109418413,0,0.0,0.0,536643000.0,23212000.0,559855000.0,1064237000.0,0.0,0.0,68614000.0,232181000.0,0.1790942428,232181000.0,0.1790942428,-1204000.0,230977000.0,0.1781655299,87139000.0,143838000.0,0.1109503262,0.41,0.4,351215000,361497000,https://www.sec.gov/Archives/edgar/data/64040/000095012307006115/0000950123-07-006115-index.htm,https://www.sec.gov/Archives/edgar/data/64040/000095012307006115/y33890e10vq.htm,3.6912375610381103,0.4095440115029256,0.366516236493316,0.2952408069131443,1.223270646185385,5.62498184872514,-0.834847600472645,5.62498184872514,1.7295901370955111,22084399200.0,22262226200.0,38.38415300546448,17.034937188468533,171.56129453257307,212.97868901468755,11.178702739147733,11.178702739147733,17.172105138928956,95.88306622850276,172.94273262588754,214.69362637786543,0.0065131045086343,0.0046953054534533,0.307483683256242,0.1033477809059301,0.7658981570412738,0.7080836457424471,0.0,0.894937360085652,0.0032945881543383,0.5058399032244608,0.0,0.0,0.3859926258173971,0.1944673181796995,0.019309358555651,0.3648380796921911,0.0,7.199496280751578,0.0417842443735056,0.0398551959468165,-7.274447275885142,-882934000.0,-293211000.0,-1760547000.0,1920900000.0,1102074500.0,349461000.0,353665000.0,67.1191853244864,58.250671118319055,68.72612424709844,1.3408982776667615,1.545046576668474,1.309545692936405,0.0728080592110258,0.0712754295801716,2007-04-24,0.31,bmo,1086172972.0,2025-04-25,2007-03-31,0.1935483870967742,66.2244262295082,2043175.5409836064
2006-12-31,SPGI,USD,64040,2007-02-28,2007-02-28 14:02:03,2006,Q4,1594346000.0,607029000.0,987317000.0,0.6192614401,0,0.0,0.0,618500000.0,42669000.0,661169000.0,1268198000.0,0.0,70000.0,92196000.0,418344000.0,0.2623922285,326148000.0,0.2045653829,-70000.0,326078000.0,0.2045214778,121301000.0,204777000.0,0.1284394981,0.58,0.58,351215000,351215000,https://www.sec.gov/Archives/edgar/data/64040/000095012307002897/0000950123-07-002897-index.htm,https://www.sec.gov/Archives/edgar/data/64040/000095012307002897/y30806e10vk.htm,4.53951568127785,0.5830531156129436,1.5902709166749711,0.5379724670073887,1.0065002918440271,7.629565935395698,-0.4360605327221217,7.629565935395698,0.0078328089631707,23889644300.0,23538827300.0,29.16543886764627,14.983977317345168,42.77258628499607,126.43769741299008,8.9153171459514,8.9153171459514,14.763939132409153,56.26667837951543,42.14447519994557,124.58097266915064,0.0085717894091876,0.0079090336225726,0.0010005157451547,0.0004436618902544,-0.8385849922551776,0.9148798062897484,4659.257142857143,2.7274889269791043,0.0026914590771031,0.3139903407120917,0.0,0.0,0.4687771910460061,0.6617101769475782,0.2318085283871882,4.008666319580025,0.0,10.00449645217859,0.0572566846917595,0.0637910533590478,-5.468722150249847,-210078000.0,-153151000.0,-1105334000.0,3164910000.0,1275911500.0,337749000.0,334314000.0,69.84612499419825,55.22370430407773,47.7662187473745,1.2885467877777876,1.6297349323839976,1.8841767751387457,0.0764202210912152,1.0522984496675825,2007-01-25,0.59,bmo,1594300000.0,2025-04-25,2006-12-31,0.0,64.40920634920636,1216879.365079365
2006-09-30,SPGI,USD,64040,2006-10-27,2006-10-27 09:28:57,2006,Q3,1992570000.0,712257000.0,1280313000.0,0.6425435493,0,0.0,0.0,625079000.0,39005000.0,664084000.0,1376341000.0,0.0,7515000.0,142324000.0,616229000.0,0.3092634136,616229000.0,0.3092634136,-7515000.0,608714000.0,0.3054919024,226441000.0,382273000.0,0.1918492199,1.09,1.06,351139000,360935000,https://www.sec.gov/Archives/edgar/data/64040/000095012306013086/0000950123-06-013086-index.htm,https://www.sec.gov/Archives/edgar/data/64040/000095012306013086/y26115e10vq.htm,5.67459040436978,1.0886657420565644,1.8725148730274903,1.802394493348788,0.8820182320961215,7.421066870954237,0.7863296301464662,7.421066870954237,0.6917858739701371,20376596170.0,20302283170.0,13.325945181846484,10.226288747697698,30.99040805276854,32.196059305630826,7.819630385912183,7.819630385912183,10.188993696582806,32.94600411535322,30.877386713266507,32.07864098241245,0.0187603953482089,0.031059701763722,0.0903352718101669,0.0383891864864349,-0.1205931561156647,0.9357397443130996,81.99986693280107,1.7200089988045193,0.0031489557659521,0.167851247668551,0.0,0.0,0.379934679118959,0.0374471683449604,0.0123569059054387,0.1729996346364632,0.0,13.48253976883334,0.1012110591346168,0.1005407967243951,-5.858766756184873,-163436000.0,276111000.0,-1146148000.0,2666576000.0,1215977500.0,298650500.0,367940500.0,59.37316129420798,38.290153694523184,43.777793689637306,1.5158364156159518,2.3504737201635497,2.055836816219087,0.1466993575165801,0.0701203796787027,2006-10-19,1.0,bmo,1828073394.0,2025-04-25,2006-09-30,0.09,55.00015873015873,1471249.2222222222
2006-06-30,SPGI,USD,64040,2006-07-28,2006-07-28 06:02:12,2006,Q2,1527543000.0,586476000.0,941067000.0,0.6160657998,0,0.0,0.0,540241000.0,40423000.0,580664000.0,1167140000.0,0.0,8555000.0,93462000.0,453865000.0,0.2971209321,360403000.0,0.2359364024,-8555000.0,351848000.0,0.2303359054,130887000.0,220961000.0,0.1446512471,0.62,0.6,355783000,365507000,https://www.sec.gov/Archives/edgar/data/64040/000119312506155188/0001193125-06-155188-index.htm,https://www.sec.gov/Archives/edgar/data/64040/000119312506155188/d10q.htm,4.2934682095547005,0.6210555310399879,0.881236596464699,0.8235385052124469,0.5932070953362021,6.068547401084369,-0.4817149779500426,6.068547401084369,1.939775087623636,17870980090.0,18341511090.0,20.219608992084577,11.699166629024518,56.999448503966136,60.99289794232784,8.277104334889856,8.277104334889856,12.00719789230156,40.41182089387814,58.50020600965142,62.59880031126173,0.0123642351391596,0.0163953514874068,0.3156817282868769,0.1148331291919877,1.0367201700946316,0.7661712623936211,42.12776154295734,1.4189336579758418,0.0036670624481681,0.2965862754060671,0.0,0.0,0.3926374331767033,0.0654740071891276,0.0134385742332621,0.2196400676210652,0.0,9.208711142092053,0.059137414426084,0.0612936405916518,-7.118071268160649,-652251000.0,-171386000.0,-1639156000.0,2179957000.0,998645000.0,287117500.0,379979000.0,65.83825790828801,45.15898348781536,59.7607574734516,1.3669863519986971,1.9929589430258872,1.5060050073826796,0.1023400642679356,0.057698091252252,2006-07-25,0.52,bmo,1323833333.0,2025-04-25,2006-06-30,0.1538461538461537,53.70111111111111,1928126.984126984
2006-03-31,SPGI,USD,64040,2006-04-28,2006-04-28 08:31:03,2006,Q1,1140679000.0,481485000.0,659194000.0,0.5778961478,0,0.0,0.0,504030000.0,39490000.0,543520000.0,1025005000.0,0.0,0.0,62010000.0,115674000.0,0.101408021,115674000.0,0.101408021,2509000.0,118183000.0,0.1036075881,43963000.0,74220000.0,0.0650665086,0.2,0.2,367456000,377333000,https://www.sec.gov/Archives/edgar/data/64040/000095012306005379/0000950123-06-005379-index.htm,https://www.sec.gov/Archives/edgar/data/64040/000095012306005379/y20232e10vq.htm,3.10426010188975,0.2019833667160149,-0.0551494600714099,-0.0868484934250631,0.4891415570843856,6.339115431507445,-0.0214474658190368,6.339115431507445,0.0087466254463119,21172814720.0,20996290720.0,71.31775370520076,18.56158894833691,-1044.797173451764,-663.4542261774199,9.089596272945284,9.089596272945284,18.40683550762309,181.51261925756867,-1036.0863913150752,-657.9228126468837,0.0035054385060051,-0.0015072629889806,0.0013797864293239,0.0005684984971227,-1.5260473399381018,0.78891504905529,0.0,-0.27303961196443,0.0031326019179371,0.8936405281595258,0.0,0.0,0.41341320377558,-0.5747841105354059,0.0102114617697003,0.1878406708595388,0.0,5.367392963934134,0.0219291177306007,0.0223806201078201,-6.257241003004442,-494716000.0,-7881000.0,-1475177000.0,2349345000.0,997064000.0,308123000.0,352905500.0,69.41946857967929,52.33078912115643,69.26066232592916,1.296466277276359,1.7198288333017813,1.2994389163718212,0.031863020779223,0.0316990333536532,2006-04-25,0.22,bmo,1045641666.0,2025-04-25,2006-03-31,0.0909090909090908,53.461451612903225,1922738.725806452
2005-12-31,SPGI,USD,64040,2006-02-24,2006-02-24 14:56:01,2005,Q4,1541318000.0,589163000.0,952155000.0,0.6177537666,0,0.0,0.0,590099000.0,46494000.0,636593000.0,1225756000.0,0.0,3706000.0,95606000.0,411168000.0,0.2667638995,315562000.0,0.2047351682,1816000.0,317378000.0,0.2059133806,128066000.0,189312000.0,0.1228247513,0.52,0.52,367456000,367456000,https://www.sec.gov/Archives/edgar/data/64040/000095012306002219/0000950123-06-002219-index.htm,https://www.sec.gov/Archives/edgar/data/64040/000095012306002219/y17693e10vk.htm,4.19456479143081,0.515196377253331,1.8032635199860665,1.6738657145345293,2.03775962292084,8.47216537490203,2.0714779456588,8.47216537490203,0.0190281285378385,18971753280.0,18226252280.0,25.053553498985803,12.308785909202385,28.631422655519003,30.844768222256903,6.094073677191061,6.094073677191061,11.825108303413051,44.327993131761225,27.50634191542664,29.632713373393685,0.0099786243899541,0.0324204089586389,0.0010555232195835,0.0005137740219843,-1.8131299128336835,1.16455803734764,85.14894765245548,3.500147903989182,0.0032598990239451,0.3266882183908046,0.0,0.0,0.3677363360501128,0.0717575684404334,0.0308489228050279,0.497332803380541,0.0,9.91002777213133,0.0450963058441893,0.0468149433322856,-4.165167394191413,366113000.0,761177000.0,-691721000.0,3244834000.0,1237910500.0,299676500.0,352253000.0,65.06521691175993,51.370588444963445,51.21676004772873,1.3832275411001256,1.751975259080839,1.7572372777217713,0.0608104722293961,0.129397805451537,2006-01-25,0.56,bmo,1514259649.0,2025-04-25,2005-12-31,0.0178571428571426,50.52174603174603,1239380.9523809524
2005-09-30,SPGI,USD,64040,2005-10-28,2005-10-28 08:30:33,2005,Q3,1977041000.0,722003000.0,1255038000.0,0.6348062584,0,0.0,0.0,613104000.0,31979000.0,645083000.0,1367086000.0,0.0,0.0,137999000.0,609955000.0,0.3085191455,609955000.0,0.3085191455,-2808000.0,607147000.0,0.3070988411,225858000.0,381289000.0,0.1928584182,1.02,1.0,373552000,381163000,https://www.sec.gov/Archives/edgar/data/64040/000095012305012732/0000950123-05-012732-index.htm,https://www.sec.gov/Archives/edgar/data/64040/000095012305012732/y13806e10vq.htm,5.292545616139119,1.0207119758427208,1.7887228551848202,1.7114698890649762,1.249183513941834,8.468933374737654,2.150886623549064,8.468933374737654,0.0119153424422838,17945438080.0,17483254080.0,11.76629674603778,9.076917514608953,26.85715110127346,28.06943920365762,5.672497099020826,5.672497099020826,8.843141887295205,28.663186759678997,26.165446308709765,27.346511982206177,0.0212471268909808,0.0356259344101785,0.0014069472405848,0.0007001551950382,-0.7577345869777279,1.186662193462995,0.0,1.7524266370128696,0.0034225968586663,0.1610851611245013,0.0,0.0,0.3712535562252464,0.0431888964217779,0.0145965612245775,0.2091174573728795,0.0,13.94624281517064,0.091522240722501,0.0953927691045605,-4.072200122071358,406162000.0,803468000.0,-611493000.0,3279611000.0,1241299500.0,274295000.0,401553500.0,61.98035346763167,32.7922737163142,46.025459728006666,1.4520730354821414,2.7445489379171923,1.9554394574625973,0.1205242656516163,0.077252966119844,2005-10-20,0.96,bmo,1917090909.0,2025-04-25,2005-09-30,0.03125,46.7165625,1035745.3125
2005-06-30,SPGI,USD,64040,2005-07-29,2005-07-29 08:40:43,2005,Q2,1456277000.0,574441000.0,881836000.0,0.6055413908,0,0.0,0.0,529719000.0,38144000.0,567863000.0,1142304000.0,0.0,3512000.0,93320000.0,313973000.0,0.2155997794,313973000.0,0.2155997794,-3512000.0,310461000.0,0.2131881503,115491000.0,194970000.0,0.1338824963,0.52,0.51,373534000,380047000,https://www.sec.gov/Archives/edgar/data/64040/000095012305009102/0000950123-05-009102-index.htm,https://www.sec.gov/Archives/edgar/data/64040/000095012305009102/y11009e10vq.htm,3.8986464418232334,0.5219605176503344,0.5708583422124893,0.5003292872937939,0.6582934886784068,7.527636038486456,0.9473408043176792,7.527636038486456,1.0522924285339488,16528879500.0,16672539500.0,21.19413178950608,11.350093079819292,77.51485215841677,88.44175450799936,5.87833946457607,5.87833946457607,11.44874189457088,53.10182563468833,78.18856894975028,89.21044197121302,0.0117957179130019,0.0113068765490122,0.1385415466379878,0.063190352430725,0.4575552674911537,0.945033686253178,89.4000569476082,1.0936810791403806,0.0036263801185071,0.3074319126019387,0.0,0.0,0.3987103526383559,0.1235491359298426,0.0180906517098052,0.2823081868838406,0.0023209870100262,9.40241448113001,0.0468547779303747,0.0525976159632159,-5.486305798133503,-128938000.0,353864000.0,-1136132000.0,2843664000.0,994729500.0,279532500.0,406171500.0,69.2836665002606,44.73388912003147,67.97758168375864,1.2990074651961654,2.011897507022226,1.323965898326492,0.0693392341210059,0.0705290549186954,2005-07-26,0.47,bmo,1342080392.0,2025-04-25,2005-06-30,0.0851063829787234,43.3565625,1745648.4375
2005-03-31,SPGI,USD,64040,2005-04-29,2005-04-29 08:30:27,2005,Q1,1029006000.0,430727000.0,598279000.0,0.5814144913,0,0.0,0.0,439473000.0,33132000.0,472605000.0,903332000.0,0.0,698000.0,58336000.0,125674000.0,0.122131455,125674000.0,0.122131455,-698000.0,124976000.0,0.1214531305,46241000.0,78735000.0,0.0765155888,0.21,0.21,378830000,386600000,https://www.sec.gov/Archives/edgar/data/64040/000095012305005238/0000950123-05-005238-index.htm,https://www.sec.gov/Archives/edgar/data/64040/000095012305005238/y08261e10vq.htm,2.7162737903545127,0.2078372884935195,0.0418499062904205,-0.0042948024179711,0.953195364675448,7.241168862022543,2.0690362431697595,7.241168862022543,0.0108729509278568,16528352900.000002,16170674900.000002,52.4809579602464,16.062445602843912,1042.5351898574493,-10158.790964966196,6.025270343966766,6.025270343966766,15.714849962002168,128.67160192243426,1019.9744480888104,-9938.951997541488,0.0047636325577244,-9.843691079466242e-05,0.0012470964270559,0.0006271779814145,-2.846077947705969,1.113072739820566,180.0487106017192,0.2013589890137804,0.0038020727401095,0.7981456785419445,0.0,0.0,0.3592127513845215,1.1026239434842942,0.0169882391356318,0.2996605869445968,0.0,5.8191202333897145,0.0217130897300543,0.0225263952360257,-3.985419581342555,204803000.0,783813000.0,-695367000.0,2668079000.0,959914000.0,295922000.0,339461500.0,75.95203526510049,57.15655159764769,79.07969549157586,1.184958371238729,1.5746226370259886,1.1380923945210113,0.0287021739796119,0.0461447087083916,2005-04-26,0.18,bmo,882000000.0,2025-04-25,2005-03-31,0.1666666666666666,45.68311475409836,1751596.7213114754
2004-12-31,SPGI,USD,64040,2005-02-25,2005-02-25 10:30:28,2004,Q4,1412755000.0,567605000.0,845150000.0,0.5982282845,0,0.0,0.0,509025000.0,34459000.0,543484000.0,1111089000.0,0.0,20000.0,84271000.0,385937000.0,0.273180417,301666000.0,0.2135303007,-20000.0,301646000.0,0.213516144,111609000.0,190037000.0,0.1345151849,0.5,0.5,378830000,378830000,https://www.sec.gov/Archives/edgar/data/64040/000095012305002243/0000950123-05-002243-index.htm,https://www.sec.gov/Archives/edgar/data/64040/000095012305002243/y05956e10vk.htm,3.7292585064540815,0.5016418974210067,1.3469524588865718,1.2189451732967294,1.796644933083441,7.878238259905499,2.721611276826017,7.878238259905499,0.0135839294670432,17339049100.0,16663552100.0,22.81009632334756,12.273217295284743,33.980412373154394,37.54885863833528,5.8096745097106295,5.8096745097106295,11.795075650059635,43.1768710955415,32.656598911156145,36.08602516821036,0.0109600589342583,0.0266319679549208,0.0017175331452736,0.0008742980756061,-1.750277895096868,1.2433978001302408,15083.3,2.6850876408278386,0.0032889923588716,0.3000889300504638,0.0,0.0,0.3331892657482386,0.0950347465831546,0.034325130684372,0.5754411363339702,0.0,9.429805075040507,0.0487439150131384,0.0486089795534165,-3.323509225774094,479168000.0,1031028000.0,-430646000.0,2945719000.0,1141884000.0,292642500.0,305550000.0,66.98218728654295,50.47011566141948,47.64107081509148,1.3436408043080048,1.7832334802592515,1.8891263034224304,0.0636743750152872,0.1280072855898424,2005-01-25,0.45,bmo,1250632653.0,2025-04-25,2004-12-31,0.0888888888888888,43.09453125,1312396.875
2004-09-30,SPGI,USD,64040,2004-10-29,2004-10-29 08:01:20,2004,Q3,1695911000.0,622198000.0,1073713000.0,0.6331187191,0,0.0,0.0,525436000.0,31361000.0,556797000.0,1178995000.0,0.0,1867000.0,144375000.0,516916000.0,0.3048013722,516916000.0,0.3048013722,-1867000.0,515049000.0,0.303700489,190568000.0,324481000.0,0.1913313847,0.86,0.85,378760000,384112000,https://www.sec.gov/Archives/edgar/data/64040/000095012304012682/0000950123-04-012682-index.htm,https://www.sec.gov/Archives/edgar/data/64040/000095012304012682/y67901e10vq.htm,4.47753458654557,0.8566928925968952,1.3860782553595945,1.2501557714647795,1.1188166649065372,7.5773656141091985,2.40590875488436,7.5773656141091985,0.0198542612736297,15093586000.0,14675476000.0,11.629021421901436,8.899987086586501,28.750180479284406,31.8760276995791,5.259083701306236,5.259083701306236,8.653447026406457,28.390446416825945,27.95376682647893,30.993024419810396,0.0214979395883787,0.0313715375524411,0.0019696843522463,0.0009948821558302,-0.8088548236077041,1.174435819634139,276.86984467059455,1.6179406498377409,0.0037656392589541,0.1751627984381212,0.0,0.0,0.3447225311857629,0.0980626334546687,0.0303565458328886,0.3565852813852814,0.0,12.085453797431349,0.08780290806047,0.0871478530426587,-3.4553437533002427,345104000.0,911262000.0,-488572000.0,2790764000.0,1090128500.0,271504500.0,333997500.0,65.39830215146903,38.618831947386525,44.93375099244935,1.3761825160468382,2.330469241602493,2.002948741473276,0.113059463700909,0.1359224838948146,2004-10-21,0.78,bmo,1581014117.0,2025-04-25,2004-09-30,0.0897435897435896,37.81328125,1159809.375
2004-06-30,SPGI,USD,64040,2004-07-30,2004-07-30 08:01:58,2004,Q2,1230297000.0,478774000.0,751523000.0,0.6108468118,0,0.0,0.0,456697000.0,29766000.0,486463000.0,965237000.0,0.0,2161000.0,102191000.0,265060000.0,0.2154439131,265060000.0,0.2154439131,-2161000.0,262899000.0,0.2136874267,97273000.0,165626000.0,0.1346227781,0.44,0.43,379180000,385214000,https://www.sec.gov/Archives/edgar/data/64040/000095012304009010/0000950123-04-009010-index.htm,https://www.sec.gov/Archives/edgar/data/64040/000095012304009010/y99472e10vq.htm,3.244625243947465,0.4368004641595021,0.4776438630729469,0.420678833271797,1.0115987130122897,6.872134606255604,2.507930270583892,6.872134606255604,0.0183000158236193,14518802200.0,14140002200.0,21.91504081484791,11.801054704677,80.16432945177873,91.0195545190674,5.571776775900922,5.571776775900922,11.493161569929862,53.346420433109486,78.07281752276204,88.64482644047821,0.0114076903671846,0.0109866501246225,0.0018336188528868,0.0009339800431648,-1.4291103901003546,1.1986464462600008,122.65617769551132,1.0935058505307138,0.0039195382109413,0.3435873594725466,0.0,0.0,0.3234759148283699,0.1192625598383329,0.0175567363002592,0.2113689072423207,0.0,8.21823647019408,0.0488369716571111,0.0478560337389863,-3.261682446331557,337869000.0,950957000.0,-471240000.0,2445172000.0,835225500.0,266664500.0,336694000.0,69.34376821206587,51.88721609778309,67.17545230108568,1.2978815879281844,1.7345312924553935,1.3397751249461318,0.0635611042545483,0.0569650298011498,2004-07-27,0.4,bmo,1159069767.0,2025-04-25,2004-06-30,0.0749999999999999,38.75870967741936,1378132.258064516
2004-03-31,SPGI,USD,64040,2004-04-30,2004-04-30 09:08:34,2004,Q1,911575000.0,378068000.0,533507000.0,0.5852584812,0,0.0,0.0,413398000.0,29061000.0,442459000.0,820527000.0,0.0,2324000.0,61876000.0,91048000.0,0.0998798782,91048000.0,0.0998798782,-1737000.0,89311000.0,0.097974385,13045000.0,75679000.0,0.0830200477,0.2,0.2,381162000,386980000,https://www.sec.gov/Archives/edgar/data/64040/000095012304005454/0000950123-04-005454-index.htm,https://www.sec.gov/Archives/edgar/data/64040/000095012304005454/y96710e10vq.htm,2.3915684144799325,0.1985481238948268,-0.4011365246273238,-0.4468598653590862,1.0597829794155766,6.6705888834668725,2.3140265818733243,6.6705888834668725,0.0215971161868182,14510837340.0,14112796340.0,47.935481903830656,15.918423980473356,-94.90534434721188,-85.19449373554244,5.707142302586944,5.707142302586944,15.481772031922771,155.00391375977506,-92.30203364334392,-82.85755750736823,0.0052153434172531,-0.0117378477898367,0.0023236286048592,0.0012052312093683,-4.371770934012829,1.1660936195452802,39.177280550774526,-2.02034910609284,0.0039552507312441,0.7583873994106688,0.0,0.0,0.3387532017778996,-0.1139844863896192,0.0191185585387927,0.281660094382313,0.0,5.458913850935532,0.023164336666515,0.0233475699449128,-3.2939537519479907,257622000.0,882019000.0,-550702000.0,2375790000.0,839481500.0,281730500.0,308610500.0,71.33495324027095,61.25183829364029,75.2326565591375,1.2616535921298115,1.4693436557535056,1.1962890068790066,0.0297647070391237,0.0457233407317623,2004-04-27,0.12,bmo,788485714.0,2025-04-25,2004-03-31,0.1666666666666668,37.461290322580645,1575167.741935484
2003-12-31,SPGI,USD,64040,2004-02-27,2004-02-27 10:58:29,2003,Q4,1168230000.0,476393000.0,691837000.0,0.592209582,0,0.0,0.0,419113000.0,-110384000.0,308729000.0,785122000.0,0.0,0.0,84826000.0,467934000.0,0.4005495493,383108000.0,0.3279388477,281000.0,383389000.0,0.3281793825,166118000.0,159924000.0,0.136894276,0.57,0.57,376986508,381162000,https://www.sec.gov/Archives/edgar/data/64040/000095012304002457/0000950123-04-002457-index.htm,https://www.sec.gov/Archives/edgar/data/64040/000095012304002457/y94410e10vk.htm,3.098864217177767,0.4242167732963006,1.4919313770242408,1.4044401822465222,1.845134998836616,6.782871391248835,2.2655293541698844,6.782871391248835,0.0698804849535888,13179448319.68,12510201319.68,20.602674269778145,11.281552707668869,23.432713151814067,24.892480606812665,5.154159349844802,5.154159349844802,10.708680071287333,26.73496971726782,22.242809553550792,23.628450613706548,0.0121343470622511,0.0401727740917197,0.0103024929889939,0.004883883555046,-1.4302166544854615,1.1316213697514312,0.0,3.5169080313148746,0.0039169317825629,0.3227970786123408,0.0,0.0,0.3157129276086249,0.0586429081961033,0.0282333102214461,0.3888312545681748,0.0,8.046221215190757,0.0633664451643507,0.0433270271580949,-3.378113600818839,262418000.0,854074000.0,-580865000.0,2432723000.0,1047391500.0,291573500.0,327826000.0,73.6837009835392,57.839074041810015,56.90014336902515,1.2214370179384153,1.556041508115117,1.5817183344566663,0.0625423583651636,0.0874911947777186,2004-01-27,0.38,bmo,1076001315.0,2025-04-25,2003-12-31,0.0789473684210525,33.2496875,1325962.5
2003-09-30,SPGI,USD,64040,2003-10-31,2003-10-31 10:55:42,2003,Q3,1622606000.0,653902000.0,968704000.0,0.5970050647,0,0.0,0.0,493581000.0,12309000.0,505890000.0,1159792000.0,0.0,0.0,158010000.0,619242000.0,0.3816342353,462814000.0,0.2852288233,-2026000.0,460788000.0,0.2839802145,170492000.0,290296000.0,0.178907264,0.76,0.76,381048000,384110000,https://www.sec.gov/Archives/edgar/data/64040/000006404003000015/0000064040-03-000015-index.htm,https://www.sec.gov/Archives/edgar/data/64040/000006404003000015/thirdquarter10q.txt,4.25827192374714,0.7618357792194159,1.42824788478092,1.3193613403035838,0.522540467342697,6.597384056601793,1.946641892884886,6.597384056601793,0.5640339274842014,11839161360.0,11854972360.0,10.195766872433657,7.2963870218648275,21.753926843564592,23.549272705573458,4.70944236889002,4.70944236889002,7.306131223476309,19.1443286469587,21.782978845379997,23.5807223614592,0.0245199800199361,0.0424641564307558,0.0854935717922606,0.040915093623041,0.0255328288455886,1.0215826965713988,0.0,1.8747450877724805,0.0043621332989417,0.1779011767299584,0.0,0.0,0.3373654345472534,0.0762378475316547,0.0255705944634741,0.2625846465413581,0.0,10.634273483898513,0.0865837365922511,0.0833999134099887,-3.959877758182696,41693000.0,741764000.0,-765535000.0,2246920000.0,1034722000.0,293082000.0,390781000.0,63.13976405855765,38.123602619352745,48.78689773085264,1.4254091908948436,2.360742265063721,1.8447575924280253,0.115475432790224,0.1088865444773361,2003-10-23,0.75,bmo,1600971253.0,2025-04-25,2003-09-30,0.0133333333333333,30.72078125,1530631.25
2003-06-30,SPGI,USD,64040,2003-07-31,2003-07-31 09:22:12,2003,Q2,1190478000.0,499700000.0,690778000.0,0.580252638,0,0.0,0.0,440391000.0,22262000.0,462653000.0,962353000.0,0.0,0.0,98861000.0,326986000.0,0.2746678225,228125000.0,0.1916247087,-2673000.0,225452000.0,0.1893793921,83417000.0,142035000.0,0.1193092186,0.38,0.37,379660000,382548000,https://www.sec.gov/Archives/edgar/data/64040/000006404003000012/0000064040-03-000012-index.htm,https://www.sec.gov/Archives/edgar/data/64040/000006404003000012/secondqtr10q.txt,3.135642416899331,0.374111046726018,0.4413132803034293,0.3692488015592899,0.2497497761154717,5.950705894747933,1.261415477005742,5.950705894747933,1.4050834957593636,11769460000.0,12208094000.0,20.71577428098708,9.886331372776311,70.24488358629416,83.95423321373289,5.2094659941706185,5.2094659941706185,10.254783372729271,37.33521924486064,72.86282818757498,87.08310923110943,0.0120680982814844,0.0119112516632029,0.236120473875122,0.1047680136000018,1.3414458111356449,0.971500184314345,0.0,1.1796317808990742,0.0043829538483498,0.3631851304255993,0.0,0.0,0.349650140894197,0.1632955135512596,0.022982365066805,0.2767522076450774,0.0,7.077433026773464,0.0420360399987141,0.0428923715086059,-4.809106832429015,-50872000.0,478909000.0,-1098397000.0,2161350000.0,824022500.0,278428500.0,402592500.0,70.39105300559943,55.68473083850311,76.9236141685011,1.2785715819997852,1.6162419867129836,1.1699918285541693,0.0628683476117021,0.0720644787441394,2003-07-29,0.37,bmo,1190478000.0,2025-04-25,2003-06-30,0.0,30.24904761904762,1999095.238095238
2003-03-31,SPGI,USD,64040,2003-05-02,2003-05-02 11:07:07,2003,Q1,846543000.0,376470000.0,470073000.0,0.5552854374,0,0.0,0.0,386658000.0,20088000.0,406746000.0,783216000.0,0.0,0.0,61482000.0,127434000.0,0.150534586,63327000.0,0.0748065958,-2679000.0,60648000.0,0.0716419603,22439000.0,95395000.0,0.1126877193,0.25,0.25,381866000,383964000,https://www.sec.gov/Archives/edgar/data/64040/000006404003000004/0000064040-03-000004-index.htm,https://www.sec.gov/Archives/edgar/data/64040/000006404003000004/firstquarter10q.txt,2.216858793398732,0.2498127615446256,0.2831543001995464,0.2487181367285906,0.2515358790780012,5.55496692557075,0.8947117575275096,5.55496692557075,1.5493707216667627,10615874800.0,11111473800.0,27.820836521830287,12.540266471992563,98.17968500004623,111.7731113848616,5.004530246981383,5.004530246981383,13.125705132521324,87.19394980931305,102.76317478520627,116.99120629204964,0.0089860705591591,0.0089466955657766,0.2789162820276506,0.1224122613367253,3.889064143007361,0.911715637832297,0.0,1.1334661145762357,0.0048692171840609,0.5418627810681902,0.0,0.0,0.3681961750978736,0.1216162475607387,0.0155337649711828,0.2138837383299177,0.0,5.587780116399756,0.0119958133276131,0.0312393468734946,-4.947325108807802,-143832000.0,341660000.0,-1226663000.0,2056512000.0,854375500.0,275518500.0,369422500.0,76.22182216378849,59.21180970595267,90.38680372938084,1.1807642148281947,1.5199670546626132,0.995720572988299,0.0449710619148211,0.0344361634709557,2003-04-29,0.1,bmo,846543000.0,2025-04-25,2003-03-31,0.0,28.441967213114754,2150767.2131147543
2002-12-31,SPGI,USD,64040,2003-03-13,2003-03-13 10:09:37,2002,Q4,1172281000.0,492931000.0,679350000.0,0.5795112264,0,0.0,0.0,431511000.0,29070000.0,460581000.0,953512000.0,0.0,0.0,79035000.0,297804000.0,0.2540380677,218769000.0,0.1866182255,-2979000.0,215790000.0,0.1840770259,80921000.0,134869000.0,0.1150483544,0.35,0.35,381866000,381866000,https://www.sec.gov/Archives/edgar/data/64040/000095012303002781/0000950123-03-002781-index.htm,https://www.sec.gov/Archives/edgar/data/64040/000095012303002781/y84275e10vk.txt,3.069875296570001,0.353184101229227,1.088863632792655,1.122343963589322,0.1523728218799264,5.671680641900562,0.9431842583524064,5.671680641900562,1.5145024694526352,11539990520.0,12060141520.0,21.39111011425902,9.844048073798003,27.75370495430495,26.925791896589946,5.328226659439233,5.328226659439233,10.28775653618885,40.49690910800392,29.00466936026936,28.139439131094186,0.0116870979890545,0.0371391119652323,0.267028869408474,0.1149276794837706,1.746621939262065,0.9431169312523976,0.0,3.082991643743188,0.0042446308699393,0.3631894653330269,0.0,0.0,0.3588208852541502,0.0307479557479557,0.0109060882160505,0.1617637755424811,0.0,6.713480257980897,0.0404971939594533,0.0418000142568022,-4.933513326664327,-100984000.0,360170000.0,-1192053000.0,2136128000.0,1070953500.0,291545000.0,378561000.0,76.14432034640159,55.3867782711982,65.86749463920914,1.181966029646927,1.624936542784997,1.3663795851501148,0.0622715070767588,0.0334803307966668,2003-01-28,0.33,bmo,1101233666.0,2025-04-25,2002-12-31,0.0606060606060604,30.66890625,1878740.625
2002-09-30,SPGI,USD,64040,2002-11-01,2002-11-01 10:48:03,2002,Q3,1577334000.0,656729000.0,920605000.0,0.583646203,0,460674000.0,0.0,460674000.0,29766000.0,490440000.0,1147169000.0,0.0,6313000.0,158159000.0,588324000.0,0.3729863174,430165000.0,0.272716495,-5965000.0,424200000.0,0.2689347976,147981000.0,276219000.0,0.1751176352,0.72,0.71,386060000,388922000,https://www.sec.gov/Archives/edgar/data/64040/000006404002000013/0000064040-02-000013-index.htm,https://www.sec.gov/Archives/edgar/data/64040/000006404002000013/thirdquarter10q.txt,4.085722426565819,0.7154820494223696,1.43720665181578,1.2923094855721908,0.2801015386209397,5.62115992332798,0.9385976273118168,5.62115992332798,2.0628658757706058,11817296600.0,12499237600.0,10.69558629203639,7.491943114140696,21.29825934309937,23.686276655662656,5.445495310134763,5.445495310134763,7.924280843499221,21.245500098585133,22.527318472806968,25.053141153998023,0.0233741277171633,0.0422185392215678,0.3640731669665753,0.1491914141344521,1.1591249039644822,1.0348738877858663,68.13955330270869,2.0087249609910978,0.0041806516052072,0.1788580800017377,0.2920586255035395,0.0,0.3413601192055406,0.100818602572236,0.0354642707251603,0.3536883768865508,0.0,9.512695621991478,0.0786872843785327,0.0791917492575209,-5.068455032896441,66395000.0,362355000.0,-1155367000.0,2293879000.0,1080180000.0,288305000.0,425996500.0,65.62281038765411,38.33581279340489,54.31898088861615,1.3714743313848088,2.347674235707953,1.6568793914699835,0.1272837028623039,0.1448971662435891,2002-10-22,0.7,bmo,1554800657.0,2025-04-25,2002-09-30,0.0142857142857143,30.32609375,1366731.25
2002-06-30,SPGI,USD,64040,2002-08-02,2002-08-02 09:30:53,2002,Q2,1191401000.0,490844000.0,700557000.0,0.5880110895,0,379741000.0,0.0,379741000.0,95313000.0,475054000.0,965898000.0,0.0,0.0,104891000.0,328663000.0,0.2758626189,225503000.0,0.1892754832,-7151000.0,218352000.0,0.183273306,81882000.0,136470000.0,0.1145458162,0.36,0.35,386534000,390100000,https://www.sec.gov/Archives/edgar/data/64040/000006404002000007/0000064040-02-000007-index.htm,https://www.sec.gov/Archives/edgar/data/64040/000006404002000007/secondquarter10q.txt,3.082267019201415,0.3530607915474447,0.3784531244340731,0.3332332990112124,0.1306948418509109,4.981253912980488,0.2936688622475643,4.981253912980488,3.009981010726094,11352503580.0,12465445580.0,20.796701802593976,9.52870073132388,77.6053838739447,88.1364500100927,5.896105782414678,5.896105782414678,10.46284632965727,37.92774233789626,85.21342297569812,96.77690154185365,0.0120211369270495,0.0113460435482196,0.6042617106673647,0.2226897559956038,3.386271043591764,1.0314179734414215,0.0,1.0719205686231406,0.0043595670022241,0.3626584597347402,0.3187348340315309,0.0,0.3468052347959969,0.1194859349899169,0.014670963009096,0.1666396544984793,0.0,6.290502572279356,0.0382883387666395,0.0399892518080433,-5.8549254399354265,56165000.0,113513000.0,-1455318000.0,2298329000.0,918157500.0,293151000.0,449806500.0,76.3162948495091,54.43411756077288,83.54287716667618,1.1793025352904551,1.6533748324204882,1.0772911234603668,0.0708778949467753,0.0452198254228606,2002-07-25,0.34,bmo,1141720000.0,2025-04-25,2002-06-30,0.0294117647058822,31.72328125,1226675.0
2002-03-31,SPGI,USD,64040,2002-04-25,2002-04-25 00:00:00,2002,Q1,846652000.0,403431000.0,443221000.0,0.5234984386,0,330444000.0,0.0,330444000.0,66686000.0,397130000.0,800561000.0,0.0,0.0,66686000.0,118889000.0,0.1404225113,46091000.0,0.054439132,-6422000.0,46723000.0,0.0551856016,17521000.0,29202000.0,0.0344911487,0.075,0.075,385778000,389934000,https://www.sec.gov/Archives/edgar/data/64040/000006404002000002/0000064040-02-000002-index.htm,https://www.sec.gov/Archives/edgar/data/64040/000006404002000002/q1st10q.txt,2.1946611781905654,0.0756963849675201,0.0659913214335706,0.0416612663241553,0.0538703606737553,4.817509033692953,0.1486295226788463,4.817509033692953,2.8132682527256607,13189749820.0,14254264820.0,112.91820611601943,15.57871453678725,518.0984295702726,820.6663651070185,7.097028726024206,7.097028726024206,16.83603749828737,119.89557334993144,559.9129868803519,886.9004990044798,0.0022139919557625,0.0012185219749679,0.5839674057796415,0.2170153892790542,8.953856117891478,0.9635712774232424,0.0,0.8717896034518183,0.0037253928748134,1.6826587220053422,0.3902949499912597,0.0,0.360157160127926,0.3686856783722209,0.0110860188129243,0.1407491827370062,0.0,2.864442426367805,0.0081747212499017,0.0091260157075474,-5.910675310670904,-62147000.0,57338000.0,-1498683000.0,2177660000.0,932182000.0,314484500.0,423316000.0,87.81062349111559,64.56747250459186,99.04704893773656,1.0249329343289075,1.393890708570007,0.908659076320146,0.015712764509233,0.0243300551094152,2002-04-22,0.07,bmo,726687500.0,2025-04-25,2002-03-31,0.1428571428571427,32.3555,1312703.3333333333
2001-12-31,SPGI,USD,64040,2002-03-12,2002-03-12 00:00:00,2001,Q4,1114568000.0,626011000.0,488557000.0,0.4383375442,0,379450000.0,0.0,379450000.0,82035000.0,461485000.0,1087496000.0,0.0,280000.0,90366000.0,117438000.0,0.1053663841,27072000.0,0.0242892313,-8611000.0,18461000.0,0.016563368,21306000.0,-2845000.0,-0.0025525585,-0.0075,-0.0074,381107846,385778000,https://www.sec.gov/Archives/edgar/data/64040/000095012302002409/0000950123-02-002409-index.htm,https://www.sec.gov/Archives/edgar/data/64040/000095012302002409/y58045e10-k405.txt,2.9245475045927027,-0.0074650785331771,1.2769482578430045,1.1536918082762326,0.1404720489538281,4.864462958340669,0.092989426410287,4.864462958340669,2.772978859112756,11619978224.54,12622967224.54,-1021.0877174463972,10.425544448198764,23.87723998425989,26.428201865761768,6.267906706478557,6.267906706478557,11.325434809307282,107.48622442940103,25.9382256928214,28.70937617167901,-0.0002448369476279,0.0378383669490401,0.5698972697875003,0.2047054643007786,8.540583116197483,0.9661872539494658,96.68571428571428,-171.05623901581723,0.0040632606264517,-16.59578207381371,0.3404458050114484,0.0,0.3523306926637669,0.0965242317452815,0.0421454769919825,0.5198194011021845,0.0,,-0.0011893745263558,-0.0008510969278242,-5.966071084246321,-63446000.0,35439000.0,-1494359000.0,2209940000.0,1186968000.0,309924000.0,420070500.0,83.84209846326111,48.81494095151682,57.88752913287466,1.0734464147439873,1.843697815580445,1.554739014571076,-0.0015346151460311,0.1232564495667717,2002-01-29,0.27,bmo,1073287703.0,2025-04-25,2001-12-31,0.037037037037037,27.86140625,1721934.375
2001-09-30,SPGI,USD,64040,2001-11-01,2001-11-01 00:00:00,2001,Q3,1535100000.0,558124000.0,976976000.0,0.6364249886,0,439479000.0,0.0,439479000.0,134527000.0,574006000.0,1132130000.0,0.0,0.0,150486000.0,553456000.0,0.3605341672,402970000.0,0.2625040714,-13558000.0,389412000.0,0.2536720735,149924000.0,239488000.0,0.1560080776,0.62,0.61,387784000,391360000,https://www.sec.gov/Archives/edgar/data/64040/000006404001500017/0000064040-01-500017-index.htm,https://www.sec.gov/Archives/edgar/data/64040/000006404001500017/e10q3rd.txt,3.9586470818806334,0.6175809213376519,1.0704361190765994,0.996069977100654,0.0045721329399872,5.047975161430075,0.1491655148226847,5.047975161430075,3.1953355476244507,11032454800.0,12269781800.0,11.516709396712988,7.186798775324083,26.57795219442156,28.56225029772692,5.635923135552871,5.635923135552871,7.992822487134388,22.16938979792431,29.558759136396706,31.765602961735617,0.0217075895022021,0.0350112469982655,0.6329935162991616,0.2264349821306232,2.235637521320575,1.0620023574924409,0.0,1.7332726483164085,0.0042940579280687,0.1978136691608765,0.2862868868477624,0.0,0.3471503565926094,0.0694727510130138,0.0187857468568822,0.1916324442140797,0.0,8.375231095284791,0.065530698148145,0.0670359473437739,-5.91165700493058,121454000.0,57844000.0,-1434372000.0,2453812000.0,1214900000.0,291783000.0,461034000.0,78.30533515731874,45.20076183787116,70.54787108241179,1.1493469738579905,1.9911168825609065,1.2757294957187983,0.1223423058925458,0.0743661419759453,2001-10-24,0.6,bmo,1509934426.0,2025-04-25,2001-09-30,0.0166666666666666,30.492033898305085,1319949.152542373
2001-06-30,SPGI,USD,64040,2001-07-26,2001-07-26 00:00:00,2001,Q2,1149470000.0,481819000.0,667651000.0,0.5808337756,0,382132000.0,0.0,382132000.0,95469000.0,477601000.0,959420000.0,0.0,6097000.0,105393000.0,295443000.0,0.2570254117,190050000.0,0.1653370684,-16021000.0,174029000.0,0.1513993406,54032000.0,119997000.0,0.1043933291,0.31,0.31,389142000,393924000,https://www.sec.gov/Archives/edgar/data/64040/000006404001500012/0000064040-01-500012-index.htm,https://www.sec.gov/Archives/edgar/data/64040/000006404001500012/e10-q2stqtr.txt,2.9538574607726744,0.3083630140154493,0.1043963386116122,0.049863545954947,0.0293671718807016,4.58757985516855,-1.296842797744782,4.58757985516855,3.346850250037261,12868925940.0,14153800940.0,26.81093264831621,11.1955300616806,316.7735616,663.2099536178108,7.208593865181883,7.208593865181883,12.313327829347438,47.907044472199374,348.4012539076923,729.426970727685,0.0093245544002252,0.0015078181419699,0.7261306729702782,0.2512755163852076,4.348977636972276,1.0768627046179893,31.17106773823192,0.3385501304199271,0.0037050489079122,0.3973432669150062,0.3324419080097784,0.0,0.4438698162066227,0.5223630769230769,0.0184615518456332,0.2013511333769795,0.0,5.641754948725396,0.0358053964316819,0.041825156020446,-5.9087094171279375,137010000.0,-504656000.0,-1454132000.0,2846962000.0,980125000.0,290921500.0,460170000.0,85.67033502396757,56.64639626083654,90.51461233367718,1.0505386721648882,1.5888036299005142,0.994314593849443,0.0672169256450185,0.0545327926566651,2001-07-24,0.29,bmo,1111183333.0,2025-04-25,2001-06-30,0.0344827586206896,32.68333333333334,1213400.0
2001-03-31,SPGI,USD,64040,2001-04-27,2001-04-27 00:00:00,2001,Q1,846397000.0,412462000.0,433935000.0,0.5126849457,0,321570000.0,0.0,321570000.0,74353000.0,395923000.0,808385000.0,0.0,0.0,74353000.0,112365000.0,0.1327568505,38012000.0,0.0449103671,-4856000.0,33156000.0,0.0391731067,12765000.0,20391000.0,0.0240915315,0.055,0.05,387914000,391926000,https://www.sec.gov/Archives/edgar/data/64040/000006404001500008/0000064040-01-500008-index.htm,https://www.sec.gov/Archives/edgar/data/64040/000006404001500008/e10-q1stqtr.txt,2.1819191882736897,0.0525657748882484,0.3309058193310888,0.279703748769057,0.0585774166438953,4.507867723258248,-0.0260186536191011,4.507867723258248,2.889284738369845,11567595480.0,12665666480.0,141.82231719876415,13.66686729749751,90.11627556227262,106.61280061934912,6.615100937000512,6.615100937000512,14.964214759740406,112.7189648022071,98.67069544962334,116.73317739007014,0.0017627691109405,0.0093797367125773,0.6409426619735626,0.2297272978079454,9.772357940639878,0.9967464559609576,0.0,6.2950811632583,0.0041119176480746,2.33264675592173,0.379928095208277,0.0,0.3604897267812877,0.154733061707813,0.0234665293000802,0.2671311177760144,0.0,2.309023624663218,0.006785695999442,0.0065354847559842,-5.774404893868229,-5460000.0,-10093000.0,-1457427000.0,2177636000.0,980598000.0,295935000.0,412356500.0,92.09274134950856,60.7875634603915,95.08497752520232,0.9772757188151644,1.480566005226431,0.9465217570898142,0.0116608955974986,0.0512020705620317,2001-04-19,0.03375,bmo,634800000.0,2025-04-25,2001-03-31,0.1851851851851851,29.89306451612903,1326035.4838709678
2000-12-31,SPGI,USD,64040,2001-03-12,2001-03-12 00:00:00,2000,Q4,1067561000.0,445032000.0,622529000.0,0.5831320177,0,384967000.0,0.0,384967000.0,81756000.0,466723000.0,911755000.0,0.0,74071000.0,81756000.0,237562000.0,0.2225277993,155806000.0,0.1459457586,-11586000.0,144220000.0,0.135092983,55524000.0,20574000.0,0.0192719667,0.23,0.23,387889846,387914000,https://www.sec.gov/Archives/edgar/data/64040/000095012301002226/0000950123-01-002226-index.htm,https://www.sec.gov/Archives/edgar/data/64040/000095012301002226/y46387e10-k405.txt,2.7522272392765856,0.0530408315973293,1.075325905798524,0.960398947901307,0.0081750013120993,4.540062128875629,0.163953763306297,4.540062128875629,2.885994597548707,11369051386.26,12411257386.26,138.14828650554097,10.64955668693405,27.25685286846572,30.51856737666061,6.455858789592991,6.455858789592991,11.62580628765944,52.24428732819222,29.75550070068184,33.31621802936147,0.0018096496621402,0.0327669378335485,0.5936120846497873,0.2119819265918866,4.3870905279463885,1.0117392049012093,2.103468293934198,4.702669793451791,0.0040093934358577,2.2155633323612327,0.3606042184006347,0.0,0.3442091200873415,0.1068763965208051,0.0417578011935617,0.5452688487695093,0.0,2.3277016762097875,0.0283620682848722,0.0063617889446987,-5.546463827774445,20905000.0,63596000.0,-1368710000.0,2150258000.0,1211320500.0,278923000.0,415342500.0,92.32317403876688,63.3566574987866,78.65778191231192,0.9748365016372664,1.4205294842412364,1.14419702427323,0.0116828426774118,0.114926957897217,2001-02-14,0.25,bmo,1067561000.0,2025-04-25,2000-12-31,0.0,29.354603174603174,1204063.492063492
2000-09-30,SPGI,USD,64040,2000-10-31,2000-10-31 00:00:00,2000,Q3,1391650000.0,518695000.0,872955000.0,0.6272805662,0,384400000.0,0.0,384400000.0,135237000.0,519637000.0,1038332000.0,0.0,0.0,135237000.0,500960000.0,0.3599755686,353318000.0,0.2538842381,-15035000.0,354017000.0,0.2543865196,136297000.0,217720000.0,0.1564473826,0.56,0.55,388976000,393700000,https://www.sec.gov/Archives/edgar/data/64040/000006404000000006/0000064040-00-000006-index.htm,https://www.sec.gov/Archives/edgar/data/64040/000006404000000006/0000064040-00-000006-0001.txt,3.577727160544609,0.5597260499362429,0.7221808029287154,0.6745763234749702,0.0944994035621735,4.856189070791,0.4659516268355888,4.856189070791,3.1362526222697547,12361657280.0,13544826280.0,14.19444387286423,8.882734365681026,44.00560063507659,47.11105162465605,6.544226251640469,6.544226251640469,9.73292586498042,27.037740099009905,48.21750048947887,51.62018293101215,0.0176125251710586,0.0212264418966321,0.6458258886857768,0.2405939871570344,2.3618033375918235,1.2348820032164405,0.0,1.2902397574866802,0.0036937603887364,0.2097234980709167,0.2762188768727769,0.0,0.3367919802464461,0.0659176749931473,0.0133057880932705,0.1369225877533515,0.0,7.82036120282123,0.0589406465099444,0.0647439932936499,-4.957297493932788,387327000.0,181244000.0,-1145184000.0,2506299000.0,1148964000.0,251511000.0,426172500.0,85.8528150037725,42.43418579319253,76.6470083575126,1.048305754401242,2.1209314687602223,1.1742141269259154,0.1152603495821203,0.0476044794537452,2000-10-17,0.55,bmo,1369598214.0,2025-04-25,2000-09-30,0.0181818181818181,30.095714285714287,1093066.6666666667
2000-06-30,SPGI,USD,64040,2000-07-28,2000-07-28 00:00:00,2000,Q2,1019223000.0,425149000.0,594074000.0,0.5828694996,0,329387000.0,0.0,329387000.0,86135000.0,415522000.0,840671000.0,0.0,0.0,86135000.0,262970000.0,0.2580102686,178552000.0,0.1751844297,-3125000.0,175427000.0,0.1721183686,67539000.0,107888000.0,0.1058531842,0.28,0.28,387410000,390880000,https://www.sec.gov/Archives/edgar/data/64040/000006404000000004/0000064040-00-000004-index.htm,https://www.sec.gov/Archives/edgar/data/64040/000006404000000004/0000064040-00-000004-0001.txt,2.6308639425931184,0.2784853256240159,0.0614387857825043,0.0143362329315195,0.0225239410443715,4.37371518546243,1.2859322165148035,4.37371518546243,1.7922046410779278,10460070000.0,11145662000.0,24.238260974343763,10.262788418236244,439.4618099319385,1883.339935181851,6.173241478947676,6.173241478947676,10.93544984757997,42.38377761721869,468.26577598521135,2006.781058696435,0.0103142713194079,0.0005309715900562,0.409767112187585,0.1695862525120976,2.6071110773091988,1.0410815124067263,0.0,0.2206176775915764,0.0043565674034686,0.4223824707103663,0.3231746143876267,0.0,0.2921795481790284,0.7666582640114276,0.0179038345877202,0.2118534858071631,0.0,5.2350118143352535,0.0378463837162157,0.0372290757259442,-3.763283730414806,63016000.0,498183000.0,-802825000.0,1664220000.0,884686000.0,238622000.0,383454000.0,85.68924563123085,54.71394734551886,86.92159689896954,1.0503068306531809,1.644918788835496,1.035415859934195,0.0636724875340898,0.0471025528509847,2000-07-19,0.26,bmo,943335714.0,2025-04-25,2000-06-30,0.0769230769230769,25.693015873015877,1237422.2222222222
2000-03-31,SPGI,USD,64040,2000-05-05,2000-05-05 00:00:00,2000,Q1,802534000.0,373845000.0,428689000.0,0.5341692688,0,291508000.0,0.0,291508000.0,59197000.0,350705000.0,724550000.0,0.0,0.0,59197000.0,114064000.0,0.1421298038,77984000.0,0.097172207,15694000.0,93678000.0,0.1167277648,36066000.0,57612000.0,0.0717876127,0.045,0.045,388782000,392208000,https://www.sec.gov/Archives/edgar/data/64040/000006404000000002/0000064040-00-000002-index.html,https://www.sec.gov/Archives/edgar/data/64040/000006404000000002/,2.0642262244651244,0.1481858728027532,-0.0418254960363391,-0.0839493597954637,0.0175213873070255,4.215244018498799,1.125229563097057,4.215244018498799,1.5129146925526389,8844790500.0,9426172500.0,38.38085164549052,11.021078857718178,-543.9266035299182,-270.9967062932778,5.397077820444212,5.397077820444212,11.74551171663755,82.63932967456866,-579.679755242605,-288.80974630798454,0.0065136647385825,-0.0036900817492511,0.3589150914901108,0.1520980802140669,5.096980642446346,1.0096969060097758,0.0,-0.2822502256474345,0.0051610040961399,0.7923349302228703,0.3632344548642175,0.0,0.3106488877488168,-1.00713363261792,0.0204066120563116,0.2766525330675541,0.0,3.7489186859748185,0.0175556986705746,0.0216110373387949,-3.714686508120232,13288000.0,437469000.0,-844769000.0,1624806000.0,925783500.0,279491000.0,325800500.0,89.59997956472873,52.66990330217068,85.77643140873892,1.0044645148047415,1.7087557477306177,1.0492392667997,0.0351547554904134,0.0421238637591246,2000-04-18,0.07,bmo,567506184.0,2025-04-25,2000-03-31,0.7142857142857141,26.24952380952381,1385565.0793650793
1999-12-31,SPGI,USD,64040,2000-03-22,2000-03-22 00:00:00,1999,Q4,1034300000.0,468200000.0,566100000.0,0.5473266944,0,333300000.0,0.0,333300000.0,72800000.0,406100000.0,874300000.0,0.0,0.0,72800000.0,232800000.0,0.2250797641,160000000.0,0.1546939959,38000000.0,198000000.0,0.19143382,77200000.0,120800000.0,0.1167939669,0.31,0.31,388782000,388782000,https://www.sec.gov/Archives/edgar/data/64040/000095012300002550/0000950123-00-002550-index.html,https://www.sec.gov/Archives/edgar/data/64040/000095012300002550/,2.660359790319511,0.3107139733835414,1.0430009619786924,0.8992185852225669,0.0167188810181541,4.350767268031956,1.1276242212859648,4.350767268031956,1.3799507178830297,11978373420.0,12508373420.0,24.789680091059605,11.581140307454318,29.53976182490752,34.26308186498856,7.081509559562519,7.081509559562519,12.09356416900319,53.730126374570446,30.846790184956845,35.77910017162471,0.0100848417196865,0.0291859326589603,0.3171741058232338,0.1312120915672079,2.276632302405498,1.0184857423795477,0.0,3.3567880794701987,0.0035146675198576,0.3485099337748344,0.3222469302910181,0.0,0.3064713363333985,0.1378545006165228,0.0540462148312868,0.7678571428571429,0.0,5.515115063635431,0.0355614432117164,0.0425997108297774,-3.73911343632164,28200000.0,438400000.0,-843600000.0,1711700000.0,1164950000.0,311450000.0,304350000.0,91.5923813207,65.39513028620247,56.76420333190944,0.982614478434353,1.376249265138154,1.585506264815442,0.0714159030446349,0.1437823767561255,2000-01-25,0.21,bmo,837290476.0,2025-04-25,1999-12-31,0.1904761904761905,28.7796875,933246.875
1999-09-30,SPGI,USD,64040,1999-11-08,1999-11-08 00:00:00,1999,Q3,1318500000.0,508700000.0,809800000.0,0.6141827835,0,378200000.0,0.0,378200000.0,113500000.0,491700000.0,1000400000.0,0.0,0.0,113500000.0,431600000.0,0.3273416761,318100000.0,0.2412590064,-5800000.0,312300000.0,0.2368600683,121800000.0,190500000.0,0.1444823663,0.49,0.48,393346000,397840000,https://www.sec.gov/Archives/edgar/data/64040/000006404099000011/0000064040-99-000011-index.html,https://www.sec.gov/Archives/edgar/data/64040/000006404099000011/,3.352010697960574,0.484306437589298,0.3815978807462132,0.3203286673818978,0.0391512815688986,4.182322942142541,1.00420494933214,4.182322942142541,1.9964611309127336,9515039740.0,10284939740.0,12.48692879265092,7.216564080394387,63.39133737508328,75.51618841269841,5.783867084067839,5.783867084067839,7.800485202882063,23.829795505097312,68.52058454363757,81.62650587301587,0.0200209358242785,0.0132421937735385,0.4773569995744939,0.1851336696685369,1.7838276181649677,1.0463099522152086,0.0,0.7879265091863517,0.0044245742687775,0.220997375328084,0.286841107318923,0.0,0.2947097930124004,0.1605596269153897,0.0182783466059916,0.2123348017621145,0.0,6.75087648468949,0.0663286881398584,0.0636761707390446,-3.7285875539601263,78500000.0,395000000.0,-823100000.0,1752100000.0,1104350000.0,289800000.0,325600000.0,87.18771331058021,50.01572636131315,55.44721839984274,1.0322555390276364,1.7994340290060131,1.6231652839821316,0.1157984317062792,0.0612692133643153,1999-10-14,0.46,bmo,1263562500.0,2025-04-25,1999-09-30,0.0434782608695651,25.628125,820328.125
1999-06-30,SPGI,USD,64040,1999-08-11,1999-08-11 00:00:00,1999,Q2,922700000.0,410000000.0,512700000.0,0.5556518912,0,290400000.0,0.0,290400000.0,69200000.0,359600000.0,769600000.0,0.0,700000.0,69200000.0,222300000.0,0.240923377,153100000.0,0.1659260865,-5500000.0,147600000.0,0.1599653192,57600000.0,90000000.0,0.0975398288,0.23,0.23,391304348,400000000,https://www.sec.gov/Archives/edgar/data/64040/000006404099000005/0000064040-99-000005-index.html,https://www.sec.gov/Archives/edgar/data/64040/000006404099000005/,2.358011110063106,0.2299999998977777,0.3258333331885185,0.0960888888461827,0.0587777777516543,4.029599998209067,0.8126666663054815,4.029599998209067,1.872455554723353,10553478265.56,11262478265.56,29.31521740433333,11.437605143123442,82.77237855341176,280.67761344574467,6.692972010121765,6.692972010121765,12.206002238604096,50.66341999802069,88.33316286713725,299.53399642446806,0.0085279940636921,0.0035628064088313,0.4642313546423135,0.185612495879504,3.1893837156995053,1.0184888020651643,218.7142857142857,1.4150943396226414,0.0040271083078546,0.4722222222222222,0.3147285141432752,0.0,0.3191926363567208,0.7050980392156863,0.0974314511758968,1.2991329479768785,0.0,4.566528219716138,0.0334516997658599,0.0335208015196096,-3.773149998323044,26500000.0,318000000.0,-907100000.0,1706500000.0,856200000.0,261600000.0,319050000.0,90.84859651024168,65.17317073170732,74.15121951219511,0.9906592226755422,1.3809363422027618,1.2137359384251036,0.0570776255707762,0.2297444443423358,1999-07-15,0.22,bmo,882582608.0,2025-04-25,1999-06-30,0.0454545454545455,27.18634920634921,1055590.4761904762
1999-03-31,SPGI,USD,64040,1999-05-12,1999-05-12 00:00:00,1999,Q1,716500000.0,351100000.0,365400000.0,0.5099790649,0,267600000.0,0.0,267600000.0,52900000.0,320500000.0,671600000.0,0.0,300000.0,52900000.0,97800000.0,0.1364968597,44900000.0,0.0626657362,-4900000.0,40000000.0,0.0558269365,15600000.0,24400000.0,0.0340544313,0.06,0.06,406666667,406666667,https://www.sec.gov/Archives/edgar/data/64040/000006404099000003/0000064040-99-000003-index.html,https://www.sec.gov/Archives/edgar/data/64040/,1.761885244457471,0.0599999999508196,0.0614754097856758,-0.0651639343728164,0.0885245900913732,3.833360652595606,0.7873770485349368,3.833360652595606,1.576721310183015,11081666675.75,11686566675.75,113.5416667597336,15.466387544661549,443.26666703,-418.1761009716981,7.1086449905382,7.1086449905382,16.31063039183531,119.49454678680982,467.46266703,-441.00251606603774,0.0022018348605805,-0.0023913370412042,0.411123227917121,0.1731694136719805,6.185071574642127,1.0839229883166035,149.66666666666666,1.024590163934426,0.0038171153525638,1.7336065573770492,0.3734822051639916,0.0,0.3346933261280735,2.06,0.0718771807397069,0.9735349716446124,0.0,2.274870738473339,0.0102400269189067,0.009909434268773,-3.3693442595333245,102000000.0,320200000.0,-824700000.0,1735100000.0,867950000.0,272450000.0,292500000.0,98.10188415910676,58.00911421247508,76.97806892623184,0.9174135723431498,1.551480335837384,1.1691641691641692,0.0156520623516582,0.1266393441584923,1999-04-15,0.06,bmo,716500000.0,2025-04-25,1999-03-31,0.0,27.22360655737705,1405478.68852459
1998-12-31,SPGI,USD,64040,1999-03-26,1999-03-26 00:00:00,1998,Q4,938100000.0,384400000.0,553700000.0,0.5902355826,0,365900000.0,0.0,365900000.0,64400000.0,430300000.0,814700000.0,0.0,0.0,64400000.0,187800000.0,0.2001918772,123400000.0,0.1315424795,-1300000.0,122100000.0,0.1301566997,47600000.0,74500000.0,0.0794158405,0.18,0.18,389400218,406666667,https://www.sec.gov/Archives/edgar/data/64040/000095012399002585/0000950123-99-002585-index.html,https://www.sec.gov/Archives/edgar/data/64040/,2.409089560396702,0.1913198723478886,0.859783802175478,0.6594757479052054,0.026964545767152,3.985103059187296,0.7506415931179576,3.985103059187296,1.3549042234999469,9918023552.46,10435123552.46,33.28195822973154,10.572458749024625,29.62372626182795,38.62158704228972,6.391302714563732,6.391302714563732,11.12367930120456,55.56508813876464,31.16823044342891,40.63521632577881,0.0075115772417702,0.0258922555125718,0.3399922670447222,0.1392782661492569,2.75346112886049,1.106310491676345,0.0,4.493959731543624,0.003861656488051,0.5140939597315436,0.3900437053619017,0.0,0.3324885826667723,0.2329749103942652,0.0831467860569235,1.2111801242236024,0.0,4.141818645592792,0.0292730462630544,0.0294629439215376,-3.511233267979321,137300000.0,292300000.0,-807500000.0,1760800000.0,1029450000.0,290250000.0,305700000.0,91.61176846818036,74.59417273673257,66.65712799167534,0.9824065347156772,1.2065285624607658,1.350193185809624,0.0480087640159814,0.2003080542702726,1999-01-26,0.19,bmo,938100000.0,2025-04-25,1998-12-31,0.0,22.47015625,1369487.5
1998-09-30,SPGI,USD,64040,1998-11-12,1998-11-12 00:00:00,1998,Q3,1206400000.0,528400000.0,678000000.0,0.5620026525,0,308800000.0,0.0,308800000.0,115400000.0,424200000.0,952600000.0,0.0,0.0,115400000.0,369200000.0,0.3060344828,253800000.0,0.2103779841,23900000.0,277700000.0,0.230188992,108300000.0,160700000.0,0.1332062334,0.41,0.41,391951220,396790123,https://www.sec.gov/Archives/edgar/data/64040/000006404098000011/0000064040-98-000011-index.html,https://www.sec.gov/Archives/edgar/data/64040/,3.0779340347505486,0.4099999994897324,0.6444679519048314,0.4778655874575412,0.1426197882481396,3.804810200616291,0.5709894205712639,3.804810200616291,1.8022650879872248,7764553668.2,8415053668.2,12.07926830771624,6.436135335046419,30.73853392003167,41.455171746930056,5.206567201904378,5.206567201904378,6.975342894728117,22.792669740520044,33.313751655581946,44.928209654030965,0.0206966178440046,0.024122442577362,0.4736806812847851,0.1799470144691257,1.7619176598049835,1.2342322264319143,0.0,1.4911452184179457,0.004713728768454,0.2277535780958307,0.2559681697612732,0.0,0.3228805787650295,0.2585114806017419,0.0541279840848806,0.5658578856152513,0.0,5.924472470777646,0.0577904971286697,0.0604567172040179,-3.538833225216138,315300000.0,223800000.0,-772900000.0,1901700000.0,1017500000.0,258600000.0,344600000.0,82.36074270557029,44.60825132475397,55.64534443603331,1.092753623188406,2.0175639557082854,1.6173859810223448,0.1077583316569436,0.1666023644472901,1998-10-15,0.39,bmo,1094176744.0,2025-04-25,1998-09-30,0.1025641025641025,20.274375,1290831.25
1998-06-30,SPGI,USD,64040,1998-08-13,1998-08-13 00:00:00,1998,Q2,881100000.0,390200000.0,490900000.0,0.5571444785,0,289000000.0,0.0,289000000.0,67800000.0,356800000.0,747000000.0,0.0,0.0,67800000.0,201900000.0,0.2291453864,134100000.0,0.1521961185,-6500000.0,127600000.0,0.1448189763,49800000.0,77800000.0,0.0882987175,0.2,0.2,389000000,398974359,https://www.sec.gov/Archives/edgar/data/64040/000006404098000005/0000064040-98-000005-index.html,https://www.sec.gov/Archives/edgar/data/64040/,2.2650385604113112,0.2,0.2534704370179949,0.1303341902313624,0.0838046272493573,3.717223650385604,0.4573264781491002,3.717223650385604,1.8897172236503856,7927820000.0,8630320000.0,25.475,8.997639314493247,80.40385395537524,156.367258382643,5.482586445366528,5.482586445366528,9.794938145499945,42.74551758296186,87.52860040567951,170.2232741617357,0.0098135426889106,0.0063952006983004,0.5083679114799446,0.1951523839864075,3.479445269935612,1.20792795690279,0.0,1.2657252888318358,0.005159047506124,0.525706940874036,0.3279990920440359,0.0,0.3366517999362854,0.4858012170385395,0.0543638633526274,0.7064896755162242,0.0,4.089927435387481,0.0308388964448386,0.0311361908192259,-3.62133676092545,258600000.0,177900000.0,-818500000.0,1819400000.0,873200000.0,243500000.0,343050000.0,95.097037793667,58.885187083546896,83.61096873398256,0.9464017185821696,1.528397963180572,1.0764137931034483,0.0538035961272475,0.1231362467866323,1998-07-16,0.18,bmo,792989999.0,2025-04-25,1998-06-30,0.1111111111111112,19.307619047619045,1137530.1587301588
1998-03-31,SPGI,USD,64040,1998-05-13,1998-05-13 00:00:00,1998,Q1,703400000.0,358600000.0,344800000.0,0.4901905033,0,253000000.0,0.0,253000000.0,51600000.0,304600000.0,663200000.0,0.0,2400000.0,51600000.0,91800000.0,0.1305089565,40200000.0,0.0571509809,-7200000.0,33000000.0,0.0469149844,12900000.0,20100000.0,0.0285754905,0.05,0.05,402000000,402000000,https://www.sec.gov/Archives/edgar/data/64040/000006404098000001/0000064040-98-000001-index.html,https://www.sec.gov/Archives/edgar/data/64040/,1.7497512437810945,0.05,0.1718905472636815,0.141044776119403,0.004228855721393,3.553731343283582,0.3470149253731343,3.553731343283582,1.7256218905472638,7646040000.0,8335640000.0,95.1,10.870116576627808,110.65180897250362,134.85079365079366,5.352120957580849,5.352120957580849,11.850497583167472,90.80217864923748,120.6315484804631,147.01305114638447,0.0026288117770767,0.0074156033711568,0.4839003219935601,0.1930466350181513,7.5119825708061,1.2319926028663892,16.75,3.437810945273632,0.0050483649052319,1.920398009950249,0.3596815467728177,0.0,0.3599832449036582,0.1794500723589001,0.0176286607904464,0.2403100775193798,0.0,1.999486874474056,0.009476161827259,0.0087700161438108,-3.426243781094527,250900000.0,139500000.0,-820000000.0,1807400000.0,898650000.0,258800000.0,307050000.0,104.3303952232016,58.151143335192415,81.21583937534858,0.8626441010546971,1.5476909797151488,1.108158220024722,0.0140697186056278,0.0308457711442786,1998-04-15,0.04292,bmo,562720000.0,2025-04-25,1998-03-31,0.1649580615097857,18.6027868852459,1101449.1803278688
1997-12-31,SPGI,USD,64040,1998-03-26,1998-03-26 00:00:00,1997,Q4,900800000.0,432000000.0,468800000.0,0.5204262877,0,285800000.0,0.0,285800000.0,66700000.0,352500000.0,784500000.0,0.0,0.0,66700000.0,183000000.0,0.2031527531,116300000.0,0.12910746,-4500000.0,111800000.0,0.1241119005,44700000.0,67100000.0,0.0744893428,0.17,0.17,394784179,402000000,https://www.sec.gov/Archives/edgar/data/64040/000095012398002945/0000950123-98-002945-index.html,https://www.sec.gov/Archives/edgar/data/64040/,2.281753038538052,0.1699662842871927,0.6836646815069051,0.4903945251564906,0.0121585419460286,3.633884224119326,0.31992163495488,3.633884224119326,1.7336054391379243,7303507311.5,7983107311.5,27.21127910394933,8.107801189498224,27.06004932011856,37.72472784865703,5.090971219503694,5.090971219503694,8.862241686833926,43.62353722131147,29.57801893849573,41.23505842716942,0.0091873667182266,0.0265078121706211,0.4770667781960128,0.1837562088870989,3.713661202185792,1.2140606864533243,0.0,4.022354694485842,0.0048606783680632,0.5290611028315947,0.3172735346358792,0.0,0.3512686266612968,0.2826972952945535,0.084702486678508,1.143928035982009,0.0,3.727847968979788,0.0268909369376062,0.0277708798940485,-3.554917027209441,258200000.0,126300000.0,-825500000.0,1840100000.0,1035150000.0,267600000.0,303550000.0,98.1027975133215,59.5625,60.520833333333336,0.9174050310622264,1.5110178384050368,1.487091222030981,0.0467726195455179,0.1932701563504144,1998-01-27,0.17,bmo,900800000.0,2025-04-25,1997-12-31,0.0,17.23296875,818293.75
1997-09-30,SPGI,USD,64040,1997-11-13,1997-11-13 00:00:00,1997,Q3,1143700000.0,510300000.0,633400000.0,0.5538165603,0,310700000.0,0.0,310700000.0,104400000.0,415100000.0,925400000.0,0.0,0.0,104500000.0,322800000.0,0.2822418466,218300000.0,0.1908717321,7700000.0,226000000.0,0.1976042669,82500000.0,143500000.0,0.1254699659,0.37,0.36,393150685,398611111,https://www.sec.gov/Archives/edgar/data/64040/000006404097000006/0000064040-97-000006-index.html,https://www.sec.gov/Archives/edgar/data/64040/,2.9090627172632293,0.3649999999364111,0.5585644598330027,0.5211742159370777,0.0488362369252898,3.583867595194448,0.357114982516182,3.583867595194448,2.0320452958132327,6652109590.200001,7431809590.200001,11.589041097909409,5.816306365480459,30.291938024590166,32.46515173352856,4.721156557984386,4.721156557984386,6.498041086123984,23.022954120817847,33.8424844726776,36.27042259736457,0.0215721040151543,0.0308022586251227,0.5669978708303761,0.2095475409836065,2.4154275092936803,1.2040435690838556,0.0,1.5303135888501742,0.0053366529096723,0.2473867595818815,0.2716621491649908,0.0,0.3327475409836065,0.0669398907103825,0.0128530208970883,0.1406698564593301,0.0,5.4251739714415415,0.0511837970192993,0.056409450056999,-3.585648082999016,273500000.0,140400000.0,-789600000.0,1802400000.0,985350000.0,243600000.0,338300000.0,85.64833435341436,43.96825396825397,55.83774250440917,1.050808526277104,2.046931407942238,1.6118130132659507,0.1018452803406671,0.037390243895925,1997-10-16,0.34,bmo,1080161111.0,2025-04-25,1997-09-30,0.0588235294117645,16.1496875,942856.25
1997-06-30,SPGI,USD,64040,1997-08-13,1997-08-13 00:00:00,1997,Q2,836700000.0,371500000.0,465200000.0,0.5559937851,0,273200000.0,0.0,273200000.0,74200000.0,347400000.0,718900000.0,0.0,4200000.0,74100000.0,192000000.0,0.2294729294,117800000.0,0.1407912035,-9200000.0,108600000.0,0.1297956257,43400000.0,65200000.0,0.0779251823,0.17,0.17,395151515,395151515,https://www.sec.gov/Archives/edgar/data/64040/000006404097000004/0000064040-97-000004-index.html,https://www.sec.gov/Archives/edgar/data/64040/,2.117415644983672,0.1650000000632668,0.0447929448024512,-0.0065797546037499,0.0172085889636536,3.379969326449374,0.0994555215105274,3.379969326449374,2.3783282217708317,5808727270.5,6737527270.5,22.272727264187115,6.942425326281821,328.17668194915257,-2234.125873269231,4.349151894654088,4.349151894654088,8.05250062208677,35.0912878671875,380.651258220339,-2591.3566425,0.0112244898002222,-0.0004476023539965,0.7005091344713986,0.2483410309497266,4.8375,1.0600613765892153,28.047619047619047,0.271889400921659,0.0061803555801837,0.5506134969325154,0.3265208557427991,0.0,0.3440834527791049,1.1468926553672316,0.0242619815943587,0.2739541160593792,0.0,3.542334841492925,0.0255190115399986,0.026385010723969,-4.006754219327744,82200000.0,39300000.0,-981000000.0,1681300000.0,813800000.0,229250000.0,334000000.0,94.90498386518466,57.63391655450874,87.21399730820995,0.9483168990139408,1.5615804960067254,1.0319444444444446,0.048817011081162,0.0513726994062011,1997-07-16,0.15,bmo,784406250.0,2025-04-25,1997-06-30,0.0666666666666667,13.565625,1054043.75
1997-03-31,SPGI,USD,64040,1997-05-12,1997-05-12 00:00:00,1997,Q1,652900000.0,325600000.0,327300000.0,0.5013018839,0,246400000.0,0.0,246400000.0,48200000.0,294600000.0,620200000.0,0.0,4100000.0,48200000.0,80900000.0,0.123908715,32700000.0,0.0500842395,-7700000.0,25000000.0,0.038290703,10000000.0,15000000.0,0.0229744218,0.04,0.04,375000000,375000000,https://www.sec.gov/Archives/edgar/data/64040/000006404097000002/0000064040-97-000002-index.html,https://www.sec.gov/Archives/edgar/data/64040/,1.7410666666666668,0.04,-0.3576,-0.3874666666666667,0.0,3.579733333333333,0.1384,3.579733333333333,2.1176,4792500000.0,5582500000.0,79.875,7.340327768417828,-35.738255033557046,-32.98348245010323,3.5700983313468413,3.5700983313468413,8.550313983764742,69.00494437577255,-41.62938105891126,-38.42050929112182,0.0031298904538341,-0.0303182055294731,0.5884982121573301,0.2224036485459306,9.76514215080346,1.094651989251972,7.975609756097561,-8.94,0.007470005216484,2.3866666666666667,0.3773931689385817,0.0,0.363306213225979,-0.0835197613721103,0.0171542349517537,0.2323651452282157,0.0,1.7949261823261702,0.0074566737610215,0.0066324725857799,-3.9912666666666654,109200000.0,51900000.0,-946800000.0,1698100000.0,813650000.0,231150000.0,290600000.0,102.73701945167714,60.97665847665847,85.13513513513513,0.8760230779551859,1.4759746146872166,1.0571428571428572,0.0111740166865315,0.0298666666666666,1997-04-15,0.03934,bmo,652900000.0,2025-04-25,1997-03-31,0.0167768174885612,12.521311475409837,1077521.31147541
1996-12-31,SPGI,USD,64040,1997-03-26,1997-03-26 00:00:00,1996,Q4,830900000.0,427000000.0,403900000.0,0.4860994103,0,259700000.0,0.0,259700000.0,59600000.0,319300000.0,746300000.0,0.0,0.0,59600000.0,144200000.0,0.1735467565,84600000.0,0.1018173065,413900000.0,498500000.0,0.5999518594,190700000.0,307800000.0,0.3704416897,0.82,0.82,375000000,375000000,https://www.sec.gov/Archives/edgar/data/64040/000095012397002496/0000950123-97-002496-index.html,https://www.sec.gov/Archives/edgar/data/64040/,2.2157333333333336,0.8208,0.6173333333333333,0.6317333333333334,0.0090666666666666,3.6296,0.1461333333333333,3.6296,1.5504,4323750000.0,4901750000.0,3.511817738791423,5.203694788783247,18.67710583153348,18.251371886872096,3.1766585849680404,3.1766585849680404,5.899326032013479,33.99271844660194,21.173866090712743,20.69121992401857,0.0711882046834345,0.0547904018502457,0.4271545073837337,0.1596287957827686,4.008321775312067,1.1074095347501436,0.0,0.7521117608836907,0.0075860075166233,0.1065627030539311,0.3125526537489469,0.0,0.3586568557465268,0.0233261339092872,0.0064989770128776,0.0906040268456375,0.0,8.18727383199072,0.0213384270458434,0.1317693394409007,-3.9456,130900000.0,54800000.0,-931500000.0,1748700000.0,931050000.0,217000000.0,268750000.0,95.53496208930076,50.94379391100703,57.58313817330211,0.942063492063492,1.7666528754654531,1.5629575402635432,0.2261406215560943,0.0144,1997-01-28,0.15,bmo,775506666.0,2025-04-25,1996-12-31,0.0666666666666667,11.46015625,830931.25
1996-09-30,SPGI,USD,64040,1996-11-12,1996-11-12 00:00:00,1996,Q3,949000000.0,397800000.0,551200000.0,0.5808219178,0,265500000.0,0.0,265500000.0,84700000.0,350200000.0,748000000.0,0.0,3400000.0,84700000.0,285700000.0,0.3010537408,201000000.0,0.2118018967,-8200000.0,192800000.0,0.2031612223,78300000.0,114500000.0,0.1206533193,0.29,0.29,394827586,394827586,https://www.sec.gov/Archives/edgar/data/64040/000006404096000008/0000064040-96-000008-index.html,https://www.sec.gov/Archives/edgar/data/64040/,2.403580787285719,0.2900000001519651,0.4123318779453268,0.3543318779149337,0.0250742358209996,2.739930132440138,0.3447074237614187,2.739930132440138,1.873982533733091,4208862066.76,4935462066.76,9.189655167598252,4.435049596164384,25.852961098034395,30.084789612294497,3.89061015599926,3.89061015599926,5.200697646743941,17.274980982709135,30.31610606117936,35.27849940500357,0.0272045028285145,0.0332393881721326,0.6808097615085967,0.224679682733374,2.543227161358068,1.1904313591235878,59.11764705882353,1.4218340611353713,0.0077455615040137,0.2847161572052402,0.279768177028451,0.0,0.2884990848078096,0.1406633906633906,0.0241306638566912,0.2703659976387249,0.0,4.228243621592814,0.0521424947704574,0.0490931698323543,-3.3408886480388937,222500000.0,136100000.0,-805300000.0,1487200000.0,886700000.0,188850000.0,279250000.0,92.94942044257112,43.50678733031674,59.796380090497735,0.9682685440261198,2.068642745709828,1.5051078320090805,0.1058421149935293,0.058000000030393,1996-10-16,0.29,bmo,,2025-04-25,1996-09-30,0.0,10.38609375,769943.75
1996-06-30,SPGI,USD,64040,1996-08-13,1996-08-13 00:00:00,1996,Q2,710900000.0,327100000.0,383800000.0,0.5398790266,0,226300000.0,0.0,226300000.0,53600000.0,279900000.0,607000000.0,0.0,2900000.0,53700000.0,157600000.0,0.2216908145,103900000.0,0.1461527641,-7600000.0,96300000.0,0.1354620903,39100000.0,57200000.0,0.080461387,0.14,0.14,394482759,394482759,https://www.sec.gov/Archives/edgar/data/64040/000006404096000005/0000064040-96-000005-index.html,https://www.sec.gov/Archives/edgar/data/64040/,1.8021066416238485,0.1449999998605769,0.0636276223164419,0.0278846153578032,0.0121678321561323,2.525585661907217,0.1201573425418067,2.525585661907217,2.024169578473264,4524717245.7300005,5315517245.7300005,19.77586208798077,6.364773168842313,180.2676193517929,411.33793143,4.5415208729599525,4.5415208729599525,7.477165910437474,33.7279013053934,211.7735954474104,483.2288405209091,0.012641673919841,0.0024310911384309,0.7985546522131888,0.2528202357876005,5.017766497461929,1.1056620597414175,35.827586206896555,0.4388111888111888,0.0072711725867617,0.5751748251748252,0.3183288788859192,0.0,0.3015348438145476,0.5617529880478087,0.0198340132226754,0.2625698324022346,0.0,2.870491806999192,0.0272553223406388,0.0260236578707916,-3.5583937902847613,118500000.0,47400000.0,-910600000.0,1387900000.0,759600000.0,185750000.0,281100000.0,100.43184695456463,51.01192295933965,80.94772240904922,0.8961300894995589,1.7642934196332254,1.1118286879673691,0.0574124259761116,0.0357430069586387,1996-07-17,0.15,bmo,,2025-04-25,1996-06-30,-0.0666666666666665,11.411746031746032,901961.9047619049
1996-03-31,SPGI,USD,64040,1996-05-13,1996-05-13 00:00:00,1996,Q1,583900000.0,293200000.0,290700000.0,0.4978592225,0,216600000.0,0.0,216600000.0,40600000.0,257200000.0,550400000.0,0.0,1000000.0,40600000.0,74100000.0,0.126905292,33500000.0,0.0573728378,-6200000.0,27300000.0,0.0467545813,11100000.0,16200000.0,0.0277444768,0.04,0.04,405000000,405000000,https://www.sec.gov/Archives/edgar/data/64040/000006404096000002/0000064040-96-000002-index.html,https://www.sec.gov/Archives/edgar/data/64040/,1.4417283950617283,0.04,0.1007407407407407,0.0224691358024691,0.0355555555555555,2.545432098765432,0.1809876543209876,2.545432098765432,1.6948148148148148,4442850000.0,5113850000.0,68.5625,7.608922760746704,108.8933823529412,488.22527472527474,4.309680861383257,4.309680861383257,8.758092139064908,69.01282051282051,125.33946078431372,561.9615384615385,0.0036463081130355,0.002048234804236,0.66485595111068,0.22557925223802,9.055330634278002,1.1621703853955376,33.5,2.5185185185185186,0.0074501727494738,2.04320987654321,0.3709539304675458,0.0,0.3151658767772511,0.7769607843137255,0.0542901181709196,0.7807881773399015,0.0,1.5135682637029917,0.0091142638481137,0.0077854671280276,-3.246111111111111,159900000.0,73300000.0,-861600000.0,1442600000.0,795450000.0,200650000.0,253000000.0,111.8873094707998,57.12482946793997,82.26466575716235,0.804380768700923,1.5754970445996777,1.094029850746269,0.0157144242894558,0.0782716049382716,1996-04-16,0.03944,bmo,,2025-04-25,1996-03-31,0.0141987829614603,11.055714285714286,1030882.5396825396
1995-12-31,SPGI,USD,64040,1996-03-26,1996-03-26 00:00:00,1995,Q4,749600000.0,369100000.0,380500000.0,0.5076040555,0,251200000.0,0.0,251200000.0,51300000.0,302500000.0,671600000.0,0.0,0.0,51300000.0,129300000.0,0.1724919957,78000000.0,0.1040554963,14700000.0,92700000.0,0.1236659552,38200000.0,54500000.0,0.0727054429,0.13,0.13,405000000,405000000,https://www.sec.gov/Archives/edgar/data/64040/000095012396001306/0000950123-96-001306-index.html,https://www.sec.gov/Archives/edgar/data/64040/,1.850864197530864,0.1345679012345679,0.6093827160493828,0.5432098765432098,0.0254320987654321,2.5558024691358026,0.1893827160493827,2.5558024691358026,1.5523456790123458,4410450000.0,5028850000.0,20.231422018348624,5.883737993596585,17.87054294975689,20.0475,4.260892667375133,4.260892667375133,6.708711312700107,38.89288476411446,20.376215559157213,22.85840909090909,0.012357015724019,0.0498815313630128,0.607380929378804,0.2025190052828243,4.782675947409127,1.1847109412326804,0.0,4.528440366972477,0.0068020270040472,0.5504587155963303,0.3351120597652081,0.0,0.3087231026929519,0.1085899513776337,0.035752401280683,0.5224171539961013,0.0,2.7817983249040465,0.0215374812971977,0.0253960857409133,-3.188271604938272,193300000.0,76700000.0,-829500000.0,1487800000.0,903500000.0,193150000.0,249700000.0,103.85538954108858,52.47358439447304,58.03305337306963,0.8665895953757226,1.7151486988847584,1.5508403361344538,0.0526519176891121,0.0661728395061728,1996-01-30,0.14,bmo,,2025-04-25,1995-12-31,0.0,10.469206349206347,675352.380952381
1995-09-30,SPGI,USD,64040,1995-11-14,1995-11-14 00:00:00,1995,Q3,904400000.0,365500000.0,538900000.0,0.5958646617,0,264600000.0,0.0,264600000.0,81400000.0,346000000.0,711500000.0,0.0,9500000.0,81400000.0,274300000.0,0.3032950022,192900000.0,0.2132905794,-13000000.0,179900000.0,0.1989164087,74100000.0,105800000.0,0.1169836356,0.27,0.27,399245283,399245283,https://www.sec.gov/Archives/edgar/data/64040/000006404095000004/0000064040-95-000004-index.html,https://www.sec.gov/Archives/edgar/data/64040/,2.2652741021864498,0.2650000000125236,0.5047022684548536,0.4784026465254443,0.0122731569003909,2.534281663635836,0.1204773156956747,2.534281663635836,2.014551039792748,4080286792.26,4870186792.26,9.641509433506618,4.511595303250775,20.249562244466503,21.362758074659688,4.032700921387626,4.032700921387626,5.384992030362672,17.754964609041195,24.169661500049628,25.498360168900525,0.025929549903378,0.0468104350807675,0.7855307372998617,0.2496152759021387,2.87969376594969,1.2206438520431695,20.305263157894736,1.9045368620037808,0.0073279162770416,0.2826086956521739,0.2925696594427244,0.0,0.3026600923337835,0.0521091811414392,0.011609907120743,0.128992628992629,0.0,3.887242521395184,0.0507018362156505,0.0476490722392361,-3.331786389571445,239200000.0,48100000.0,-849000000.0,1532000000.0,870400000.0,171850000.0,278550000.0,93.74170720919948,42.13132694938441,64.36662106703146,0.9600849256900212,2.136177673874927,1.3982402448355011,0.104566119786519,0.0262996219294092,1995-10-17,0.26,bmo,,2025-04-25,1995-09-30,0.0384615384615384,9.808253968253968,728101.5873015873
1995-06-30,SPGI,USD,64040,1995-08-11,1995-08-11 00:00:00,1995,Q2,712800000.0,324300000.0,388500000.0,0.54503367,0,230000000.0,0.0,230000000.0,57700000.0,287700000.0,612000000.0,0.0,5600000.0,57700000.0,158500000.0,0.222362514,100800000.0,0.1414141414,-11000000.0,89800000.0,0.1259820426,37000000.0,52800000.0,0.0740740741,0.14,0.14,391111111,391111111,https://www.sec.gov/Archives/edgar/data/64040/000006404095000002/0000064040-95-000002-index.html,https://www.sec.gov/Archives/edgar/data/64040/,1.822500000517756,0.1350000000383522,-0.0007670454547633,-0.036562500010387,0.0485795454683464,2.3696590915822897,-0.1183806818518126,2.3696590915822897,2.4284659097808143,3707733332.28,4632933332.280001,17.555555550568183,5.201646089057239,-12359.111107600002,-259.28205120839164,4.000575455632283,4.000575455632283,6.499625887037038,29.22986329514196,-15443.111107600002,-323.9813519076924,0.0142405063331595,-0.003856803798564,1.0187742770824342,0.3008155983178284,5.837223974763407,1.105650669741861,18.0,-0.0056818181818181,0.0080642261242702,0.5662878787878788,0.3226711560044893,0.0,0.3100229387026889,-46.66666666666666,0.0196408529741863,0.24263431542461,0.0,2.682878956033247,0.0257909947838829,0.0243801080482061,-3.6972869328685474,119100000.0,-46300000.0,-965600000.0,1426800000.0,742700000.0,168000000.0,267800000.0,100.85858585858584,47.900092506938016,82.06290471785384,0.8923385077616425,1.8789107763615296,1.096719648292188,0.056970220112214,0.0357954545556237,1995-07-19,0.13,bmo,,2025-04-25,1995-06-30,0.0,9.25809523809524,830831.746031746
1995-03-31,SPGI,USD,64040,1995-05-11,1995-05-11 00:00:00,1995,Q1,568500000.0,281300000.0,287200000.0,0.5051890941,0,215100000.0,0.0,215100000.0,41000000.0,256100000.0,537400000.0,0.0,1900000.0,41000000.0,72100000.0,0.126824978,31100000.0,0.054705365,-7300000.0,23800000.0,0.0418645558,9800000.0,14000000.0,0.0246262093,0.035,0.035,400000000,400000000,https://www.sec.gov/Archives/edgar/data/64040/000006404095000001/0000064040-95-000001-index.html,https://www.sec.gov/Archives/edgar/data/64040/,1.42125,0.035,-0.037,-0.05575,0.01975,2.229,-0.22875,2.229,2.16,3588000000.0000005,4442200000.0,64.07142857142857,6.311345646437996,-242.43243243243245,-160.8968609865471,4.024226110363392,4.024226110363392,7.813896218117854,61.61165048543689,-300.14864864864865,-199.2017937219731,0.003901895206243,-0.0062151616499442,0.9669134140870346,0.289956948742096,11.84743411927878,1.0783724193225095,16.36842105263158,-1.0571428571428572,0.0083333333333333,2.1357142857142857,0.3783641160949868,0.0,0.3306538409794161,-0.5067567567567568,0.0131926121372031,0.1829268292682926,0.0,1.3248915049920127,0.0083910272667915,0.0070348223707351,-3.597,78200000.0,-91500000.0,-1005600000.0,1398300000.0,733800000.0,169850000.0,226600000.0,108.69656992084433,52.27870600782083,76.7543547813722,0.827993009030003,1.7215422276621788,1.1725719049604002,0.0157021085688649,0.01875,1995-04-18,0.04029,bmo,,2025-04-25,1995-03-31,-0.0071978158351948,8.535079365079365,896253.9682539683
1994-12-31,SPGI,USD,64040,1995-03-28,1995-03-28 00:00:00,1994,Q4,697300000.0,416600000.0,280700000.0,0.4025527033,0,137400000.0,0.0,137400000.0,51800000.0,189200000.0,605800000.0,0.0,0.0,51800000.0,143300000.0,0.2055069554,91500000.0,0.1312204216,-6600000.0,84900000.0,0.121755342,35000000.0,49900000.0,0.0715617381,0.12,0.12,400000000,400000000,https://www.sec.gov/Archives/edgar/data/64040/000095012395000731/0000950123-95-000731-index.html,https://www.sec.gov/Archives/edgar/data/64040/,1.74325,0.12475,0.4605,0.40475,0.02025,2.28275,-0.1495,2.28275,1.907,3344000000.0,4098700000.0,16.753507014028056,4.795640326975477,18.15418023887079,20.65472513897468,3.662249479794107,3.662249479794107,5.877957837372724,28.602233077459875,22.251357220412597,25.31624459542928,0.0149222488038277,0.0484150717703349,0.8353959040630818,0.2535482798736912,5.266573621772506,1.1151785714285714,0.0,3.691382765531062,0.0084928229665071,0.5691382765531062,0.1970457478846981,0.0,0.3233837460528502,0.1210640608034744,0.0319804961996271,0.4305019305019305,0.0,2.5312830553397223,0.0255385848340122,0.0245136569070544,-3.48725,116100000.0,-59800000.0,-971300000.0,1434800000.0,850050000.0,170350000.0,223050000.0,100.80309766241216,38.08689390302448,46.080172827652426,0.8928297055057618,2.3630175836642087,1.953117674636662,0.0546489979191764,0.05575,1995-02-02,0.12,bmo,,2025-04-25,1994-12-31,0.0833333333333334,8.809999999999999,991123.8095238096
1994-09-30,SPGI,USD,64040,1994-11-10,1994-11-10 00:00:00,1994,Q3,855500000.0,345000000.0,510500000.0,0.5967270602,0,263500000.0,0.0,263500000.0,85400000.0,348900000.0,693900000.0,0.0,2200000.0,85400000.0,247000000.0,0.2887200468,161600000.0,0.1888953828,-8200000.0,153400000.0,0.1793103448,63200000.0,90200000.0,0.1054354179,0.23,0.23,392173913,392173913,https://www.sec.gov/Archives/edgar/data/64040/000006404094000013/0000064040-94-000013-index.html,https://www.sec.gov/Archives/edgar/data/64040/,2.181430155452486,0.2300000000254989,0.3722838137885015,0.288137472315758,0.0688470066595174,2.31631929072243,-0.1884368071162346,2.31631929072243,2.274246119986058,3592313043.08,4455013043.08,9.956521738026607,4.199080120490941,24.60488385671233,31.790380912212388,3.9545498052399823,3.9545498052399823,5.207496251408533,18.036490052955465,30.51378796630137,39.42489418654867,0.0251091703084605,0.0314560559296679,0.9794143549097314,0.2768115491117264,3.492712550607288,1.157773851590106,73.45454545454545,1.6186252771618626,0.0079892814617829,0.3181818181818182,0.3080070134424313,0.0,0.305622102610373,0.2260273972602739,0.0385739333722969,0.3864168618266979,0.0,3.4622178341082908,0.0429243541419413,0.0404158078680885,-3.7559229494186166,178600000.0,-73900000.0,-995100000.0,1509100000.0,833200000.0,170350000.0,249600000.0,96.69082407948568,42.88695652173913,60.73043478260869,0.9308018713959308,2.0985401459854014,1.481958762886598,0.0992954645530603,0.0841463414727435,1994-10-17,0.22,bmo,,2025-04-25,1994-09-30,0.0454545454545455,8.79984375,893362.5
1994-06-30,SPGI,USD,64040,1994-08-10,1994-08-10 00:00:00,1994,Q2,648300000.0,269300000.0,379000000.0,0.5846058923,0,237600000.0,0.0,237600000.0,52300000.0,289900000.0,559200000.0,0.0,2000000.0,52300000.0,141400000.0,0.2181089002,89100000.0,0.137436372,-7400000.0,81700000.0,0.1260219034,33700000.0,48000000.0,0.0740397964,0.13,0.13,384000000,384000000,https://www.sec.gov/Archives/edgar/data/64040/000006404094000012/0000064040-94-000012-index.html,https://www.sec.gov/Archives/edgar/data/64040/,1.68828125,0.125,0.0927083333333333,0.0544270833333333,0.0338541666666666,2.184375,-0.41875,2.184375,2.434375,3191040000.0,4110840000.0,16.62,4.922165664044424,89.63595505617978,152.68133971291866,3.8042918454935615,3.8042918454935615,6.3409532623785285,29.072418670438477,115.47303370786516,196.6909090909091,0.0150421179302045,0.0065495888487765,1.112064854554125,0.301964973616911,6.5049504950495045,1.0876617288580537,44.55,0.7416666666666667,0.0089625952667468,0.5958333333333333,0.3664969921332716,0.0,0.3235893949694086,0.4129213483146067,0.0226746876446089,0.2810707456978967,0.0,2.478619512450429,0.023822523536495,0.0229720028715003,-4.019856770833333,93500000.0,-160800000.0,-1090200000.0,1423300000.0,693050000.0,175100000.0,246150000.0,103.7436372049977,58.91942072038619,89.03082064611958,0.8675230830991569,1.5275099262620533,1.0108858858858858,0.0572246065808297,0.03828125,1994-07-18,0.12,bmo,,2025-04-25,1994-06-30,0.0,8.32516129032258,829961.2903225806
1994-03-31,SPGI,USD,64040,1994-05-09,1994-05-09 00:00:00,1994,Q1,559800000.0,255400000.0,304400000.0,0.5437656306,0,230300000.0,0.0,230300000.0,40500000.0,270800000.0,526200000.0,0.0,4900000.0,40500000.0,74100000.0,0.1323687031,33600000.0,0.0600214362,-8100000.0,25500000.0,0.0455519829,10500000.0,15000000.0,0.026795284,0.04,0.04,375000000,375000000,https://www.sec.gov/Archives/edgar/data/64040/000006404094000001/0000064040-94-000001-index.html,https://www.sec.gov/Archives/edgar/data/64040/,1.4928,0.04,0.1282666666666666,0.1093333333333333,0.0765333333333333,2.179466666666667,-0.508,2.179466666666667,2.445333333333333,3063750000.0,3947150000.0,51.0625,5.472936763129689,63.695426195426194,74.72560975609755,3.7486235164566257,3.7486235164566257,7.051000357270453,53.267881241565455,82.06133056133056,96.2719512195122,0.0048959608323133,0.0133822929416564,1.1159916799216931,0.3071871211100633,11.921727395411606,1.0693767499740745,6.857142857142857,3.2066666666666666,0.0093349653202774,1.9066666666666667,0.4113969274740979,0.0,0.3394180250572545,0.1476091476091476,0.0126831011075384,0.1753086419753086,0.0,1.4005427519358344,0.0091541410228117,0.0076475986540226,-4.083066666666666,66900000.0,-190500000.0,-1120700000.0,1410200000.0,684950000.0,185550000.0,220550000.0,102.70096463022507,61.28034455755677,79.60454189506656,0.8763306199123356,1.4686601495112133,1.130588756086764,0.0183531139116603,0.0189333333333333,1994-04-18,0.02993,bmo,,2025-04-25,1994-03-31,0.3364517206815904,8.674920634920635,996571.4285714284
1993-12-31,SPGI,USD,64040,1994-03-30,1994-03-30 00:00:00,1993,Q4,682700000.0,266100000.0,416600000.0,0.6102241102,0,0.0,0.0,247000000.0,83600000.0,330600000.0,596700000.0,0.0,6300000.0,83600000.0,169600000.0,0.2484253699,86000000.0,0.1259704116,-9400000.0,76600000.0,0.1122015527,31800000.0,44800000.0,0.0656217958,0.11,0.11,391063830,391063830,https://www.sec.gov/Archives/edgar/data/64040/000095012394000648/0000950123-94-000648-index.html,https://www.sec.gov/Archives/edgar/data/64040/,1.7457508151546512,0.1145593035285313,0.7024428723055262,0.6456746460034415,0.1227421109234264,2.1045157768745835,-0.5063112075591343,2.1045157768745835,2.3901468975026403,3304489363.4999995,4184889363.499999,18.44023082310268,4.840324247107074,12.029447992355296,13.08708658811881,4.015175411300121,4.015175411300121,6.129909716566573,24.675055209316035,15.234398847834,16.573819261386138,0.0135573140270451,0.0764112007104664,1.1280680437424058,0.3010180922119188,5.191037735849057,1.0588455421461316,13.65079365079365,6.131696428571429,0.0084733212669032,0.625,0.0,0.0,0.3310420854678685,0.0808154350200218,0.032517943459792,0.2655502392344497,0.0,2.329069961901116,0.0230079365676539,0.0217138425746413,-3.9821504330891457,62900000.0,-198000000.0,-1129400000.0,1429200000.0,784950000.0,189050000.0,232950000.0,96.38054782481323,66.6967305524239,72.78466741826381,0.933798385993708,1.3493914807302232,1.2365241635687731,0.0544349939246658,0.0567682263020847,1994-02-02,0.12,bmo,,2025-04-25,1993-12-31,-0.0833333333333333,8.6665625,1181350.0
1993-09-30,SPGI,USD,64040,1993-09-30,1993-09-30 00:00:00,1993,Q3,555000000.0,265700000.0,289300000.0,0.5212612613,0,0.0,0.0,180400000.0,19100000.0,199500000.0,465200000.0,0.0,389200000.0,19100000.0,108900000.0,0.1962162162,89800000.0,0.1618018018,-198600000.0,-108800000.0,-0.196036036,-16900000.0,-91900000.0,-0.1655855856,-0.23,-0.23,391063830,391063830,,,1.4192056575521188,-0.2349999998721436,0.1846245918473207,0.1580304678139116,0.1309249183183216,2.0503046778834038,-0.5822578886930044,2.0503046778834038,3.7748313363575456,3312310640.1000004,4348110640.1,-9.010638302774757,5.96812727945946,45.87687867174515,53.5972595485437,4.131093340109754,4.131093340109754,7.834433585765766,39.927554087236,60.22313905955679,70.35777734789644,-0.0277449822753416,0.0186576703440273,1.3556996757296085,0.3384711194146038,9.511478420569327,1.1294054823780706,0.2307297019527235,-0.7864923747276689,0.0084533134244784,-0.3046789989118607,0.0,0.0,0.3205667133738129,0.1440443213296399,0.0187387387387387,0.5445026178010471,0.0,,0.0332345821165954,-0.0421173235563703,-4.101760063056714,145400000.0,-227700000.0,-1140700000.0,1515600000.0,688000000.0,152650000.0,232350000.0,136.02162162162162,61.275875047045545,84.91908167105758,0.6616595135908441,1.468767274737424,1.0598324690865577,-0.1146171114991269,0.026594124033409,1993-10-18,0.17,bmo,,2025-04-25,1993-09-30,0.0588235294117645,8.16015625,1129537.5
1993-06-30,SPGI,USD,64040,1993-06-30,1993-06-30 00:00:00,1993,Q2,490900000.0,230000000.0,260900000.0,0.5314728051,0,0.0,0.0,177500000.0,18600000.0,196100000.0,426100000.0,0.0,0.0,18600000.0,83400000.0,0.169892035,64800000.0,0.1320024445,7000000.0,71800000.0,0.1462619678,28600000.0,43200000.0,0.0880016297,0.11,0.11,392727273,392727273,,,1.2499768509838125,0.1099999999236111,0.1621990739614358,0.1362268517572498,0.0353935184939396,2.324513887274643,0.9306712956499968,2.324513887274643,1.2043981473117606,2898327274.74,3357427274.74,16.772727284375,5.904109339458137,45.4996432455259,54.17434158392523,3.1748573499178443,3.1748573499178443,6.839330362069668,40.25692175947242,52.7068645956044,62.75564999514018,0.0149051490411397,0.0184589230023373,0.5181290393252272,0.1931794976516234,5.504796163069544,1.0516402644380691,0.0,1.4779582366589328,0.0096262420890694,0.6458333333333334,0.0,0.0,0.2235654482336124,0.1601255886970172,0.0207781625585658,0.5483870967741935,0.0,2.3985770504633543,0.0218238459757372,0.0227236862868865,-2.5763425908034656,41400000.0,365500000.0,-692500000.0,864400000.0,532850000.0,120200000.0,206600000.0,98.48849052760237,48.67826086956522,83.73913043478261,0.9138123603871928,1.8488745980707395,1.074766355140187,0.0473217219848833,0.0259722222041859,1993-07-19,0.11,bmo,,2025-04-25,1993-06-30,0.0,7.467777777777778,563631.746031746
1993-03-31,SPGI,USD,64040,1993-03-31,1993-03-31 00:00:00,1993,Q1,466900000.0,227200000.0,239700000.0,0.5133861641,0,0.0,0.0,169300000.0,18300000.0,187600000.0,414800000.0,0.0,42700000.0,18300000.0,70400000.0,0.150781752,52100000.0,0.1115870636,-25400000.0,26700000.0,0.0571856929,11400000.0,15300000.0,0.0327693296,0.04,0.04,382500000,382500000,,,1.2206535947712418,0.04,0.1437908496732026,0.1254901960784313,0.0277124183006535,2.3505882352941176,0.917124183006536,2.3505882352941176,1.3111111111111111,3037050000.0,3485250000.0,49.625,6.504711929749411,55.21909090909091,63.271875,3.377877877877878,3.377877877877878,7.464660526879418,49.50639204545455,63.36818181818182,72.609375,0.0050377833753148,0.015804810589223,0.5102880658436214,0.1913101492786256,6.3664772727272725,1.0790849673202614,1.2201405152224825,3.594771241830065,0.0091865461549859,1.8235294117647056,0.0,0.0,0.228629805687599,0.1272727272727272,0.0149925037481259,0.3825136612021858,0.0,1.4544859613501624,0.0169766042191375,0.0082707173360722,-2.5948366013071897,60500000.0,350800000.0,-673600000.0,887500000.0,573050000.0,123500000.0,193850000.0,101.87406296851574,45.95070422535211,78.90845070422534,0.8834437086092716,1.9586206896551723,1.140562248995984,0.017017017017017,0.0183006535947712,1993-04-20,0.03948,bmo,,2025-04-25,1993-03-31,0.0131712259371833,7.608387096774194,599122.5806451613
1992-12-31,SPGI,USD,64040,1992-12-31,1992-12-31 00:00:00,1992,Q4,578700000.0,250800000.0,327900000.0,0.5666148263,0,0.0,0.0,203300000.0,36700000.0,240000000.0,490800000.0,0.0,154700000.0,36700000.0,124600000.0,0.215310178,87900000.0,0.1518921721,-19400000.0,68500000.0,0.1183687576,29200000.0,-85300000.0,-0.1473993434,-0.23,-0.22,367028249,381875000,,,1.5767178727433593,-0.232407179099721,0.2721861335528971,0.1716489130513766,0.0359645341631455,2.476103685414144,0.96777291929919,2.476103685414144,1.7371959835167892,2815106669.83,3284806669.83,-8.250605714624854,4.864535458493174,28.179245944244244,44.684232854444446,3.097608571555898,3.097608571555898,5.67618225303266,26.36281436460674,32.880947645945945,52.13978841,-0.0303008056192595,0.0223792585464637,0.5313600352112676,0.1925361827678322,3.769662921348315,1.0836207921969787,0.5681965093729799,2.541984732824428,0.009733201336081,-0.3212192262602579,0.0,0.0,0.2207248514812009,0.3693693693693693,0.0637636080870917,1.005449591280654,0.0,,0.0281481463374091,-0.0436428754157073,-2.8026453080999767,70300000.0,355200000.0,-688300000.0,908600000.0,621700000.0,178050000.0,202650000.0,96.049766718507,47.00956937799043,67.64354066985646,0.9370142487046632,1.914503816793893,1.330503978779841,-0.0938600352112676,0.1005372205015205,1992-12-31,,bmo,,2025-04-25,1992-12-31,,7.5696875,461300.0
1992-09-30,SPGI,USD,64040,1992-09-30,1992-09-30 00:00:00,1992,Q3,532700000.0,258000000.0,274700000.0,0.5156748639,0,0.0,0.0,182200000.0,12700000.0,194900000.0,452900000.0,0.0,0.0,12700000.0,92500000.0,0.1736437019,79800000.0,0.1498028909,26900000.0,106700000.0,0.2003003567,45600000.0,61100000.0,0.1146987047,0.16,0.16,381875000,381875000,,,1.394959083469722,0.16,0.1215057283142389,0.0866775777414075,0.0379705400981996,2.6893617021276595,1.1893944353518822,2.6893617021276595,1.5811456628477905,2799143750.0,3388443750.0,11.453125,5.2546344096114135,60.326373922413794,84.56627643504531,2.7255537974683546,2.7255537974683546,6.3608855828796695,36.63182432432433,73.02680495689656,102.36990181268882,0.0218281036834924,0.0118250447123339,0.5879259980525803,0.2325527653674318,6.370810810810811,1.1002275312855518,0.0,0.7594108019639935,0.0097529824968796,0.4468085106382978,0.0,0.0,0.2206131566784779,0.2866379310344827,0.0249671484888304,1.047244094488189,0.0,3.111543367472094,0.0239021641650782,0.0301937141727614,-2.5588216039279867,88100000.0,454200000.0,-602300000.0,943800000.0,587150000.0,211050000.0,218650000.0,105.7293035479632,78.5232558139535,75.62790697674419,0.8512304250559284,1.1461572634384718,1.1900369003690037,0.0594936708860759,0.0348281505728314,1993-02-03,0.12,bmo,,2025-04-25,1992-09-30,0.0,7.19265625,645300.0
1992-06-30,SPGI,USD,64040,1992-06-30,1992-06-30 00:00:00,1992,Q2,484300000.0,231800000.0,252500000.0,0.521371051,0,0.0,0.0,172400000.0,12500000.0,184900000.0,416700000.0,0.0,0.0,12500000.0,80100000.0,0.1653933512,67600000.0,0.1395829032,-200000.0,67400000.0,0.139169936,28800000.0,38600000.0,0.0797026636,0.1,0.1,386000000,386000000,,,1.2546632124352333,0.1,0.1344559585492228,0.0930051813471502,0.0512953367875647,2.588082901554404,1.1121761658031089,2.588082901554404,1.399740932642487,2790780000.0,3311280000.0,18.075,5.762502581044807,53.77225433526012,77.73760445682451,2.793573573573574,2.793573573573574,6.837249638653727,41.33932584269663,63.80115606936416,92.23621169916434,0.0138312586445366,0.0128637871849447,0.5408408408408408,0.2177224371373307,6.49812734082397,1.1259743525270305,0.0,1.344559585492228,0.0098180437010441,0.7098445595854922,0.0,0.0,0.2295696324951644,0.3082851637764932,0.0330373735288044,1.28,0.0,2.4131279552683087,0.0213279749114958,0.020189340446676,-2.438277202072539,100200000.0,429300000.0,-587000000.0,953900000.0,527300000.0,146450000.0,210050000.0,101.93062151558952,76.48835202761,85.61259706643658,0.8829535095715588,1.1766497461928933,1.05124716553288,0.0386386386386386,0.0414507772020725,1992-06-30,,bmo,,2025-04-25,1992-06-30,,7.736984126984127,763339.6825396825
1992-03-31,SPGI,USD,64040,1992-03-31,1992-03-31 00:00:00,1992,Q1,454800000.0,224200000.0,230600000.0,0.5070360598,0,0.0,0.0,169400000.0,12400000.0,181800000.0,406000000.0,0.0,37900000.0,12400000.0,61200000.0,0.1345646438,48800000.0,0.107299912,-24000000.0,24800000.0,0.0545294635,10600000.0,14200000.0,0.0312225154,0.04,0.04,355000000,355000000,,,1.2811267605633805,0.04,0.1490140845070422,0.1307042253521126,0.0183098591549295,2.769014084507042,1.156338028169014,2.769014084507042,1.6056338028169015,2751250000.0,3276850000.0,48.4375,6.049362357080035,52.00850661625709,59.29418103448276,2.79883011190234,2.79883011190234,7.205035180299032,53.54330065359477,61.944234404536864,70.62176724137932,0.0051612903225806,0.0168650613357564,0.5413021363173958,0.2229998742718243,8.588235294117647,1.138246294500623,1.287598944591029,3.725352112676057,0.009922762380736,1.9225352112676053,0.0,0.0,0.2399312685972926,0.1228733459357277,0.01429199648197,0.5241935483870968,0.0,1.5786426688951296,0.0156528684577171,0.0078297309219232,-2.5837323943661974,99800000.0,410500000.0,-581400000.0,952400000.0,565150000.0,99600000.0,195850000.0,100.15171503957784,38.49687778768956,80.12488849241748,0.8986366330764671,2.337851929092805,1.123246492985972,0.0144455747711088,0.0183098591549295,1992-03-31,,bmo,,2025-04-25,1992-03-31,,7.436507936507937,899415.873015873
1991-12-31,SPGI,USD,64040,1991-12-31,1991-12-31 00:00:00,1991,Q4,568100000.0,252100000.0,316000000.0,0.5562400986,0,0.0,0.0,202200000.0,18900000.0,221100000.0,473200000.0,0.0,21000000.0,18900000.0,113800000.0,0.2003168456,94900000.0,0.1670480549,-15800000.0,79100000.0,0.13923605,33800000.0,45300000.0,0.0797394825,0.12,0.12,380000000,380000000,,,1.495,0.1192105263157894,0.2492105263157894,0.2152631578947368,0.0436842105263157,2.6289473684210525,1.1102631578947368,2.6289473684210525,1.5502631578947368,2724600000.0,3276100000.0,15.036423841059602,4.7959866220735785,28.77085533262936,33.308068459657704,2.7273273273273277,2.7273273273273277,5.766766414363668,28.788224956063267,34.59450897571278,40.05012224938875,0.0166262937678925,0.0300227556338545,0.5686686686686687,0.224972279423412,4.84622144112478,1.150971051667277,4.519047619047619,2.0905077262693155,0.0098730088820377,0.5938189845474614,0.0,0.0,0.2285363535561539,0.1362196409714889,0.0227072698468579,0.6825396825396826,0.0,2.655458432650496,0.0295806597420787,0.0232534264154817,-2.4878947368421054,123600000.0,421900000.0,-583900000.0,989300000.0,596550000.0,144400000.0,203200000.0,98.8875198028516,36.87822292740976,68.579928599762,0.9101249599487344,2.440464666021297,1.3123373243102552,0.0453453453453453,0.0339473684210526,1991-12-31,,bmo,,2025-04-25,1991-12-31,,6.66765625,778750.0
1991-09-30,SPGI,USD,64040,1991-09-30,1991-09-30 00:00:00,1991,Q3,489500000.0,237800000.0,251700000.0,0.5141981614,0,0.0,0.0,165600000.0,18000000.0,183600000.0,421400000.0,0.0,0.0,18000000.0,86100000.0,0.1758937692,68100000.0,0.1391215526,28000000.0,96100000.0,0.1963227783,41000000.0,55100000.0,0.1125638407,0.14,0.14,380000000,380000000,,,1.2881578947368422,0.145,0.1318421052631579,0.0986842105263157,0.0139473684210526,2.5810526315789475,1.0494736842105263,2.5810526315789475,1.608157894736842,2439600000.0,3045400000.0,11.06896551724138,4.983861082737487,48.69461077844311,65.056,2.4873572593800977,2.4873572593800977,6.221450459652707,35.37049941927991,60.786427145708586,81.21066666666667,0.0225856697819314,0.0153713723561239,0.623062805872757,0.2431464608283929,7.036004645760744,1.0492801123727027,0.0,0.909255898366606,0.0109444171175602,0.484573502722323,0.0,0.0,0.2315680579318028,0.2514970059880239,0.0257405515832482,0.7,0.0,2.9018415205738437,0.0215949835176323,0.0285300056956454,-2.614144736842105,42100000.0,398800000.0,-636100000.0,913900000.0,549550000.0,177900000.0,213000000.0,104.59856996935648,70.20605550883096,81.10597140454163,0.8604324134294252,1.2819407008086254,1.1096593560429304,0.0561786296900489,0.0331578947368421,1991-09-30,,bmo,,2025-04-25,1991-09-30,,6.94796875,729187.5
1991-06-30,SPGI,USD,64040,1991-06-30,1991-06-30 00:00:00,1991,Q2,456900000.0,213500000.0,243400000.0,0.5327205078,0,0.0,0.0,167300000.0,17900000.0,185200000.0,398700000.0,0.0,0.0,17900000.0,76100000.0,0.1665572335,58200000.0,0.1273801707,2700000.0,60900000.0,0.1332895601,26000000.0,34900000.0,0.0763843292,0.09,0.09,387777778,387777778,,,1.1782521483219186,0.089999999948424,0.1150143265816536,0.0822636102680437,0.0440974211781676,2.446762176248274,0.9636962745193718,2.446762176248274,1.6102005721431516,2896700001.66,3504000001.66,20.75000001189112,6.339899325147735,64.94843053049327,90.80564268526643,3.053014335645025,3.053014335645025,7.669074199299628,46.04467807700394,78.5650224587444,109.8432602401254,0.0120481927641799,0.0110125314950527,0.6580944350758853,0.2567645365572826,7.980289093298292,1.1428381256656015,0.0,1.2779369627507164,0.0092864293798406,0.7707736389684814,0.0,0.0,0.2364914877868245,0.2847533632286995,0.0277960166338367,0.7094972067039106,0.0,2.2259140603499024,0.0185964367770314,0.0187967900037701,-2.4818338094659977,107300000.0,373700000.0,-624500000.0,973300000.0,532400000.0,167300000.0,205650000.0,104.43860801050558,71.78922716627635,89.24121779859486,0.8617502829121086,1.2536699941280094,1.0085025980160605,0.0367833052276559,0.0327507163136099,1991-06-30,,bmo,,2025-04-25,1991-06-30,,7.59703125,707450.0
1991-03-31,SPGI,USD,64040,1991-03-31,1991-03-31 00:00:00,1991,Q1,428500000.0,202900000.0,225600000.0,0.526487748,0,0.0,0.0,159900000.0,17300000.0,177200000.0,380100000.0,0.0,39400000.0,17300000.0,65700000.0,0.1533255543,48400000.0,0.1129521587,-26200000.0,22200000.0,0.0518086348,9500000.0,12700000.0,0.029638273,0.035,0.035,362857143,362857143,,,1.1809055113461002,0.0349999999862204,0.0529133858059396,0.0170866141665013,0.0201181102282999,2.5897244084292423,0.9788976374098828,2.5897244084292423,1.8585826764336288,2670628572.48,3298328572.48,52.57142859212599,6.232505420023338,139.09523815,430.7465439483871,2.8420012477173566,2.8420012477173566,7.697382899603268,50.20287020517504,171.78794648333334,531.988479432258,0.0047554347807364,0.0023215508378398,0.6757475790145792,0.2633106651185934,9.554033485540335,1.1529555979297197,1.2284263959390862,1.5118110236220472,0.0100350907184045,2.1102362204724407,0.0,0.0,0.2423702106485321,0.6770833333333334,0.0303383897316219,0.7514450867052023,0.0,1.4280784190075528,0.0153755488051356,0.0069509058070165,-2.656279526513276,112300000.0,355200000.0,-625400000.0,989500000.0,594950000.0,133150000.0,193800000.0,112.28471411901984,72.87826515524888,88.53622474125184,0.8015338570894126,1.2349360925136943,1.0165330661322645,0.0135149515802915,0.0358267716394382,1991-03-31,,bmo,,2025-04-25,1991-03-31,,6.951311475409836,810701.6393442623
1990-12-31,SPGI,USD,64040,1990-12-31,1990-12-31 00:00:00,1990,Q4,558000000.0,226300000.0,331700000.0,0.5944444444,0,0.0,0.0,193100000.0,17600000.0,210700000.0,437000000.0,0.0,46800000.0,17600000.0,138600000.0,0.2483870968,121000000.0,0.2168458781,-30700000.0,90300000.0,0.161827957,38800000.0,51500000.0,0.0922939068,0.13,0.13,379594056,385142857,,,1.4699914057663748,0.1356712498153554,0.3838310892834423,0.2644930773099355,0.0542684999261421,2.514001431044537,0.9641879113091276,2.514001431044537,1.7626724903195006,2497728888.48,3099428888.48,12.124897516893204,4.476216646021506,17.142957367741936,24.87777777370518,2.617341390003144,2.617341390003144,5.554532058207886,22.362401792784997,21.272675967604663,30.87080566215139,0.020618730974978,0.0401965163085008,0.6521010164518495,0.2456188822229239,4.341269841269841,1.1378004025097668,2.5854700854700856,2.829126213592233,0.0105295655270276,0.5106796116504855,0.0,0.0,0.2321992421850331,0.3109128345916266,0.0811827956989247,2.573863636363636,0.0,2.77024342147339,0.0382617317352498,0.0264740656968076,-2.5638573223601795,116400000.0,366000000.0,-618200000.0,996200000.0,611150000.0,141250000.0,194050000.0,105.69354838709675,40.56562085726911,74.76800707026071,0.85151838852434,2.2186274509803923,1.203723404255319,0.0539662579901498,0.1193380119735067,1990-12-31,,bmo,,2025-04-25,1990-12-31,,5.97140625,1016437.5
1990-09-30,SPGI,USD,64040,1990-09-30,1990-09-30 00:00:00,1990,Q3,502800000.0,232600000.0,270200000.0,0.5373906126,0,0.0,0.0,163400000.0,17200000.0,180600000.0,413200000.0,0.0,0.0,17200000.0,106800000.0,0.2124105012,89600000.0,0.1782020684,28600000.0,118200000.0,0.2350835322,50800000.0,67400000.0,0.1340493238,0.18,0.18,385142857,385142857,,,1.3054896147275554,0.1750000000649109,0.0976261127958553,0.0560830860742147,0.0397255193025688,2.4292284875479333,0.934458457319903,2.4292284875479333,1.7985534131300271,2129839999.21,2807239999.21,7.899999997069733,4.235958630091488,56.6446808300532,98.60370366712964,2.2764429234822576,2.2764429234822576,5.583214000019889,26.28501871919476,74.6606382768617,129.96481477824074,0.0316455696319911,0.0101416068850298,0.7403805044890979,0.2772463478086852,6.342696629213483,1.08476928414479,0.0,0.5586924219910847,0.0123483454201983,0.3902077151335311,0.0,0.0,0.2304182509505703,0.425531914893617,0.0318217979315831,0.9302325581395348,0.0,3.092747512046185,0.028118717098432,0.0350530476388599,-2.6543397635958232,73300000.0,359900000.0,-624900000.0,914900000.0,541950000.0,171200000.0,196250000.0,101.49164677804296,69.84092863284609,77.42476354256233,0.8867724867724868,1.2886426592797784,1.1624187906046977,0.0720393330483112,0.0415430267216405,1990-09-30,,bmo,,2025-04-25,1990-09-30,,6.375555555555556,1375580.9523809524
1990-06-30,SPGI,USD,64040,1990-06-30,1990-06-30 00:00:00,1990,Q2,457800000.0,215600000.0,242200000.0,0.5290519878,0,0.0,0.0,161700000.0,16700000.0,178400000.0,394000000.0,0.0,0.0,16700000.0,80500000.0,0.1758409786,63800000.0,0.1393621669,1500000.0,65300000.0,0.1426387069,28100000.0,37200000.0,0.0812581913,0.095,0.095,391578947,391578947,,,1.1691129043257782,0.0950000000893817,0.0431586021911438,-0.0112365591503569,0.0717607527556888,2.2702957010607623,0.7906451620342092,2.2702957010607623,1.8001478511560531,2752799997.4100003,3429599997.4100003,18.499999982594087,6.013106154237659,162.8875738112426,-625.6363630477274,3.096512932969629,3.096512932969629,7.49148099041066,42.603726675900624,202.93491108934916,-779.4545448659092,0.0135135135262278,-0.0015983725676183,0.7929133858267716,0.2926353370973099,8.407453416149067,1.037685217594213,0.0,0.4543010752688172,0.00959023540571,0.7096774193548387,0.0,0.0,0.240534706077715,1.2603550295857988,0.046526867627785,1.2754491017964071,0.0,2.2028974251161006,0.0208033211544696,0.0203345359134142,-2.573746642206482,32300000.0,309600000.0,-630400000.0,872600000.0,520400000.0,156650000.0,188000000.0,101.61861074705112,67.5834879406308,80.31539888682747,0.885664538595473,1.3316862260654725,1.1205821205821205,0.0418447694038245,0.0543951613415008,1990-06-30,,bmo,,2025-04-25,1990-06-30,,6.832539682539682,1337422.2222222222
1990-03-31,SPGI,USD,64040,1990-03-31,1990-03-31 00:00:00,1990,Q1,420000000.0,199500000.0,220500000.0,0.525,0,0.0,0.0,154600000.0,15300000.0,169900000.0,369400000.0,0.0,31000000.0,15300000.0,65900000.0,0.1569047619,50600000.0,0.1204761905,-21700000.0,28900000.0,0.0688095238,12400000.0,16500000.0,0.0392857143,0.045,0.045,366666667,366666667,,,1.1454545444132231,0.0449999999590909,-0.0166363636212396,-0.0526363635885124,0.0651818181225619,2.38418181601438,0.8059090901764463,2.38418181601438,1.907454543720496,2423666668.87,3068166668.87,36.72222225560606,5.770634925880952,-397.3224047327869,-125.5785838792746,2.772439566312057,2.772439566312057,7.305158735404762,46.55791606783004,-502.9781424377049,-158.9723662626943,0.0068078668621922,-0.0079631412388067,0.7645847632120796,0.2840991201598163,9.779969650986343,1.123192148760331,1.632258064516129,-0.3696969696969697,0.0108513271803428,1.593939393939394,0.0,0.0,0.2459727122030008,-2.1639344262295084,0.0314285714285714,0.8627450980392157,0.0,1.553700127605076,0.0166297912482163,0.0093010146561443,-2.645113633958988,95400000.0,295500000.0,-608700000.0,925000000.0,511000000.0,125950000.0,175050000.0,112.2642857142857,68.30075187969925,82.82706766917293,0.8016797098682955,1.3177014531043594,1.0866013071895424,0.0188743994509265,0.0359999999672727,1990-03-31,,bmo,,2025-04-25,1990-03-31,,6.819365079365079,1765168.253968254
1989-12-31,SPGI,USD,64040,1989-12-31,1989-12-31 00:00:00,1989,Q4,518100000.0,0.0,518100000.0,1.0,0,0.0,0.0,0.0,-1735700000.0,-1735700000.0,-1735700000.0,0.0,0.0,0.0,-1217600000.0,-2.3501254584,-1217600000.0,-2.3501254584,1217600000.0,0.0,0.0,0.0,0.0,0.0,-0.25,-0.25,389008000,389008000,,,1.3318492164685558,0.0,,,0.0889441862378151,2.26267840250072,1.2010035783325792,2.26267840250072,1.291490149302842,2820308000.0,3288108000.0,0.0,5.443559158463617,0.0,0.0,3.204167234719382,3.204167234719382,6.3464736537348,-2.700482917214192,0.0,0.0,0.0,,0.5707793683253806,0.2275156235848202,-0.3841984231274639,1.059558359621451,0.0,0.0,0.0094827586206896,0.0,0.0,0.0,0.1870301603115659,0.0,,0.0,,0.0,,0.0,-2.150534179245671,47200000.0,467200000.0,-488300000.0,693700000.0,,,,86.52576722640417,0.0,0.0,1.0401525798032525,0.0,0.0,0.0,,1989-12-31,,bmo,,2025-04-25,1989-12-31,,,
1989-09-30,SPGI,USD,64040,1989-09-30,1989-09-30 00:00:00,1989,Q3,452200000.0,0.0,452200000.0,1.0,0,0.0,0.0,0.0,0.0,0.0,0.0,0.0,0.0,0.0,452200000.0,1.0,452200000.0,1.0,-452200000.0,0.0,0.0,0.0,0.0,0.0,0.17,0.17,389008000,389008000,,,1.1624439600213878,0.0,,,,,,,,3590543840.0,,0.0,7.94016771340115,0.0,0.0,0.0,0.0,,,0.0,0.0,0.0,,0.0,0.0,,0.0,0.0,0.0,0.006771397616468,0.0,0.0,0.0,0.0,0.0,,0.0,,,0.0,0.0,,,,,,,,,,0.0,0.0,0.0,0.0,0.0,0.0,,1989-09-30,,bmo,,2025-04-25,1989-09-30,,,
1989-06-30,SPGI,USD,64040,1989-06-30,1989-06-30 00:00:00,1989,Q2,482200000.0,0.0,482200000.0,1.0,0,0.0,0.0,0.0,0.0,0.0,0.0,0.0,0.0,0.0,482200000.0,1.0,482200000.0,1.0,-482200000.0,0.0,0.0,0.0,0.0,0.0,0.13,0.13,388240000,388240000,,,1.2420152483000206,0.0,,,,,,,,3377687999.9999995,,0.0,7.004744919120696,0.0,0.0,0.0,0.0,,,0.0,0.0,0.0,,0.0,0.0,,0.0,0.0,0.0,0.007183908045977,0.0,0.0,0.0,0.0,0.0,,0.0,,,0.0,0.0,,,,,,,,,,0.0,0.0,0.0,0.0,0.0,0.0,,1989-06-30,,bmo,,2025-04-25,1989-06-30,,,
1989-03-31,SPGI,USD,64040,1989-03-31,1989-03-31 00:00:00,1989,Q1,416100000.0,0.0,416100000.0,1.0,0,0.0,0.0,0.0,0.0,0.0,0.0,0.0,0.0,0.0,416100000.0,1.0,416100000.0,1.0,-416100000.0,0.0,0.0,0.0,0.0,0.0,0.06,0.06,388240000,388240000,,,1.0717597362456213,0.0,,,,,,,,3276745600.0,,0.0,7.874899303052151,0.0,0.0,0.0,0.0,,,0.0,0.0,0.0,,0.0,0.0,,0.0,0.0,0.0,0.0074052132701421,0.0,0.0,0.0,0.0,0.0,,0.0,,,0.0,0.0,,,,,,,,,,0.0,0.0,0.0,0.0,0.0,0.0,,1989-03-31,,bmo,,2025-04-25,1989-03-31,,,
1988-12-31,SPGI,USD,64040,1988-12-31,1988-12-31 00:00:00,1988,Q4,507500000.0,0.0,507500000.0,1.0,0,0.0,0.0,0.0,-1543600000.0,-1543600000.0,-1543600000.0,0.0,0.0,0.0,-1036100000.0,-2.0415763547,-1036100000.0,-2.0415763547,1036100000.0,0.0,0.0,0.0,0.0,0.0,0.14,0.14,386960000,386960000,,,1.3115050651230102,0.0,,,0.063314037626628,2.3847426090551997,1.0740128178623114,2.3847426090551997,0.3785921025428985,3010548800.0,3132548800.0,0.0,5.932115862068965,0.0,0.0,3.26240658864326,3.26240658864326,6.172509950738916,-3.023403918540682,0.0,0.0,0.0,,0.1587559601213697,0.0833143767060964,-0.1177492520027024,1.2168824015422748,0.0,0.0,0.0073907455012853,0.0,0.0,0.0,0.2884440400363967,0.0,,0.0,,0.0,,0.0,-0.7476224932809593,157500000.0,415600000.0,48100000.0,908300000.0,,,,86.75467980295566,0.0,0.0,1.0374080130825838,0.0,0.0,0.0,,1988-12-31,,bmo,,2025-04-25,1988-12-31,,,
1988-09-30,SPGI,USD,64040,1988-09-30,1988-09-30 00:00:00,1988,Q3,471200000.0,0.0,471200000.0,1.0,0,0.0,0.0,0.0,0.0,0.0,0.0,0.0,0.0,0.0,471200000.0,1.0,471200000.0,1.0,-471200000.0,0.0,0.0,0.0,0.0,0.0,0.16,0.16,386960000,386960000,,,1.217696919578251,0.0,,,,,,,,3362682400.0,,0.0,7.136422750424448,0.0,0.0,0.0,0.0,,,0.0,0.0,0.0,,0.0,0.0,,0.0,0.0,0.0,0.0066168009205983,0.0,0.0,0.0,0.0,0.0,,0.0,,,0.0,0.0,,,,,,,,,,0.0,0.0,0.0,0.0,0.0,0.0,,1988-09-30,,bmo,,2025-04-25,1988-09-30,,,
1988-06-30,SPGI,USD,64040,1988-06-30,1988-06-30 00:00:00,1988,Q2,443700000.0,0.0,443700000.0,1.0,0,0.0,0.0,0.0,0.0,0.0,0.0,0.0,0.0,0.0,443700000.0,1.0,443700000.0,1.0,-443700000.0,0.0,0.0,0.0,0.0,0.0,0.12,0.12,385768000,385768000,,,1.1501731610709027,0.0,,,,,,,,2785244960.0,,0.0,6.277315663736759,0.0,0.0,0.0,0.0,,,0.0,0.0,0.0,,0.0,0.0,,0.0,0.0,0.0,0.0079639889196675,0.0,0.0,0.0,0.0,0.0,,0.0,,,0.0,0.0,,,,,,,,,,0.0,0.0,0.0,0.0,0.0,0.0,,1988-06-30,,bmo,,2025-04-25,1988-06-30,,,
1988-03-31,SPGI,USD,64040,1988-03-31,1988-03-31 00:00:00,1988,Q1,395700000.0,0.0,395700000.0,1.0,0,0.0,0.0,0.0,0.0,0.0,0.0,0.0,0.0,0.0,395700000.0,1.0,395700000.0,1.0,-395700000.0,0.0,0.0,0.0,0.0,0.0,0.07,0.07,385768000,385768000,,,1.0257460442545778,0.0,,,,,,,,2596218640.0,,0.0,6.561078190548395,0.0,0.0,0.0,0.0,,,0.0,0.0,0.0,,0.0,0.0,,0.0,0.0,0.0,0.0085438335809806,0.0,0.0,0.0,0.0,0.0,,0.0,,,0.0,0.0,,,,,,,,,,0.0,0.0,0.0,0.0,0.0,0.0,,1988-03-31,,bmo,,2025-04-25,1988-03-31,,,
1987-12-31,SPGI,USD,64040,1987-12-31,1987-12-31 00:00:00,1987,Q4,498700000.0,0.0,498700000.0,1.0,0,0.0,0.0,0.0,-1483000000.0,-1483000000.0,-1483000000.0,0.0,0.0,0.0,-984300000.0,-1.9737317024,-984300000.0,-1.9737317024,984300000.0,0.0,0.0,0.0,0.0,0.0,0.13,0.13,404256000,404256000,,,1.2336242381065463,0.0,,,0.1229418982031188,2.0412807725797517,1.017177234227816,2.0412807725797517,0.4566413361830127,2437663680.0,2572563680.0,0.0,4.888036254261079,0.0,0.0,2.9540277266117307,2.9540277266117307,5.158539562863445,-2.6135971553388195,0.0,0.0,0.0,,0.2237033446437227,0.1127259404005862,-0.1370517118764604,1.1727810650887571,0.0,0.0,0.0087064676616915,0.0,0.0,0.0,0.2528089887640449,0.0,,0.0,,0.0,,0.0,-0.7335698171455711,116800000.0,411200000.0,-19600000.0,777400000.0,,,,83.3406857830359,0.0,0.0,1.0799047206582937,0.0,0.0,0.0,,1987-12-31,,bmo,,2025-04-25,1987-12-31,,,
1987-09-30,SPGI,USD,64040,1987-09-30,1987-09-30 00:00:00,1987,Q3,455100000.0,0.0,455100000.0,1.0,0,0.0,0.0,0.0,0.0,0.0,0.0,0.0,0.0,0.0,455100000.0,1.0,455100000.0,1.0,-455100000.0,0.0,0.0,0.0,0.0,0.0,0.13,0.13,404256000,404256000,,,1.1257717881738305,0.0,,,,,,,,3965751360.0,,0.0,8.714021885299934,0.0,0.0,0.0,0.0,,,0.0,0.0,0.0,,0.0,0.0,,0.0,0.0,0.0,0.0053516819571865,0.0,0.0,0.0,0.0,0.0,,0.0,,,0.0,0.0,,,,,,,,,,0.0,0.0,0.0,0.0,0.0,0.0,,1987-09-30,,bmo,,2025-04-25,1987-09-30,,,
1987-06-30,SPGI,USD,64040,1987-06-30,1987-06-30 00:00:00,1987,Q2,425900000.0,0.0,425900000.0,1.0,0,0.0,0.0,0.0,0.0,0.0,0.0,0.0,0.0,0.0,425900000.0,1.0,425900000.0,1.0,-425900000.0,0.0,0.0,0.0,0.0,0.0,0.1,0.1,404256000,404256000,,,1.0535403308794429,0.0,,,,,,,,3468516480.0,,0.0,8.143969194646631,0.0,0.0,0.0,0.0,,,0.0,0.0,0.0,,0.0,0.0,,0.0,0.0,0.0,0.0061188811188811,0.0,0.0,0.0,0.0,0.0,,0.0,,,0.0,0.0,,,,,,,,,,0.0,0.0,0.0,0.0,0.0,0.0,,1987-06-30,,bmo,,2025-04-25,1987-06-30,,,
1987-03-31,SPGI,USD,64040,1987-03-31,1987-03-31 00:00:00,1987,Q1,371500000.0,0.0,371500000.0,1.0,0,0.0,0.0,0.0,0.0,0.0,0.0,0.0,0.0,0.0,371500000.0,1.0,371500000.0,1.0,-371500000.0,0.0,0.0,0.0,0.0,0.0,0.055,0.055,404256000,404256000,,,0.9189721364679808,0.0,,,,,,,,3258303360.0,,0.0,8.770668532974428,0.0,0.0,0.0,0.0,,,0.0,0.0,0.0,,0.0,0.0,,0.0,0.0,0.0,0.0065136476426799,0.0,0.0,0.0,0.0,0.0,,0.0,,,0.0,0.0,,,,,,,,,,0.0,0.0,0.0,0.0,0.0,0.0,,1987-03-31,,bmo,,2025-04-25,1987-03-31,,,
1986-12-31,SPGI,USD,64040,1986-12-31,1986-12-31 00:00:00,1986,Q4,446900000.0,0.0,446900000.0,1.0,0,0.0,0.0,0.0,-1297800000.0,-1297800000.0,-1297800000.0,0.0,0.0,0.0,-850900000.0,-1.9040053703,-850900000.0,-1.9040053703,850900000.0,0.0,0.0,0.0,0.0,0.0,0.1,0.1,404152000,404152000,,,1.1057720857499158,0.0,,,0.1274273045784754,2.131128882202736,1.2539836497159484,2.131128882202736,0.1343553910409944,2760358160.0,2763158160.0,0.0,6.176679704631908,0.0,0.0,3.204874213398351,3.204874213398351,6.182945088386664,-3.247335950170408,0.0,0.0,0.0,,0.0630442354580285,0.0371205906480721,-0.0032906334469385,1.4879064234734338,0.0,0.0,0.0069546120058565,0.0,0.0,0.0,0.2423434509160514,0.0,,0.0,,0.0,,0.0,-0.2818246600289,246100000.0,506800000.0,149000000.0,837800000.0,,,,86.15350190199149,0.0,0.0,1.0446470313230485,0.0,0.0,0.0,,1986-12-31,,bmo,,2025-04-25,1986-12-31,,,
1986-09-30,SPGI,USD,64040,1986-09-30,1986-09-30 00:00:00,1986,Q3,418700000.0,0.0,418700000.0,1.0,0,0.0,0.0,0.0,0.0,0.0,0.0,0.0,0.0,0.0,418700000.0,1.0,418700000.0,1.0,-418700000.0,0.0,0.0,0.0,0.0,0.0,0.12,0.12,404152000,404152000,,,1.035996357805974,0.0,,,,,,,,2728026000.0,,0.0,6.515466921423454,0.0,0.0,0.0,0.0,,,0.0,0.0,0.0,,0.0,0.0,,0.0,0.0,0.0,0.007037037037037,0.0,0.0,0.0,0.0,0.0,,0.0,,,0.0,0.0,,,,,,,,,,0.0,0.0,0.0,0.0,0.0,0.0,,1986-09-30,,bmo,,2025-04-25,1986-09-30,,,
1986-06-30,SPGI,USD,64040,1986-06-30,1986-06-30 00:00:00,1986,Q2,378000000.0,0.0,378000000.0,1.0,0,0.0,0.0,0.0,0.0,0.0,0.0,0.0,0.0,0.0,378000000.0,1.0,378000000.0,1.0,-378000000.0,0.0,0.0,0.0,0.0,0.0,0.095,0.095,404152000,404152000,,,0.935291672440072,0.0,,,,,,,,3019015440.0,,0.0,7.986813333333333,0.0,0.0,0.0,0.0,,,0.0,0.0,0.0,,0.0,0.0,,0.0,0.0,0.0,0.0063587684069611,0.0,0.0,0.0,0.0,0.0,,0.0,,,0.0,0.0,,,,,,,,,,0.0,0.0,0.0,0.0,0.0,0.0,,1986-06-30,,bmo,,2025-04-25,1986-06-30,,,
1986-03-31,SPGI,USD,64040,1986-03-31,1986-03-31 00:00:00,1986,Q1,333200000.0,0.0,333200000.0,1.0,0,0.0,0.0,0.0,0.0,0.0,0.0,0.0,0.0,0.0,333200000.0,1.0,333200000.0,1.0,-333200000.0,0.0,0.0,0.0,0.0,0.0,0.07,0.07,403328000,403328000,,,0.826126626467788,0.0,,,,,,,,3012860160.0,,0.0,9.042197358943575,0.0,0.0,0.0,0.0,,,0.0,0.0,0.0,,0.0,0.0,,0.0,0.0,0.0,0.0063587684069611,0.0,0.0,0.0,0.0,0.0,,0.0,,,0.0,0.0,,,,,,,,,,0.0,0.0,0.0,0.0,0.0,0.0,,1986-03-31,,bmo,,2025-04-25,1986-03-31,,,
1985-12-31,SPGI,USD,64040,1985-12-31,1985-12-31 00:00:00,1985,Q4,418600000.0,0.0,418600000.0,1.0,0,0.0,0.0,0.0,-1229400000.0,-1229400000.0,-1229400000.0,0.0,0.0,0.0,-810800000.0,-1.9369326326,-810800000.0,-1.9369326326,810800000.0,0.0,0.0,0.0,0.0,0.0,0.1,0.1,403176000,403176000,,,1.0382562454114332,0.0,,,0.3398019723396234,1.9259578943191065,1.3135702521975514,1.9259578943191065,0.0124015318372125,2419056000.0,2287056000.0,0.0,5.778920210224558,0.0,0.0,3.1153329040566646,3.1153329040566646,5.46358337314859,-2.8207400098667983,0.0,0.0,0.0,,0.0064391500321957,0.003924954863019,0.1628021706956093,1.664191616766467,0.0,0.0,0.0072916666666666,0.0,0.0,0.0,0.1938142711358819,0.0,,0.0,,0.0,,0.0,-0.0218887036926801,277300000.0,529600000.0,197400000.0,747300000.0,,,,75.83134257047301,0.0,0.0,1.186844343634817,0.0,0.0,0.0,,1985-12-31,,bmo,,2025-04-25,1985-12-31,,,
1985-09-30,SPGI,USD,64040,1985-09-30,1985-09-30 00:00:00,1985,Q3,389900000.0,0.0,389900000.0,1.0,0,0.0,0.0,0.0,0.0,0.0,0.0,0.0,0.0,0.0,389900000.0,1.0,389900000.0,1.0,-389900000.0,0.0,0.0,0.0,0.0,0.0,0.11,0.11,403176000,403176000,,,0.9670714526658332,0.0,,,,,,,,2152959840.0,,0.0,5.521825698897153,0.0,0.0,0.0,0.0,,,0.0,0.0,0.0,,0.0,0.0,,0.0,0.0,0.0,0.008192883895131,0.0,0.0,0.0,0.0,0.0,,0.0,,,0.0,0.0,,,,,,,,,,0.0,0.0,0.0,0.0,0.0,0.0,,1985-09-30,,bmo,,2025-04-25,1985-09-30,,,
