date,symbol,reportedCurrency,cik,fillingDate,acceptedDate,calendarYear,period,revenue,costOfRevenue,grossProfit,grossProfitRatio,researchAndDevelopmentExpenses,generalAndAdministrativeExpenses,sellingAndMarketingExpenses,sellingGeneralAndAdministrativeExpenses,otherExpenses,operatingExpenses,costAndExpenses,interestIncome,interestExpense,depreciationAndAmortization,ebitda,ebitdaratio,operatingIncome,operatingIncomeRatio,totalOtherIncomeExpensesNet,incomeBeforeTax,incomeBeforeTaxRatio,incomeTaxExpense,netIncome,netIncomeRatio,eps,epsdiluted,weightedAverageShsOut,weightedAverageShsOutDil,link,finalLink,revenuePerShare,netIncomePerShare,operatingCashFlowPerShare,freeCashFlowPerShare,cashPerShare,bookValuePerShare,tangibleBookValuePerShare,shareholdersEquityPerShare,interestDebtPerShare,marketCap,enterpriseValue,peRatio,priceToSalesRatio,pocfratio,pfcfRatio,pbRatio,ptbRatio,evToSales,enterpriseValueOverEBITDA,evToOperatingCashFlow,evToFreeCashFlow,earningsYield,freeCashFlowYield,debtToEquity,debtToAssets,netDebtToEBITDA,currentRatio,interestCoverage,incomeQuality,dividendYield,payoutRatio,salesGeneralAndAdministrativeToRevenue,researchAndDdevelopementToRevenue,intangiblesToTotalAssets,capexToOperatingCashFlow,capexToRevenue,capexToDepreciation,stockBasedCompensationToRevenue,grahamNumber,roic,returnOnTangibleAssets,grahamNetNet,workingCapital,tangibleAssetValue,netCurrentAssetValue,investedCapital,averageReceivables,averagePayables,averageInventory,daysSalesOutstanding,daysPayablesOutstanding,daysOfInventoryOnHand,receivablesTurnover,payablesTurnover,inventoryTurnover,roe,capexPerShare,report_date,epsEstimated,time,revenueEstimated,updatedFromDate,fiscalDateEnding,surprise(%),QuarterAvgPrice,QuarterAvgVolume
2024-12-31,STE,USD,1757898,2025-02-07,2025-02-07 16:32:28,2025,Q3,1370570000.0,760238000.0,610332000.0,0.4453125342,27358000,0.0,0.0,335450000.0,2231000.0,365039000.0,1125277000.0,2434000.0,19094000.0,125913000.0,373752000.0,0.2726982204,245293000.0,0.1789715228,-16548000.0,228745000.0,0.1668977141,55384000.0,173534000.0,0.1266144743,1.75,1.75,98490000,98942000,https://www.sec.gov/Archives/edgar/data/1757898/000175789825000002/0001757898-25-000002-index.htm,https://www.sec.gov/Archives/edgar/data/1757898/000175789825000002/ste-20241231.htm,13.915829018174431,1.7619453751649914,3.379409077063661,2.4734186211798157,1.575571123971977,65.27105289877144,4.6840085287846485,65.14469489288253,23.748471926083862,20245604400.0,22410319400.0,29.16662498415296,14.771667554375188,60.82720242280028,83.10764633200195,3.1554372975113703,3.1554372975113703,16.351094362199667,59.960399944348126,67.33101208395676,91.9937415591506,0.0085714408210011,0.0120325871822329,0.3615736410633187,0.2317954726257903,5.791848605492412,2.129738980159799,12.84660102650047,1.9207548258649043,0.0027757136260155,0.3238327935735936,0.0,0.0199610381082323,0.5962232381282772,0.2680913837963213,0.0651050292943811,0.0,0.011188045849537,50.8191043050603,0.0201144245506152,0.042941800638631,-24.504617220022336,1006733000.0,461328000.0,-1681963000.0,9049563000.0,919269500.0,236684000.0,669245500.0,60.09755795034183,28.21066560734928,76.89726112085953,1.497565010451279,3.1902827552056667,1.1703927901742417,0.0270466440599984,0.905990455883846,2025-02-05,2.33,amc,1381866667.0,2025-05-05,2024-12-31,-0.0042918454935623,,
2024-09-30,STE,USD,1757898,2024-11-07,2024-11-07 07:53:10,2025,Q2,1328912000.0,750121000.0,578791000.0,0.4355374923,27031000,0.0,0.0,329298000.0,2796000.0,359125000.0,1109246000.0,1126000.0,19668000.0,115255000.0,329815000.0,0.2481842289,219666000.0,0.1652976269,-24774000.0,194892000.0,0.146655309,43506000.0,150034000.0,0.112899876,1.52,1.51,98869000,99204000,https://www.sec.gov/Archives/edgar/data/1757898/000175789824000018/0001757898-24-000018-index.htm,https://www.sec.gov/Archives/edgar/data/1757898/000175789824000018/ste-20240930.htm,13.441139285316934,1.517502958460185,2.535931383952503,1.5053555715138214,1.741648039324763,66.8608158270034,4.605649900373221,66.6891442211411,24.471603839423885,23979687260.0,26207307260.0,39.95708849327486,18.044601343053564,95.64138901186558,161.11808039883627,3.6368737795725448,3.6368737795725448,19.72087486605584,79.46062871609841,104.52610334031309,176.08532556623868,0.0062567121236092,0.0062066280675922,0.3639673926808704,0.2343078525055054,6.75415005381805,2.4058471749248587,11.16870042708969,1.6585302931078962,0.0023451932208393,0.3748283722356266,0.0,0.0203406997604055,0.6009586859002679,0.4063894705354472,0.0766732484919994,0.0,0.0156609316493492,47.71815071005047,0.0178722751563945,0.0367097059754017,-24.5022858529974,1132386000.0,455356000.0,-1693814000.0,9376395000.0,907973000.0,233395000.0,693760000.0,62.532808793960776,28.20384977890233,82.65862440859541,1.4392444819892998,3.191053728676565,1.0888156032589529,0.022754872268688,1.0305758124386817,2024-11-06,2.12,amc,1330450000.0,2025-04-25,2024-09-30,0.0094339622641509,222.1067857142857,666887.75
2024-06-30,STE,USD,1757898,2024-08-08,2024-08-08 16:32:18,2025,Q1,1279502000.0,706831000.0,572671000.0,0.4475733528,25573000,0.0,0.0,305158000.0,25700000.0,330731000.0,1037562000.0,1309000.0,30384000.0,112698000.0,318341000.0,0.2488007053,241940000.0,0.1890891925,-10272000.0,175259000.0,0.1369743853,35310000.0,145401000.0,0.1136387438,1.47,1.46,98869000,99376000,https://www.sec.gov/Archives/edgar/data/1757898/000175789824000016/0001757898-24-000016-index.htm,https://www.sec.gov/Archives/edgar/data/1757898/000175789824000016/ste-20240630.htm,12.941387087964882,1.4706429720134724,3.072176314112613,1.978982289696467,2.0059674923383466,64.433189371795,2.677290151614763,64.27289645895074,25.43822633990432,21606831260.0,23893171260.0,37.15041722546612,16.88690698412351,71.13524018660513,110.43049810896451,3.4001890694248584,3.4001890694248584,18.673805324258968,75.05527487819666,78.66245892086403,122.11576847592762,0.0067293995241762,0.0090554694321244,0.3910032374987745,0.2457974154880581,7.182046924524331,2.325727503715423,7.96274354923644,2.086992668732522,0.0023805434207847,0.3537527252219723,0.0,0.0199866823185895,0.60401473952726,0.3558370069433699,0.0844727089133115,0.0,0.0089566096809539,46.11676352517459,0.0205878808700696,0.0363243053648931,-25.49919590569339,1106134000.0,264701000.0,-1797662000.0,9211114000.0,950460500.0,241721500.0,686561000.0,62.78578697024312,29.50464821152439,88.950300708373,1.433445439533232,3.050366822026584,1.0118009639457934,0.0228812307058968,1.0931940244161469,2024-08-06,1.98,amc,1272487500.0,2025-04-25,2024-06-30,0.0252525252525251,219.957,527926.7
2024-03-31,STE,USD,1757898,2024-05-29,2024-05-29 16:35:52,2024,Q4,1419387000.0,768725000.0,650662000.0,0.4584105674,27462000,0.0,0.0,309063000.0,-67760000.0,404285000.0,1173010000.0,6333000.0,36103000.0,66605000.0,333822000.0,0.2351874436,246377000.0,0.1735798623,-29759000.0,190575000.0,0.1342657077,37276000.0,-1377000.0,-0.0009701371,-0.0139,-0.0139,98851000,98851000,https://www.sec.gov/Archives/edgar/data/1757898/000175789824000008/0001757898-24-000008-index.htm,https://www.sec.gov/Archives/edgar/data/1757898/000175789824000008/ste-20240331.htm,14.358853223538455,-0.0139300563474319,2.5776876308787973,1.6520824270872323,2.0942630828216204,63.887527693194805,1.2680903582159009,63.75417547622179,34.59014071683645,21849036530.0,25025183530.0,-3966.782231299928,15.393290575438552,85.7473952049983,133.78872408303226,3.466910180376137,3.466910180376137,17.630979803253094,74.96565094571358,98.21230786438365,153.2373004102627,-6.302337396476494e-05,0.0074744714612823,0.5368262393679377,0.3057899181439983,9.514492753623188,3.081344435291856,6.82428053070382,-254.2984031936128,0.0023523691733239,-37.32534495279593,0.0,0.0193477888694203,0.5594869418423155,0.3590835416609433,0.064462334796641,0.0,0.00630342535193,,0.0193357227666248,-0.0002825367077148,-34.87903258439469,1937996000.0,125352000.0,-1879228000.0,10066371000.0,986168500.0,264226500.0,765076000.0,63.93488879354257,29.470968161566237,78.97251943152624,1.4076821231460406,3.0538528461840992,1.1396369350737916,-0.0002184963768,0.9256052037915652,2024-05-08,2.35,amc,1411377833.0,2025-04-25,2024-03-31,0.025531914893617,219.3828125,588098.609375
2023-12-31,STE,USD,1757898,2024-02-08,2024-02-08 16:36:30,2024,Q3,1395645000.0,793052000.0,602593000.0,0.4317666742,25913000,0.0,0.0,360518000.0,6000.0,386431000.0,1179483000.0,2080000.0,38947000.0,140629000.0,362513000.0,0.2597458523,216156000.0,0.1548789269,-36867000.0,179289000.0,0.1284631837,38344000.0,140743000.0,0.1008444124,1.42,1.42,98802000,99354000,https://www.sec.gov/Archives/edgar/data/1757898/000175789824000002/0001757898-24-000002-index.htm,https://www.sec.gov/Archives/edgar/data/1757898/000175789824000002/ste-20231231.htm,14.125675593611463,1.4244954555575795,2.947743972794073,1.7439626728203883,1.9795651909880367,65.06041375680654,-6.7900548571891255,64.9318434849497,35.91018400437238,21721619700.0,25035085700.0,38.5838366739376,15.56385735627613,74.58246103769018,126.06347797825974,3.385857973537409,3.385857973537409,17.938004076967996,69.05982875096893,85.95944177199108,145.29349184885118,0.0064793971142032,0.0079325115889032,0.5469734058505508,0.3068651889720777,9.140268073144965,2.4285515719704844,5.550003851387784,2.066359218134733,0.0023652932290311,0.3650483505396361,0.0,0.0185670424785672,0.6208022541014967,0.4083737634895946,0.085219378853505,0.0,0.0109576575705139,45.61951456579689,0.0159757070557977,0.0324577941208689,-37.05032286795814,1305259000.0,-670871000.0,-2788103000.0,10444126000.0,952176500.0,285179000.0,838373000.0,62.16622421890954,31.404876351109387,97.10022798000637,1.4477314833063977,2.865796986232068,0.926877329459326,0.0219383183828402,1.2037812999736848,2024-02-07,2.17,amc,1348560000.0,2025-04-25,2023-12-31,0.023041474654378,233.8584375,427663.484375
2023-09-30,STE,USD,1757898,2023-11-07,2023-11-07 16:39:30,2024,Q2,1342360000.0,748831000.0,593529000.0,0.4421533717,27044000,0.0,0.0,380651000.0,-35703000.0,407695000.0,1156526000.0,1237000.0,36940000.0,152252000.0,354099000.0,0.2637884025,185857000.0,0.1384554069,-35703000.0,150154000.0,0.1118582199,33808000.0,115319000.0,0.0859076552,1.17,1.16,98785000,99406000,https://www.sec.gov/Archives/edgar/data/1757898/000175789823000013/0001757898-23-000013-index.htm,https://www.sec.gov/Archives/edgar/data/1757898/000175789823000013/ste-20230930.htm,13.58870273826998,1.167373589107658,1.4789188642000304,0.635754416156299,2.163860910057195,62.65291289163334,-9.19965581819102,62.65291289163334,34.45038214303791,21675404700.0,24827888700.0,46.99009855271031,16.147236732322177,148.36513706834592,345.13326911134817,3.5021516139164426,3.5021516139164426,18.495700631723235,70.11567019392882,169.94345254799958,395.32966100345527,0.0053202697525642,0.0028974314837129,0.5438923293082366,0.298408742484246,8.902832258775089,2.489909118500999,5.031321061180292,1.2556942224055834,0.0023698750132217,0.4454426417155889,0.0,0.0201466074674453,0.6292158298138811,0.5701221807727849,0.0620489287523466,0.0,0.0154325218272296,40.56643323343818,0.0136988606816924,0.0275705874842983,-38.08169509540922,1300862000.0,-908788000.0,-2917493000.0,10334895000.0,914043500.0,277157500.0,794982000.0,63.04552430048571,35.29036591700931,98.6893037280775,1.4275398769156815,2.5502710913128177,0.9119529330957742,0.0186323913004138,0.8431644480437314,2023-11-07,2.05,amc,1299940000.0,2025-04-25,2023-09-30,-0.0097560975609756,217.2442857142857,563880.4761904762
2023-06-30,STE,USD,1757898,2023-08-08,2023-08-08 16:53:43,2024,Q1,1284542000.0,711081000.0,573461000.0,0.4464322692,25502000,0.0,0.0,359058000.0,-30968000.0,384560000.0,1095641000.0,1393000.0,32361000.0,137925000.0,337942000.0,0.2630836516,188882000.0,0.1470422921,-39847000.0,157914000.0,0.1229340886,34124000.0,123554000.0,0.0961852551,1.25,1.25,98708000,99239000,https://www.sec.gov/Archives/edgar/data/1757898/000175789823000010/0001757898-23-000010-index.htm,https://www.sec.gov/Archives/edgar/data/1757898/000175789823000010/ste-20230630.htm,13.013555132309438,1.251712120598128,2.848087287757832,2.173359808728776,2.113445718685416,62.59241398873445,-5.80838432548527,62.59241398873445,29.303369534384245,22207325840.0,24858827840.0,44.934453437363416,17.288127472671192,78.9933654656759,103.51714386933176,3.594365285871424,3.594365285871424,19.35228886248951,73.55945055660439,88.42498582501271,115.87684516706445,0.0055636595279497,0.0096602356152936,0.4629238899826686,0.2652091265330042,7.846026833006848,2.29025798529954,5.836717035938321,2.271015429356168,0.0020906164179558,0.3757628243521052,0.0,0.019852990404362,0.6260634361919739,0.2369054775565665,0.0518480516791198,0.0,0.0090141077520236,41.98598424548222,0.0148135380906397,0.0306382316051334,-33.909708432953764,1144344000.0,-573334000.0,-2574753000.0,9817433000.0,908035500.0,240524000.0,732164000.0,62.19963224246463,32.99459555240542,97.30980014935008,1.4469538927362924,2.727719448994388,0.9248811513523708,0.0199978246696702,0.6747274790290554,2023-08-01,1.86,amc,1293900000.0,2025-04-25,2023-06-30,0.075268817204301,225.55377049180328,424695.24590163934
2023-03-31,STE,USD,1757898,2023-05-10,2023-05-10 16:36:57,2023,Q4,1384837000.0,796775000.0,588062000.0,0.4246434779,26388000,314246000.0,21668000.0,335914000.0,-30281000.0,362302000.0,1159077000.0,30633000.0,30020000.0,142204000.0,367606000.0,0.2654507354,225402000.0,0.162764282,-30281000.0,195121000.0,0.1408981707,8157000.0,187225000.0,0.1351964166,1.89,1.88,99055000,99568000,https://www.sec.gov/Archives/edgar/data/1757898/000175789823000005/0001757898-23-000005-index.htm,https://www.sec.gov/Archives/edgar/data/1757898/000175789823000005/ste-20230331.htm,13.980485588814297,1.890111554187068,2.1785775579223663,1.4572712129624956,2.10344757962748,61.45244561102418,-7.549613850890919,61.45244561102418,30.77759830397254,18947240400.0,21757538400.0,25.30009400453999,13.681928198047856,87.80040871366411,131.25902597852442,3.112650735021123,3.112650735021123,15.711263058396042,59.18711446494345,100.82316600169602,150.72766470384482,0.0098813862096772,0.0076185236980473,0.4959043378435832,0.2789410376554299,7.6448643384493185,2.333881769786644,7.508394403730846,1.1542275518281595,0.002459461062203,0.2488983842969689,0.2269191247778619,0.0190549501493677,0.6315931146268208,0.3310905055167076,0.0515937976816044,0.0,0.0065668378300117,51.12161473736042,0.0214903302049093,0.0469607508703635,-35.15549189844026,1149598000.0,-747827000.0,-2723225000.0,9881850000.0,875536500.0,231426000.0,694925000.0,60.33081871729309,24.89095415895328,78.55965611370839,1.4917748824483068,3.6157713933046223,1.1456261960939935,0.0307573040485795,0.7213063449598708,2023-05-10,2.15,amc,1272780000.0,2025-04-25,2023-03-31,0.069767441860465,211.49507936507936,448703.5714285714
2022-12-31,STE,USD,1757898,2023-02-08,2023-02-08 16:34:46,2023,Q3,1215994000.0,694497000.0,521497000.0,0.4288647806,25514000,0.0,0.0,305141000.0,-30465000.0,330655000.0,1025152000.0,28559000.0,30465000.0,137951000.0,328754000.0,0.2703582419,190803000.0,0.1569111361,-30465000.0,160338000.0,0.1318575585,37013000.0,123828000.0,0.1018327393,1.24,1.24,99716000,100166000,https://www.sec.gov/Archives/edgar/data/1757898/000175789823000002/0001757898-23-000002-index.htm,https://www.sec.gov/Archives/edgar/data/1757898/000175789823000002/ste-20221231.htm,12.19457258614465,1.2418067311163703,2.061635043523607,1.1408299570781018,2.601097115808898,60.6574672068675,-8.383258454009386,60.6574672068675,31.35899955874684,18416548040.0,21253706040.0,37.1817118099299,15.145262262807218,89.58423586181402,161.89091008183968,3.044802371489224,3.044802371489224,17.478462920047303,64.64926978835238,103.38511922481976,186.83098515282308,0.0067237356170684,0.0061769990637181,0.5119482121246189,0.2867176657909815,8.63003339883317,2.481773655074913,6.2630231413097,1.6669612811676464,0.0025475458211874,0.3788884581839326,0.0,0.0209820114243984,0.6374549487570468,0.4466382589576705,0.0755094186319998,0.0,0.0076858931869729,41.16805981673254,0.0145327026811416,0.0316254109671433,-35.3783344698945,1180169000.0,-835945000.0,-2774778000.0,9923111000.0,801435500.0,237899500.0,669646500.0,60.8952182329847,31.42445539721554,89.98185737303402,1.4779485583853331,2.864011447847549,1.000201625388669,0.0204724461521165,0.9208050864455052,2023-02-08,2.22,amc,1272808167.0,2025-04-25,2022-12-31,-0.0900900900900901,226.218253968254,361198.2698412698
2022-09-30,STE,USD,1757898,2022-11-09,2022-11-09 16:38:31,2023,Q2,1200517000.0,668182000.0,532335000.0,0.4434214593,24928000,0.0,0.0,323195000.0,0.0,348123000.0,1016305000.0,0.0,26647000.0,133879000.0,-173060000.0,-0.1441545601,-306415000.0,-0.2552358692,-26647000.0,-333062000.0,-0.2774321397,-17831000.0,-315285000.0,-0.2626243527,-3.15,-3.15,99969000,99969000,https://www.sec.gov/Archives/edgar/data/1757898/000175789822000021/0001757898-22-000021-index.htm,https://www.sec.gov/Archives/edgar/data/1757898/000175789822000021/ste-20220930.htm,12.008892756754594,-3.1538276865828405,1.0385619542058038,0.2106252938410907,2.583390851163861,58.15249727415499,-9.694855405175604,58.03856195420581,32.30003301023317,16622845320.0,19566941320.0,-13.180808887197298,13.846405606917688,160.10599976883958,789.4588392857142,2.8649917296572576,2.8649917296572576,16.29876238320657,-113.06449393274008,188.46260325165665,929.2810277355624,-0.0189669694887108,0.0012666904849716,0.5519344260147737,0.3052875237996819,-17.011995839593204,2.163458464852231,-11.49904304424513,-0.3293584704549996,0.0028258098475766,-0.1489858382098736,0.0,0.0207643873431196,0.6466031805107442,0.7971952535059331,0.0689436301193569,0.0,0.009619189066044,,-0.0295875160355543,-0.0850511626100214,-35.11465804399364,1015484000.0,-969185000.0,-2787890000.0,9544587000.0,771950500.0,231147500.0,632670000.0,58.48327845419932,31.425150632612077,86.86890697444709,1.5389014155641554,2.863948085792172,1.0360438865251749,-0.0543402107218181,0.827936660364713,2022-11-09,2.0,amc,1222041667.0,2025-04-25,2022-09-30,-0.005,200.10064516129032,438597.37096774194
2022-06-30,STE,USD,1757898,2022-08-08,2022-08-08 16:33:56,2023,Q1,1156491000.0,638693000.0,517798000.0,0.4477319754,24751000,0.0,0.0,334626000.0,-23444000.0,359377000.0,998070000.0,0.0,23444000.0,138863000.0,297258000.0,0.2570344257,158395000.0,0.136961723,-23444000.0,134951000.0,0.1166900564,24196000.0,111262000.0,0.096206542,1.11,1.1,100082000,100722000,https://www.sec.gov/Archives/edgar/data/1757898/000175789822000019/0001757898-22-000019-index.htm,https://www.sec.gov/Archives/edgar/data/1757898/000175789822000019/ste-20220630.htm,11.555434543674188,1.1117083991127277,2.315561239783378,1.1571811114885793,3.160678243840051,64.13868627725266,-10.941827701284948,64.13868627725266,30.53945764473132,20631904300.0,23348583300.0,46.35882938469558,17.84009067083099,89.02809239425923,178.1484315232314,3.214128819366119,3.214128819366119,20.1891612645494,78.54652624992431,100.75074995900684,201.60589312080683,0.0053927159792031,0.0056132966843976,0.4724950180149079,0.2710944202210832,9.139128299322474,2.034460208538152,6.756312915884662,2.0924202067626743,0.0020845385561428,0.3865470690801891,0.0,0.0214018094390704,0.6716306730618485,0.5002589041450554,0.1002454839683145,0.0,0.0077501683973329,40.05407738864741,0.0124204659580184,0.0302852797023679,-35.66583401610679,939624000.0,-1095080000.0,-2920931000.0,10209526000.0,781414500.0,227362000.0,597701500.0,59.439217425816544,32.26719253224945,87.42284634401817,1.5141518327075052,2.7892107412211176,1.0294791780839585,0.017332883843413,1.1583801282947983,2022-08-02,1.9,amc,1223295333.0,2025-04-25,2022-06-30,0.0,193.27645161290323,543961.0
2022-03-31,STE,USD,1757898,2022-05-31,2022-05-31 09:26:06,2022,Q4,1210686000.0,639064000.0,571622000.0,0.4721471959,26097000,438037000.0,15599000.0,453636000.0,-20394000.0,479733000.0,1118797000.0,1379000.0,21773000.0,233831000.0,363810000.0,0.3004990559,91858000.0,0.0758726871,-20394000.0,71464000.0,0.0590276917,19411000.0,52261000.0,0.0431664362,0.52,0.52,100101000,100795000,https://www.sec.gov/Archives/edgar/data/1757898/000175789822000011/0001757898-22-000011-index.htm,https://www.sec.gov/Archives/edgar/data/1757898/000175789822000011/ste-20220331.htm,12.094644409146762,0.5220826964765587,1.71557726696037,0.985594549505,3.4796855176271966,65.3803358607806,-12.160198199818185,65.3803358607806,31.43426139599005,24201418770.0,26977926770.0,115.7718890281472,19.989839454656284,140.9263252994509,245.30371045723143,3.697900856838966,3.697900856838966,22.283173977397936,74.15389013496056,157.09409931811962,273.44618098703614,0.0021594188545996,0.004076579184783,0.4774639143469684,0.2728488092528167,7.631752838019845,2.037467117461956,4.21889496164975,3.2991566288206253,0.0017788626530179,0.8237691586460266,0.3618089248574775,0.0215555478464275,0.6777400483505971,0.4255026756962924,0.0603558643611968,0.0,0.0080541114706868,27.71306002522342,0.0062473688834699,0.0141601327006102,-36.691559025384365,956775000.0,-1217248000.0,-3028965000.0,10459716000.0,775586500.0,216444500.0,584799000.0,59.3991257848856,31.790759610930987,80.97766420890552,1.515173814610264,2.8310113096213736,1.111417585074061,0.0079853168326982,0.72998271745537,2022-05-11,2.0,amc,1173871250.0,2025-04-25,2022-03-31,0.02,175.82857142857145,574700.126984127
2021-12-31,STE,USD,1757898,2022-02-09,2022-02-09 08:14:49,2022,Q3,1208971000.0,670857000.0,538114000.0,0.4451008337,24824000,0.0,0.0,310564000.0,-20524000.0,335388000.0,1006245000.0,2447000.0,22971000.0,117610000.0,329634000.0,0.2726566642,202933000.0,0.1678559701,-20524000.0,182409000.0,0.1508795496,39315000.0,143623000.0,0.1187977214,1.44,1.42,100038000,100826000,https://www.sec.gov/Archives/edgar/data/1757898/000175789822000005/0001757898-22-000005-index.htm,https://www.sec.gov/Archives/edgar/data/1757898/000175789822000005/ste-20211231.htm,12.08511765529099,1.4356844399128332,2.442211959455407,1.6313001059597354,3.589525980127552,66.21152961874488,-13.671754733201384,66.21152961874488,31.97072112597213,24350249580.0,27166476580.0,42.38570698982753,20.14130163585396,99.667843758442,149.21227498897005,3.6762479495880607,3.6762479495880607,22.470742954132067,82.4140609888543,111.19492366380967,166.46941381930486,0.0058982146991201,0.0067018614927888,0.4793892931545945,0.2716274794982295,8.543496726672613,2.131017453143678,8.834312829219451,1.707367185206927,0.0017663473985632,0.2994715331109919,0.0,0.020533164153648,0.6836088317108878,0.3320399158460014,0.0671000379661712,0.0,0.0082706698506415,46.24742601886448,0.0145383721089603,0.0388316991122591,-38.44348647513944,1022787000.0,-1367695000.0,-3139203000.0,10729764000.0,757067500.0,213203500.0,579565500.0,55.99131823674844,27.790840670962663,79.76947397135305,1.60739205352252,3.2384770603228548,1.1282511406847304,0.0216832996938705,0.8109118534956716,2022-02-08,1.95,amc,1194221000.0,2025-04-25,2021-12-31,0.0871794871794872,203.4875,576837.109375
2021-09-30,STE,USD,1757898,2021-11-08,2021-11-08 08:39:49,2022,Q2,1196985000.0,716641000.0,480344000.0,0.4012949202,18832000,0.0,0.0,344799000.0,-26896000.0,363631000.0,1080272000.0,1023000.0,23036000.0,118042000.0,230685000.0,0.1927217133,116503000.0,0.0973303759,-26896000.0,89607000.0,0.0748605872,19982000.0,69811000.0,0.0583223683,0.7,0.69,99848000,100689000,https://www.sec.gov/Archives/edgar/data/1757898/000175789821000034/0001757898-21-000034-index.htm,https://www.sec.gov/Archives/edgar/data/1757898/000175789821000034/ste-20210930.htm,11.988071869241248,0.6991727425687044,1.716008332665652,0.9451065619742008,3.84077798253345,65.54894439548113,-15.445306866436985,65.54894439548113,34.49785674224822,20396949440.0,23434961440.0,73.04346535646245,17.04027154893336,119.0437109840084,216.14493880275944,3.1164498815953907,3.1164498815953907,19.57832507508448,101.58857940481607,136.7746086144508,248.3385234245022,0.0034226196522846,0.0046265251712071,0.5227718978244384,0.2911313455715779,13.16952554349004,2.4241117167981203,5.057431845806564,2.4608976660682225,0.0021061482809656,0.6153614759851599,0.0,0.0157328621494839,0.6881216577176091,0.4492412746585736,0.0643057348254155,0.0,0.0094487399591473,32.11192601780717,0.008210312414579,0.0190462860956191,-39.76298724060572,1118926000.0,-1542183000.0,-3302890000.0,10916627000.0,752711500.0,225720500.0,578799500.0,57.29417661875462,27.53533498641579,70.89725539007677,1.5708402722823926,3.268527513625687,1.2694426533836878,0.0106664226101084,0.770901770691451,2021-11-02,1.83,amc,1151850000.0,2025-04-25,2021-09-30,0.087431693989071,225.47290322580645,490906.0322580645
2021-06-30,STE,USD,1757898,2021-08-09,2021-08-09 16:54:48,2022,Q1,968422000.0,542140000.0,426282000.0,0.4401820694,18192000,0.0,0.0,393752000.0,-22923000.0,411944000.0,954084000.0,1434000.0,21812000.0,83621000.0,76456000.0,0.0789490532,14324000.0,0.0147910725,-43301000.0,-28977000.0,-0.0299218729,-7075000.0,-21807000.0,-0.0225180758,-0.24,-0.24,90152000,90992000,https://www.sec.gov/Archives/edgar/data/1757898/000175789821000027/0001757898-21-000027-index.htm,https://www.sec.gov/Archives/edgar/data/1757898/000175789821000027/ste-20210630.htm,10.742102227349363,-0.2418914721803176,1.080685952613364,0.4551202413701304,5.931914988020233,73.04347102671045,-19.410528884550537,72.92772206939391,42.819083325938415,18598357600.0,21901997600.0,-213.21545375338195,19.204806995297503,190.89727177550145,453.2868047769924,2.828828244541857,2.828828244541857,22.616171049397888,286.4653866276028,224.80649518609,533.8044747745552,-0.0011725228898706,0.002206108780272,0.5838264953806935,0.3171978993153214,43.209689233022914,1.7535512325058404,0.6567027324408582,-4.448269564423341,0.001836076105989,-1.5659192002567983,0.0,0.0187851990144792,0.6887784628171854,0.5788598526060805,0.0582349430310339,0.0,0.0274673644341,,0.000952517478049,-0.0057903493646202,-45.77956673174194,862835000.0,-1749898000.0,-3508132000.0,10904537000.0,676413000.0,194568000.0,454067000.0,69.08950849939386,38.544914597705386,98.45432914007452,1.302657986064405,2.334938368377077,0.9141294322563892,-0.0033168658682379,0.6255657112432337,2021-08-09,1.5,amc,968422000.0,2025-04-25,2021-06-30,0.1733333333333333,231.81435483870968,498626.96774193546
2021-03-31,STE,USD,1757898,2021-05-28,2021-05-28 07:46:11,2021,Q4,873531000.0,493713000.0,379818000.0,0.4348076943,17514000,214275000.0,6795000.0,221070000.0,-8555000.0,238584000.0,732297000.0,1569000.0,10124000.0,59044000.0,221928000.0,0.254058528,144258000.0,0.1651435381,-8555000.0,135703000.0,0.1553499532,48961000.0,87443000.0,0.1001029156,1.02,1.02,85352000,86038000,https://www.sec.gov/Archives/edgar/data/1757898/000175789821000017/0001757898-21-000017-index.htm,https://www.sec.gov/Archives/edgar/data/1757898/000175789821000017/ste-20210331.htm,10.234452619739432,1.0244985471928016,2.2009443246789764,1.3249835973380824,2.583782453838223,45.593167119692566,-0.3864818633423938,45.593167119692566,19.45665010778892,16257848960.0,17687857960.0,46.48127625996363,18.61164510475301,86.54466987836364,143.76027022725262,4.177819003008633,4.177819003008633,20.24868946837605,79.70088479146389,94.1569719198318,156.40514598991953,0.0053785098025661,0.0069560247655296,0.424143279605537,0.2510528984004949,6.4435717890487005,2.096750415282392,14.249111023310943,2.131083380601248,0.0020999703025903,0.3904371990896927,0.2452975338024638,0.0200496605157687,0.5969233113964606,0.3979931330015171,0.0855894066724592,0.0,0.0069167551008493,32.41879089680832,0.0153190592796094,0.0329971592624346,-21.65015465366951,633834000.0,-32987000.0,-1471249000.0,5943831000.0,582761500.0,145710500.0,304599500.0,62.787170689992685,28.61075159049893,57.43423810999508,1.4334138488954815,3.1456705957311244,1.5670095566974644,0.0224704404610291,0.8759607273408941,2021-05-18,1.8,amc,874380000.0,2025-04-25,2021-03-31,-0.0944444444444445,228.47359375,459009.234375
2020-12-31,STE,USD,1757898,2021-02-09,2021-02-09 08:00:20,2021,Q3,808924000.0,463063000.0,345861000.0,0.4275568533,16438000,0.0,0.0,182373000.0,-7600000.0,198811000.0,661874000.0,1299000.0,8899000.0,56821000.0,215434000.0,0.2663216816,147030000.0,0.1817599676,-7600000.0,139430000.0,0.172364771,24842000.0,114501000.0,0.14154729,1.34,1.33,85330000,86032000,https://www.sec.gov/Archives/edgar/data/1757898/000175789821000007/0001757898-21-000007-index.htm,https://www.sec.gov/Archives/edgar/data/1757898/000175789821000007/ste-20201231.htm,9.47994843548576,1.3418610101957107,2.4107816711590297,1.7808625336927224,2.95912340325794,45.449337864760345,-1.0812492675495136,45.449337864760345,20.181624282198523,16173448200.0,17634145200.0,35.312897267272774,19.993779638136587,78.62180232558138,106.43157257454216,4.170357785277263,4.170357785277263,21.79950798838951,81.85404903589962,85.72249163879599,116.04388757641765,0.007079566372247,0.0093957082077277,0.4417519813356327,0.2603337294363282,6.780252884874254,2.324869975705077,16.52208113271154,1.795231612385241,0.0021106197996788,0.298128400625322,0.0,0.020320821239078,0.6033410933050489,0.2612924865831842,0.0664475278270888,0.0,0.0074456932913351,37.04322643140718,0.0198209368194402,0.0438646528688956,-22.101631899683586,670208000.0,-92263000.0,-1526513000.0,6017299000.0,529920500.0,129707500.0,286362500.0,61.87296952494919,26.13551503791061,57.16690817448166,1.454593188124082,3.4435900677469493,1.57433737233623,0.0295243247368877,0.6299191374663072,2021-02-02,1.52,amc,697164000.0,2025-04-25,2020-12-31,0.1381578947368421,213.96234375,449367.5625
2020-09-30,STE,USD,1757898,2020-11-06,2020-11-06 08:28:43,2021,Q2,756132000.0,426095000.0,330037000.0,0.4364806674,16143000,0.0,0.0,172707000.0,-7477000.0,188850000.0,614945000.0,1188000.0,8665000.0,54418000.0,201279000.0,0.2661955849,141263000.0,0.1868232002,-7477000.0,133786000.0,0.1769347151,27778000.0,105858000.0,0.1399993652,1.24,1.23,85170000,85844000,https://www.sec.gov/Archives/edgar/data/1757898/000175789820000028/0001757898-20-000028-index.htm,https://www.sec.gov/Archives/edgar/data/1757898/000175789820000028/ste-20200930.htm,8.877914758717859,1.2429024304332512,1.9015028765997417,1.386239286133615,3.6635904661265695,43.00170247739815,8.154009627803218,43.00170247739815,12.084290243043323,15006102300.0,15714628300.0,35.439225896956295,19.845876513624606,92.65828738322084,127.0992690529026,4.097279638930717,4.097279638930717,20.782916607153247,78.07385917060398,97.0332279516644,133.1003701319601,0.0070543301574053,0.0078678658614769,0.2786529800366147,0.1858063816062689,3.5201188400180845,2.641852197199013,16.30271206001154,1.527724322692627,0.002271675836836,0.3220257325851612,0.0,0.021349446921966,0.540362639181279,0.2709770239146408,0.058038808038808,0.0,0.010499489507123,34.67788505291706,0.022042123812261,0.041930785565492,-11.752900082188564,714892000.0,694477000.0,-679802000.0,5001977000.0,503448000.0,129238000.0,277781500.0,59.9566742314834,26.390734460624977,58.84455344465436,1.5010839269123568,3.410287808938405,1.5294533602782554,0.0289035633202319,0.5152635904661266,2020-11-02,1.27,amc,74827027.0,2025-04-25,2020-09-30,0.1653543307086613,201.34063492063493,744134.5079365079
2020-06-30,STE,USD,1757898,2020-08-07,2020-08-07 08:39:58,2021,Q1,668932000.0,383364000.0,285568000.0,0.4269013891,16231000,0.0,0.0,155170000.0,-7203000.0,171401000.0,554765000.0,2289000.0,9492000.0,48954000.0,173607000.0,0.2595286217,114001000.0,0.1704224047,-7203000.0,106798000.0,0.159654494,18674000.0,88190000.0,0.1318370178,1.05,1.05,84959000,85676000,https://www.sec.gov/Archives/edgar/data/1757898/000175789820000022/0001757898-20-000022-index.htm,https://www.sec.gov/Archives/edgar/data/1757898/000175789820000022/ste0630202010-q.htm,7.873586082698713,1.0380301086406385,1.578667357195824,0.7916877552701892,3.00882778752104,41.07525983121271,6.666721595122353,41.07525983121271,12.142892454007226,13036108960.0,13802637960.0,36.954612087538266,19.4879434082986,97.19590343120444,193.8137845110837,3.7355819690616383,3.7355819690616383,20.63384314100686,79.50507732983117,102.91106574611176,205.2101211697715,0.0067650554525589,0.0051595917314271,0.2929054624262797,0.1905611317976549,4.41531159457856,2.287832943036061,12.010219131900548,1.4980509544180227,0.0024141406071831,0.3568545186529085,0.0,0.0242640507555327,0.5449952991530272,0.4985088203277613,0.0999518635675973,0.0,0.0089127145958034,30.973222621537364,0.0190421913964672,0.0361343794097546,-12.979472451417744,617579000.0,566398000.0,-777086000.0,4832409000.0,544826500.0,141436500.0,262614500.0,67.69818157899458,31.348483425673773,65.02253732744859,1.329430095474311,2.870952281101159,1.3841354659349387,0.0252714191682811,0.7869796019256348,2020-08-03,0.96,amc,490209709.0,2025-04-25,2020-06-30,0.3645833333333334,185.51803278688524,622488.2786885246
2020-03-31,STE,USD,1757898,2020-05-29,2020-05-29 08:54:05,2020,Q4,822991000.0,458931000.0,364060000.0,0.4423620671,17225000,176412000.0,12652000.0,189064000.0,-9753000.0,206289000.0,665220000.0,,,50941000.0,214644000.0,0.2608096565,157765000.0,0.1916971145,-9826000.0,148012000.0,0.1798464382,24793000.0,123316000.0,0.1498388196,1.45,1.44,84891000,85676000,https://www.sec.gov/Archives/edgar/data/1757898/000175789820000012/0001757898-20-000012-index.htm,https://www.sec.gov/Archives/edgar/data/1757898/000175789820000012/ste03312020.htm,9.694679059028635,1.452639266824516,2.346927236102767,1.629925433791568,3.764604021627735,40.13056743353241,5.7151641516768565,40.13056743353241,13.552920804325549,11882193270.0,12713133270.0,24.0889123674138,14.437816780499425,59.63968454021171,85.87509409826113,3.4878649605897043,3.4878649605897043,15.44747545234395,59.22892449823895,63.8103791540558,91.88047114175448,0.0103782186670323,0.0116448198456209,0.3377206371869279,0.2120548542073458,3.8712472745569406,2.40018705061685,,1.6169016141991088,0.0026458919902756,0.2549466411495669,0.2143547134780331,0.0209297550033961,0.5384782683221818,0.3055066178795681,0.0739582814392867,0.0,0.0060134314956056,36.21661022531944,0.0265771039903053,0.0492471318166279,-13.373464207041971,705144000.0,485166000.0,-810107000.0,4870394000.0,565443000.0,144574500.0,250152500.0,64.13592615229085,29.28695163325206,48.685554037535056,1.4032696711402417,3.073040892989869,1.848597633922637,0.03619782524208,0.717001802311199,2020-05-13,1.58,amc,792881573.0,2025-04-25,2020-03-31,0.0379746835443036,186.591875,370626.28125
2019-12-31,STE,USD,1757898,2020-02-10,2020-02-10 16:34:18,2020,Q3,774261000.0,442908000.0,331353000.0,0.427960339,16487000,0.0,0.0,172927000.0,0.0,189414000.0,632322000.0,1378000.0,9813000.0,49558000.0,193218000.0,0.2495515078,142387000.0,0.1839005193,-8435000.0,133952000.0,0.1730062602,29285000.0,104930000.0,0.1355227759,1.24,1.23,84788000,85628000,https://www.sec.gov/Archives/edgar/data/1757898/000175789820000003/0001757898-20-000003-index.htm,https://www.sec.gov/Archives/edgar/data/1757898/000175789820000003/ste1231201910-q.htm,9.131728546492427,1.237557201490777,1.5488748407793556,0.8945251686559419,2.349742888144549,40.05361607774685,4.698730952493277,39.89573996320234,14.978888521960656,12923386959.999998,13984373959.999998,30.79049594968074,16.69125393116791,98.40691835584728,170.3920754169688,3.82045802736292,3.82045802736292,18.061576083517053,72.3761448726309,106.48595068760184,184.38096064341747,0.0081193885414694,0.0058688175348113,0.3725498716993626,0.236191147693194,5.491139541864629,2.335530139350408,14.510037705085091,1.2547030104999666,0.0024277691364586,0.2990088630515581,0.0,0.0212938531063814,0.5618263503074923,0.4224677520064572,0.0716567152420178,0.0,0.0072146214261082,33.33014186522389,0.0226873431871443,0.0448819480296726,-14.223218497900646,602065000.0,398396000.0,-886644000.0,4825419000.0,528879000.0,136805000.0,244441500.0,63.281567843401646,28.409331057465657,51.21636999105909,1.4222150788475492,3.167973220416571,1.757250660593701,0.0310197831305355,0.6543496721234137,2020-02-10,1.42,amc,758241806.0,2025-04-25,2019-12-31,0.0211267605633803,159.89203125,451217.625
2019-09-30,STE,USD,1757898,2019-11-07,2019-11-07 08:19:36,2020,Q2,736840000.0,418173000.0,318667000.0,0.4324778785,16249000,0.0,0.0,175959000.0,-9426000.0,192208000.0,610381000.0,1018000.0,10444000.0,49634000.0,176093000.0,0.23898404,126733000.0,0.1719952771,-9426000.0,117307000.0,0.159202812,22165000.0,94769000.0,0.1286154389,1.12,1.11,84795000,85695000,https://www.sec.gov/Archives/edgar/data/1757898/000175789819000018/0001757898-19-000018-index.htm,https://www.sec.gov/Archives/edgar/data/1757898/000175789819000018/ste0930201910-q.htm,8.689663305619435,1.1176248599563654,1.7767910843799752,1.2063093342767852,2.659779468129017,38.182027242172296,4.035662480099062,38.182027242172296,14.12393419423315,12252029550.0,13213688550.0,32.32077353881544,16.627801897291135,81.3207592441409,119.77856416623489,3.7842411845647073,3.7842411845647073,17.93291426904077,75.03812502484483,87.7036070568089,129.17995630028645,0.0077349633881677,0.0083487392503064,0.3666847353554821,0.228935555102602,5.461085903471461,2.410977914738227,12.134527001148983,1.5835593113451472,0.0025625958435596,0.3313003197248045,0.0,0.0220522772922208,0.5583492118833326,0.3210741854337163,0.0656506161446175,0.0,0.0105029585798816,30.98623265437598,0.021520861439315,0.0413788556488388,-14.377059378501093,603931000.0,342204000.0,-916118000.0,4681520000.0,511504000.0,134644500.0,235212000.0,62.70258129308941,28.797124635019475,50.97251615957988,1.4353476068124662,3.125312028220804,1.7656573930593615,0.0292709670146047,0.57048175010319,2019-11-04,1.25,amc,697765151.0,2025-04-25,2019-09-30,0.056,152.32380952380953,650819.8253968254
2019-06-30,STE,USD,1757898,2019-08-07,2019-08-07 08:35:51,2020,Q1,696803000.0,390960000.0,305843000.0,0.4389231964,15585000,0.0,0.0,178781000.0,-10678000.0,194366000.0,585326000.0,0.0,10678000.0,47102000.0,157190000.0,0.2255874329,110088000.0,0.1579901349,-10678000.0,99410000.0,0.1426658611,14633000.0,84590000.0,0.1213972959,1.0,0.99,84638000,85566000,https://www.sec.gov/Archives/edgar/data/1757898/000175789819000012/0001757898-19-000012-index.htm,https://www.sec.gov/Archives/edgar/data/1757898/000175789819000012/ste0630201910-q.htm,8.23274415747064,0.999432878848744,1.2918192773931332,0.7035019731090054,2.8127673149176493,38.33977645974621,3.4912686972754554,38.33977645974621,14.422375292421844,12686389819.999998,13658325819.999998,37.49376350632462,18.206566016506816,116.03016197627517,213.06265757519773,3.909516795367152,3.909516795367152,19.601416497919782,86.89055168903873,124.91952239406604,229.3859197554708,0.0066677755610697,0.0046934550210754,0.3728820506119873,0.231370380419766,6.183192315032763,2.4129961596583898,10.309795841917962,1.2897012161317338,0.0022719623477563,0.340737675848209,0.0,0.0223664364246422,0.5639893355728401,0.4554176536762486,0.071460656742293,0.0,0.0079462918500637,29.362488759224465,0.0194896200208276,0.0370973789752282,-14.740651362272263,611508000.0,295494000.0,-940439000.0,4737754000.0,537242500.0,144200000.0,220915000.0,65.82771601155562,31.189456721915285,53.77232965009208,1.3672052663076002,2.8855904994575123,1.6737232808332656,0.0260677805437408,0.5883173042841277,2019-08-05,1.11,amc,628822219.0,2025-04-25,2019-06-30,0.1081081081081079,149.55048387096772,754284.3709677419
2019-03-31,STE,USD,1757898,2019-05-30,2019-05-30 09:25:06,2019,Q4,768213000.0,433497000.0,334716000.0,0.4357072843,15878000,162429000.0,10691000.0,173120000.0,-7478000.0,188998000.0,622495000.0,3020000.0,10498000.0,50263000.0,194161000.0,0.2527437052,140878000.0,0.1833840354,-7478000.0,133400000.0,0.173649756,24523000.0,108745000.0,0.1415557925,1.29,1.27,84546000,85447000,https://www.sec.gov/Archives/edgar/data/1757898/000175789819000005/0001757898-19-000005-index.htm,https://www.sec.gov/Archives/edgar/data/1757898/000175789819000005/ste3312019.htm,9.0863317010858,1.2862228845835404,2.1163153786104605,1.2117308920587608,2.6096207981453885,37.681238615664846,3.0546211529818086,37.681238615664846,14.119236865138504,10773696780.0,11736290780.0,24.76825780495655,14.024361446630037,60.21314275175213,105.16361416146886,3.381789046260937,3.381789046260937,15.277391530734317,60.44618012886213,65.59298693314554,114.5596335666247,0.0100935641888373,0.0095089923256592,0.3714067872476534,0.233236830314419,4.957710353778565,2.2651420046604014,13.419508477805296,1.643377389163919,0.0026688146684596,0.2644075589682284,0.2114374528939239,0.0206687468189161,0.5770749118236271,0.4274336876697629,0.0995544204537022,0.0,0.0073000587076761,33.022652938637826,0.0249530021729227,0.0506844698906423,-13.47072599531616,588539000.0,258256000.0,-833538000.0,4547663000.0,537344500.0,144818000.0,217934500.0,66.17266305048209,31.746863300092045,43.23414002865072,1.3600782536338367,2.8349257420886387,2.081688220012197,0.0341343048115417,0.9045844865516997,2019-05-13,1.43,amc,714491811.0,2025-04-25,2019-03-31,0.0699300699300699,146.56890625,670877.765625
2018-12-31,STE,USD,1757898,2018-12-31,2018-12-30 19:00:00,2019,Q3,696238000.0,409241000.0,286997000.0,0.4122110543,15167000,0.0,0.0,176099000.0,0.0,191266000.0,600507000.0,0.0,11824000.0,82687000.0,152271000.0,0.2187053852,69584000.0,0.0999428356,-11824000.0,57760000.0,0.0829601372,9334000.0,47858000.0,0.068737989,0.57,0.56,84540000,85441000,,,8.235604447598769,0.5660988881003075,1.5835935651762478,0.9840312278211496,2.660350130115922,36.81460846936361,1.9764963330967589,36.7226874852141,14.882091317719423,9033099000.0,10054501000.0,47.18698545697689,12.974153953102244,67.47312084973521,108.58395239812478,2.909645434937781,2.909645434937781,14.441183905503578,66.03030780647661,75.10252694637614,120.86189445846856,0.0052980710163809,0.0092094639945825,0.4014474304694808,0.2489434502705542,6.707790715237964,2.5640057384195227,5.884979702300406,2.764568620162722,0.0031821858699876,0.6006310334740274,0.0,0.0217842174658665,0.5882909641478191,0.3786087229322438,0.0728012547433492,0.0,0.0077832580238366,21.627416222292545,0.0126594071691159,0.0232187838399049,-13.874730896616986,622504000.0,167093000.0,-873560000.0,4556762000.0,500405500.0,131136000.0,229227000.0,65.90750576670621,30.068028374478608,50.05935377931341,1.3655500834544452,2.9932125538497547,1.7978657974045145,0.015415508146789,0.5995623373550982,2019-02-11,1.26,bmo,690668096.0,2025-04-25,2018-12-31,0.0,149.4184375,492040.640625
2018-09-30,STE,USD,1757898,2018-09-30,2018-09-30 00:00:00,2019,Q2,678961000.0,394297000.0,284664000.0,0.4192641404,15773000,0.0,0.0,162312000.0,0.0,178085000.0,572382000.0,73000.0,11393000.0,46117000.0,152769000.0,0.2250040871,106579000.0,0.1569736701,-11320000.0,95259000.0,0.1403011366,17764000.0,77457000.0,0.114081663,0.92,0.91,84537000,85477000,,,8.031524657842128,0.9162496894850776,1.4895607840353928,1.0776346451849486,2.483184877627548,36.96579012739984,1.3734932633048251,36.8816376261282,15.130842116469712,9650743920.0,10708545920.0,31.14871451256826,14.213988609065913,76.64004129507714,105.93571811196487,3.095307240889032,3.095307240889032,15.771960274596037,70.0963279199314,85.04042883349348,117.54715609220636,0.0080260133977319,0.0094396868008492,0.4065999692738263,0.25246958450916,6.924192735437163,2.628934598703139,9.354779250416923,1.6249177366281695,0.0029780087668101,0.3710445795731825,0.0,0.0232310839650583,0.5992217139420348,0.2765420137703199,0.051288660173412,0.0,0.0113423304136761,27.57422261840622,0.0186512512357153,0.0384894038234487,-14.227663626577712,606928000.0,116111000.0,-916793000.0,4602007000.0,486217000.0,128143500.0,232352000.0,65.07837710855263,28.657103655366384,52.687491915992254,1.3829478238198438,3.140582561390373,1.708185315472993,0.024842977385472,0.4119261388504441,2018-11-06,1.09,bmo,672732000.0,2025-04-25,2018-09-30,0.0091743119266055,133.57507936507935,567741.6349206349
2018-06-30,STE,USD,1757898,2018-12-31,2018-06-30 00:00:00,2019,Q1,638758000.0,369708000.0,269050000.0,0.4212080318,16220000,0.0,0.0,158406000.0,0.0,174626000.0,544334000.0,367000.0,11740000.0,46854000.0,141645000.0,0.2217506474,94424000.0,0.1478243717,-11373000.0,83051000.0,0.1300195066,12773000.0,69991000.0,0.1095735787,0.83,0.82,84685000,85509000,,,7.542752553580917,0.8264863907421621,1.190045462596682,0.862643915687548,2.5804333707268112,36.59665820393222,0.7885694042628565,36.45793233748598,15.72656314577552,8892771850.0,9994311850.0,31.763983405009217,13.921973345147928,88.24032635767372,121.73041285094384,2.8803059654600576,2.8803059654600576,15.646476208517154,70.55887500441244,99.17057968425962,136.8090543851724,0.0078705493833174,0.0082148739709317,0.4275594019640867,0.2613049490737386,7.776765858307741,2.6452057286233224,8.042930153321976,1.4340049517629985,0.0029535223036223,0.3752625337543398,0.0,0.0253930283456332,0.6002612131008782,0.2751168398178192,0.0434061099821841,0.0,0.0081987231471073,26.03785053550776,0.0170804498158519,0.0346592017652715,-14.83205408277735,615047000.0,66780000.0,-963737000.0,4631690000.0,504774000.0,133302000.0,219803500.0,67.8400583632612,31.82625206920056,56.933688207991175,1.326649802069444,2.8278541816457343,1.5807863996305735,0.0226695903402171,0.3274015469091338,2018-08-08,0.99,bmo,632305898.0,2025-04-25,2018-06-30,0.0101010101010101,117.69426229508196,394630.6393442623
2018-03-31,STE,USD,1757898,2018-03-31,2018-03-31 00:00:00,2018,Q4,715973000.0,423220000.0,292753000.0,0.408888324,17609000,150688000.0,10886000.0,161574000.0,-12178000.0,179183000.0,602403000.0,841000.0,13019000.0,44477000.0,173345000.0,0.2421110852,113623000.0,0.1586973252,-11265000.0,101445000.0,0.1416883039,27822000.0,73598000.0,0.1027943791,0.87,0.86,84819000,85544000,,,8.441186526603708,0.8677065280184865,1.5300463339581931,0.9176127990190877,2.3760478194744103,37.9313597189309,0.6665487685542154,37.9313597189309,15.668894940991995,7918701840.0,9033168840.0,26.898495339547267,11.06005651051087,61.017760003698655,101.7422600249258,2.461287986821248,2.461287986821248,12.616633364665988,52.110928149066886,69.60531403869714,116.06132312317716,0.0092942001715776,0.0098287574873509,0.4090389456998104,0.2530608610908453,6.429184574115204,2.4836922968815096,8.727475228512175,1.7627236053950532,0.0033207463207125,0.3572923177260251,0.2104660371270983,0.0245945028653315,0.6078001912954053,0.4002712345022616,0.0725530152673355,0.0,0.0071874218720538,27.21302978366265,0.0171726981514421,0.036085057144398,-15.121435055824756,591195000.0,56536000.0,-993377000.0,4762483000.0,500063000.0,128986500.0,212613000.0,66.37951431129386,28.89263267331412,43.74979915882993,1.3558399896982574,3.1149809370997894,2.057152300820003,0.0228757032294159,0.6124335349391056,2018-05-09,1.22,bmo,704235737.0,2025-04-25,2018-03-31,0.0163934426229508,111.65301587301587,439477.90476190473
2017-12-31,STE,USD,1757898,2017-12-31,2017-12-30 19:00:00,2018,Q3,661900000.0,383312000.0,278588000.0,0.4208913733,15195000,0.0,0.0,159143000.0,-12236000.0,174338000.0,557650000.0,225000.0,12461000.0,44656000.0,148014000.0,0.2236198822,104172000.0,0.1573832905,-11344000.0,91936000.0,0.1388971144,-3404000.0,94781000.0,0.1431953467,1.12,1.11,85004000,85719000,,,7.786692390946309,1.1150181167945037,1.299680015058115,0.851571690743965,3.339184038398193,36.67813279375088,0.1814855771493106,36.67813279375088,16.852265775728203,7435299880.0,8571504880.0,19.611788966143006,11.233267683940172,67.30118104962074,102.71595562739166,2.3847996977344192,2.3847996977344192,12.949848738480132,57.91009553150378,77.58562682162965,118.41221324270931,0.0127474347409912,0.0097355858093513,0.4554668245563842,0.2753631759835749,7.676334671044631,2.817462958517904,8.359842709252868,1.158779106356199,0.0035443089620213,0.2780409575758855,0.0,0.0229566399758271,0.6015820425968256,0.3447835768207244,0.0575479679709926,0.0,0.0075721408067683,30.334429407730813,0.0225512102909501,0.0461301549709608,-15.194337913509951,666311000.0,15427000.0,-1006289000.0,4752513000.0,460715500.0,125657500.0,222145000.0,64.18703731681524,28.67019555870936,51.53647681262262,1.4021522687793924,3.139148451767712,1.7463359074238594,0.0304000785172051,0.4481083243141499,2018-02-07,1.07,bmo,630970093.0,2025-04-25,2017-12-31,0.0467289719626168,113.08285714285716,343500.8888888889
2017-09-30,STE,USD,1757898,2017-09-30,2017-09-30 00:00:00,2018,Q2,634159000.0,367398000.0,266761000.0,0.42065318,13974000,0.0,0.0,153356000.0,-12057000.0,167330000.0,534728000.0,626000.0,12683000.0,45548000.0,144092000.0,0.2272174644,99404000.0,0.1567493326,-11170000.0,87347000.0,0.1377367506,22903000.0,64459000.0,0.1016448556,0.76,0.75,85199000,85869000,,,7.4432681134755105,0.7565699127924037,1.6047606192560946,1.1478538480498597,3.4698529325461567,35.69061843448867,-0.5902651439570887,35.69061843448867,17.112642167161585,7531591600.000001,8681260600.0,29.210783598876805,11.876503526718064,55.08609753956877,77.01328888707106,2.4768413627312507,2.4768413627312507,13.689406915300422,60.248040141021015,63.494782188935375,88.76907644484437,0.0085584831763846,0.0129847720367631,0.4753007838384901,0.2822693542301235,7.978714987646781,2.79542547690968,7.83757786012773,2.1215939420271863,0.0035081562308821,0.4099039699654043,0.0,0.0220354832147773,0.603696949148835,0.2847195810538018,0.0613852361947082,0.0,0.0113851573501282,24.64863245133452,0.0154307938273133,0.0317660179156024,-15.662358126269089,659765000.0,-50290000.0,-1052236000.0,4713375000.0,452499000.0,127380500.0,221114500.0,63.77484195603942,31.6515604330998,55.06712067022684,1.41121478689101,2.8434617051575755,1.6343690918392313,0.021198005133509,0.4569067712062348,2017-11-01,0.94,bmo,634159000.0,2025-04-25,2017-09-30,0.0,100.59625,391860.0625
2017-06-30,STE,USD,1757898,2017-12-31,2017-06-30 00:00:00,2018,Q1,607964000.0,351843000.0,256121000.0,0.4212765887,14004000,0.0,0.0,155811000.0,0.0,169815000.0,521658000.0,465000.0,12466000.0,43651000.0,129077000.0,0.2123102684,86255000.0,0.1418751768,-11121000.0,74254000.0,0.1221355212,16039000.0,58077000.0,0.0955270378,0.68,0.68,85090000,85720000,,,7.144952403337642,0.6825361382066047,0.9478552121283348,0.5189916558937595,3.465037019626278,34.5452462098954,-1.280714537548478,34.40669878951698,17.733376424961804,6934835000.0,8136462000.0,29.85189920278252,11.40665401240863,85.98359639443046,157.03527999818846,2.36872477939765,2.36872477939765,13.383131238033831,63.03572286309722,100.88232303820068,184.24542016711573,0.0083746765424123,0.0063679957778375,0.5111467633261444,0.2959698363200279,9.30938122206125,2.912658396088489,6.919220279159314,1.3854333075667784,0.0034403125669175,0.4107994558947604,0.0,0.0230342586074175,0.6029158171231968,0.4524568211969796,0.0600232908527478,0.0,0.0079100078294109,22.986644920589924,0.0143803119387704,0.0289269000197239,-16.11722587848161,676360000.0,-108976000.0,-1086709000.0,4666814000.0,469539000.0,129516000.0,207635500.0,67.4487798619655,32.11594375900615,55.61872767114878,1.3343458574667435,2.802346419440396,1.6181599933773008,0.0198373038454523,0.4288635562345751,2017-08-08,0.8,bmo,569966250.0,2025-04-25,2017-06-30,0.0624999999999999,90.9277049180328,371894.606557377
2017-03-31,STE,USD,1757898,2017-03-31,2017-03-31 00:00:00,2017,Q4,681189000.0,401064000.0,280125000.0,0.4112294826,15761000,193121000.0,12622000.0,205743000.0,-11291000.0,221504000.0,622568000.0,254000.0,11545000.0,52897000.0,137151000.0,0.2013405971,58626000.0,0.0860642201,-11291000.0,47335000.0,0.0694887909,21270000.0,26143000.0,0.0383784823,0.31,0.31,84934000,85529000,,,8.02021569689406,0.307803706407328,1.5857136129229754,0.871323615984176,3.3310335083712057,33.08490121741588,-1.7208302917559517,33.08490121741588,17.5419266724751,5899515639.999999,7094958639.999999,56.4158248862028,8.660614954146352,43.80362218872744,79.71779798662251,2.09944710257851,2.09944710257851,10.415550808953167,51.73100188842953,52.67972943473838,95.87134166610365,0.004431380742979,0.0125442501581367,0.5261009390281182,0.3002080433266219,8.716254347398124,2.667314843690625,5.078042442615851,5.16712065988874,0.0040311783968759,0.9096890180927972,0.2835057524416865,0.023137484604126,0.6003080543938365,0.4505164054320951,0.0890736638436616,0.0,0.0064607619911654,15.13711473395511,0.0071061621185945,0.0132822562002575,-16.130139284621,636219000.0,-146157000.0,-1096620000.0,4508317000.0,463556000.0,127974000.0,203775500.0,63.87447536586762,29.953099754652623,44.39523367841541,1.4090135298096391,3.0046973681253237,2.027244650899478,0.0093034494612696,0.7143899969387996,2017-05-09,1.07,bmo,649057443.0,2025-04-25,2017-03-31,0.0373831775700934,89.2115873015873,338895.507936508
2016-12-31,STE,USD,1757898,2016-12-31,2016-12-30 19:00:00,2017,Q3,646774000.0,389165000.0,257609000.0,0.3982983237,14591000,0.0,0.0,158760000.0,-10441000.0,173351000.0,562516000.0,539000.0,10980000.0,31384000.0,122674000.0,0.1896705805,25884000.0,0.0400201616,-10441000.0,15443000.0,0.0238769648,19790000.0,-4996000.0,-0.0077244911,-0.06,-0.0587,83266666,85074000,,,7.767502063791049,-0.0600000004803843,1.2118174636654722,0.7511409187441227,3.180828688397348,33.26793461383455,-1.9915652681470395,33.26793461383455,18.23081279608337,5611340621.74,6853522621.74,-280.7916644185348,8.675890839365836,55.61068561940061,89.71685381309457,2.025674295150734,2.025674295150734,10.596472062482412,55.86776840846471,67.92121840303655,109.577466172196,-0.000890339820157,0.0111461777525467,0.5440357964124168,0.3083805304990069,10.12587834422942,2.771983099702045,2.357377049180328,-23.212330342765124,0.0042460441463294,-4.769015212169736,0.0,0.0225596576238376,0.60077213867311,0.3801534131451677,0.0593081972992111,0.0,0.0059201513975515,,-0.0016059455750252,-0.0025607315204215,-16.986104019104115,620288000.0,-165831000.0,-1146495000.0,4501811000.0,442477500.0,119409500.0,209824500.0,61.7363870532829,28.32271658551,48.49937687099302,1.4578112567929118,3.1776612857131195,1.8556939450871184,-0.0018035384876412,0.4606765449213494,2017-02-07,1.04,bmo,678170796.0,2025-04-25,2016-12-31,-0.0576923076923077,84.7511111111111,405782.4285714286
2016-09-30,STE,USD,1757898,2016-09-30,2016-09-30 00:00:00,2017,Q2,646415000.0,398507000.0,247908000.0,0.38351214,14617000,0.0,0.0,163680000.0,-10640000.0,178297000.0,576804000.0,284000.0,10924000.0,50077000.0,119688000.0,0.1851565944,69563000.0,0.10761353,-10640000.0,58923000.0,0.0911535159,18721000.0,40416000.0,0.0625233016,0.47,0.47,85851000,86333000,,,7.529498782774808,0.4707691232484188,1.2601483966406914,0.8115921771441218,2.9627028223317144,35.05565456430327,-2.0023063214173398,35.05565456430327,17.648204447239987,6275708099.999999,7525549099.999999,38.81945331057007,9.708481548231395,58.00904099459259,90.06986767323036,2.0852556002316613,2.0852556002316613,11.641977831578783,62.87638777488135,69.5618533068355,108.0077659452322,0.0064400700854776,0.0111024921633942,0.499804124386165,0.2886778457478709,10.44249214624691,2.581899088960053,6.3679055291102165,2.690968335696341,0.0038317588416835,0.5949871338083927,0.0,0.0226124084373042,0.6105722442125465,0.3559550769515182,0.0595731844093964,0.0,0.0098651794899561,19.269670331717425,0.0098055219564288,0.0199175817406397,-17.597616801202083,585850000.0,-171900000.0,-1244866000.0,4807096000.0,440569500.0,119801500.0,209790000.0,61.441117548324215,26.276828261486,47.41234156489095,1.46481710605628,3.4250709067468845,1.8982399314073404,0.0134291922116267,0.4485562194965696,2016-11-02,0.9,bmo,653597388.0,2025-04-25,2016-09-30,-0.0111111111111111,76.01047619047618,532190.6031746032
2016-06-30,STE,USD,1757898,2016-12-31,2016-06-30 00:00:00,2017,Q1,638378000.0,398388000.0,239990000.0,0.3759371407,14428000,0.0,0.0,151886000.0,0.0,166314000.0,564702000.0,493000.0,11071000.0,53784000.0,127460000.0,0.1996622691,73522000.0,0.115170009,-10578000.0,62944000.0,0.0985998891,14234000.0,48401000.0,0.0758187156,0.56,0.56,86038000,86519000,,,7.419721518398847,0.5625537553174179,0.9334945024291592,0.5225481763871778,2.817627095004533,35.431844068899785,-2.441490969106674,35.30150631116484,18.165333922220416,5915112500.0,7224527500.0,30.55263579264891,9.265846410747235,73.64799666318044,131.56681643274985,1.9475089644618475,1.9475089644618475,11.317005755210864,56.68074297818924,89.95128616962997,160.69146333325918,0.0081826000773442,0.0076007007474498,0.5109316883478623,0.2931773789284344,10.273144515926566,2.6314054414955765,6.640953843374582,1.6488606035721618,0.0036411818033892,0.4449908059750831,0.0,0.0226010294840987,0.6156132118157528,0.4402236167139798,0.0553856805842306,0.0,0.0065588099840533,21.13829194219377,0.01153207338722,0.0237886588437672,-18.21935365768614,586425000.0,-210061000.0,-1298801000.0,4900677000.0,455684000.0,131412500.0,201218500.0,62.01036063272857,27.84413687159252,47.36098978884907,1.4513703691072992,3.232278321825838,1.900298123017482,0.0159356870032341,0.4109463260419814,2016-08-09,0.78,bmo,621796753.0,2025-04-25,2016-06-30,0.0128205128205128,69.1975806451613,536625.5806451613
2016-03-31,STE,USD,1757898,2016-03-31,2016-03-31 00:00:00,2016,Q4,690277000.0,426388000.0,263889000.0,0.3822943543,14310000,139312000.0,10785000.0,150097000.0,-10847000.0,164407000.0,590795000.0,549000.0,11396000.0,52815000.0,235188000.0,0.340715394,99326000.0,0.1438929589,-10847000.0,88479000.0,0.1281789774,30610000.0,57740000.0,0.0836475792,0.67,0.67,85907000,86367000,,,8.035165935255566,0.6721221786350355,1.746726110794231,1.2311685892884163,2.8966324048098526,35.37420699128127,-2.8059413086244427,35.37420699128127,18.38257650715308,6103692350.0,7422647350.0,26.42748679425009,8.842381174514,40.67609659060617,57.70939952347636,2.0085255909061592,2.0085255909061592,10.753143086036475,31.560485016242325,49.465848416591136,70.17990044059528,0.0094598476936669,0.0173281997084928,0.5159104041867891,0.2932424263282169,5.608087997686956,2.427634633530202,8.715865215865216,2.593029082928684,0.0035183621271475,0.3719258746103221,0.2018204286105433,0.0207308080669064,0.6134842481393142,0.2951564749160313,0.0641626477486574,0.0,0.005660046618966,23.129099724924448,0.0131350366807918,0.0279413145289996,-18.72542109490496,571919000.0,-241050000.0,-1334999000.0,4916180000.0,456190500.0,127954000.0,200549000.0,61.47831957315687,29.46020994962335,40.69364053397376,1.4639307096366454,3.0549680451666523,2.211647786215196,0.0190003461788046,0.5155575215058145,2016-05-18,1.01,bmo,783198903.0,2025-04-25,2016-03-31,-0.1089108910891089,67.82603174603175,535241.5714285715
2015-12-31,STE,USD,1757898,2015-12-31,2015-12-30 19:00:00,2016,Q3,618688000.0,380507000.0,238181000.0,0.3849775654,14334000,0.0,0.0,177319000.0,0.0,191653000.0,572160000.0,406000.0,17706000.0,44827000.0,91355000.0,0.1476592402,46722000.0,0.0755178701,-17300000.0,29422000.0,0.0475554722,8268000.0,20045000.0,0.0323992061,0.26,0.26,77221000,77712000,,,8.011913857629402,0.2595796480232061,0.3256497584853861,-0.2206912627394102,2.996076196889448,38.71774517294519,-4.135584879760687,38.53069760816359,21.46005620232838,5817830140.0,7225931140.0,72.55961761037666,9.403496010913416,231.352850837078,-341.3818882760239,1.955324057876324,1.955324057876324,11.67944285326368,79.09727042854797,287.3476414681672,-424.0072256777374,0.0034454426337032,-0.0029292708088586,0.5510091319458799,0.3064250993825934,15.413507744513163,2.68274578437092,2.6387665198237884,1.188758627209984,0.0025762182187051,0.7477176353205288,0.0,0.0231683821247543,0.6185050398268652,1.6776951525032806,0.068191075307748,0.0,0.0070714156408399,15.001338632680522,0.0067315325146803,0.0098206560560794,-21.940968130430843,605738000.0,-319354000.0,-1394752000.0,4968047000.0,371124000.0,100209500.0,196128500.0,64.13122607841109,27.51655028685412,49.26989516618616,1.4033725145058047,3.2707588364736626,1.8266732595316504,0.0067369568717128,0.5463410212247963,2016-02-09,0.92,bmo,592360851.0,2025-04-25,2015-12-31,0.0652173913043477,70.643125,522679.328125
2015-09-30,STE,USD,1757898,2015-09-30,2015-09-30 00:00:00,2016,Q2,489897000.0,280576000.0,209321000.0,0.4272755293,14255000,0.0,0.0,172459000.0,0.0,186714000.0,467290000.0,663000.0,7485000.0,23745000.0,46393000.0,0.0946994981,22663000.0,0.0462607446,-7258000.0,15841000.0,0.0323353685,7154000.0,8687000.0,0.0177322988,0.15,0.14,59897000,60370000,,,8.178990600530911,0.1450323054577023,0.6397482344691721,0.3657779187605389,2.707764996577458,18.227807736614523,0.2798637661318597,18.21401739653071,13.979047364642636,3891508090.0,4559139090.0,111.9922899159664,7.943523005856333,101.55557530206949,177.62143822173536,3.567032938728557,3.567032938728557,9.306321716605735,98.27213351152112,118.97855084944806,208.09434889771327,0.0022322965285162,0.0056299510352553,0.7606275178397107,0.3593720090876098,14.390770159291272,2.7691029061661365,3.0277889111556444,4.6441643437159135,0.0038499213295994,1.7246460227926788,0.0,0.0290979532432327,0.4655659098566614,0.4282470836921631,0.0334968370902455,0.0,0.0096346783099304,7.7095052389874414,0.0060577847993062,0.0070394230379644,-12.305824999582615,455521000.0,16763000.0,-504279000.0,2035904000.0,296391000.0,90418500.0,183852000.0,55.36898572557089,26.97119497034672,59.00572393932482,1.62545870798633,3.3368933078030043,1.525275752781991,0.0079626752462269,0.2739703157086331,2015-10-30,0.76,bmo,444774907.0,2025-04-25,2015-09-30,0.0921052631578946,70.05890625,847899.28125
2015-06-30,STE,USD,1757898,2015-12-31,2015-06-30 00:00:00,2016,Q1,439902000.0,255812000.0,184090000.0,0.4184795704,13765000,0.0,0.0,126835000.0,-5658000.0,140600000.0,396412000.0,462000.0,6120000.0,22353000.0,66120000.0,0.1503062046,44216000.0,0.1005132961,-5638000.0,38558000.0,0.0876513405,14267000.0,24291000.0,0.055219117,0.41,0.4,59768000,60286000,,,7.360159282559229,0.4064214964529514,0.688545710078972,0.2950575558827466,3.2825759603801363,18.397821576763487,2.988237853031723,18.397821576763487,11.582887163699638,3851449920.0,4341422920.0,39.63865135235272,8.755245304636032,93.588557820815,218.39806747944428,3.5025885934989143,3.5025885934989143,9.86906838341267,65.65975378100424,105.49468860107405,246.18218996314147,0.0063069754260234,0.0045787950943939,0.6240136194856134,0.3145481366844012,7.410359951603146,2.789588713733112,7.22483660130719,1.692772818888569,0.0035721612083171,0.5663826108435223,0.0,0.0312910602816081,0.4221993422675176,0.571477170558647,0.0534619074248355,0.0,0.0071493196211883,12.970681515472068,0.0145309766086252,0.0192719333182062,-9.62420526033998,473280000.0,178601000.0,-344090000.0,1897365000.0,308340500.0,98047000.0,172285500.0,59.61618724170384,34.04007630603725,64.64814004034213,1.5096570942235887,2.643942369307729,1.3921514206570778,0.0220907401866677,0.3934881541962254,2015-08-04,0.6,bmo,432690491.0,2025-04-25,2015-06-30,0.0333333333333333,67.6532786885246,740946.1639344263
2015-03-31,STE,USD,1757898,2015-03-31,2015-03-31 00:00:00,2015,Q4,501647000.0,288587000.0,213060000.0,0.4247209691,14175000,121260000.0,9732000.0,130992000.0,-4612000.0,145167000.0,433754000.0,123000.0,4735000.0,22101000.0,90498000.0,0.1804017566,68274000.0,0.1360996876,-4612000.0,63662000.0,0.1269059717,22263000.0,41399000.0,0.0825261588,0.69,0.69,59634000,60201000,,,8.412097125800718,0.6942180635208103,1.3554348190629506,0.8775530737498742,2.8119696817251905,18.00392393600966,3.5718046751852968,18.00392393600966,10.530653653955795,4190481180.0,4646042180.0,25.305449286214643,8.35344610851854,51.84314215019176,80.07492891538638,3.90303804047144,3.90303804047144,9.261576726263687,51.3386172070101,57.47918074972164,88.78013796529848,0.0098792950550848,0.0124883033122224,0.5804986000972387,0.29686120184847,5.03393445159009,2.542722116535077,14.419007391763463,1.9524626198700448,0.0032748029189335,0.3314814367496799,0.2417237619282085,0.0282569216999204,0.4099351930443265,0.3525671161697389,0.0568088715770252,0.0,0.0070009389072395,16.76960366971245,0.0244465057517105,0.0334180644338447,-8.950518999228628,437101000.0,213001000.0,-305388000.0,1790799000.0,311152000.0,89141000.0,172137000.0,58.359782875209056,30.980605501980342,50.15340261342334,1.542157896516636,2.9050432856855246,1.7944943973933267,0.0385592644130374,0.4778817453130764,2015-05-07,0.89,bmo,450918651.0,2025-04-25,2015-03-31,0.1011235955056179,72.25015625,1120557.609375
2014-12-31,STE,USD,1757898,2014-12-31,2014-12-30 19:00:00,2015,Q3,473244000.0,276088000.0,197156000.0,0.4166053875,14549000,0.0,0.0,122370000.0,-4405000.0,136919000.0,413007000.0,417000.0,4822000.0,21605000.0,112742000.0,0.2382322861,61346000.0,0.1296286905,-4405000.0,56941000.0,0.1203205957,18817000.0,38124000.0,0.080558866,0.64,0.63,59475000,60146000,,,7.957023959646911,0.6410088272383354,1.0139050021017235,0.6737620849096259,2.4297940311055064,18.093282891971416,3.609247583018075,18.093282891971416,10.348919714165616,3856953749.999999,4323121750.0,25.29216340100724,8.150032013084159,63.96062734237669,96.25059268317028,3.5842030651483414,3.5842030651483414,9.135079895360532,38.345263965514185,71.6911835428344,107.88385281493312,0.0098844846143151,0.0103895464134098,0.5674947820737517,0.3011527718600577,4.134821095953593,2.7472928027622205,12.72210700953961,1.5817332913650195,0.0035447663846111,0.3586192424719336,0.0,0.0307431261674738,0.4248124082753396,0.3354780935955689,0.0427475044585879,0.0,0.0080360237002476,16.15406964415363,0.0230313234798189,0.0326860258751511,-8.284300126103405,427110000.0,214660000.0,-280159000.0,1764033000.0,292801000.0,84689000.0,183951500.0,56.48534371275705,25.733751557474427,59.80354090000289,1.5933336700166658,3.4973524866357577,1.504927612070469,0.0354280000520398,0.3401429171920975,2015-02-04,0.73,bmo,434347232.0,2025-04-25,2014-12-31,0.0821917808219178,66.07375,655646.65625
2014-09-30,STE,USD,1757898,2014-09-30,2014-09-30 00:00:00,2015,Q2,462729000.0,268737000.0,193992000.0,0.4192345844,13006000,0.0,0.0,126292000.0,0.0,139298000.0,408035000.0,36000.0,4948000.0,27430000.0,81788000.0,0.1767514031,53423000.0,0.1154520248,-4912000.0,48511000.0,0.1048367403,17507000.0,31004000.0,0.0670025004,0.52,0.52,59375000,60020000,,,7.793330526315789,0.5221726315789473,0.9861894736842104,0.763941052631579,2.4827452631578946,17.98501052631579,3.3488505263157893,17.95168,10.524597894736845,3203875000.0,3676412000.0,25.834368146045676,6.92386904646132,54.71565195115704,70.63372208382019,3.005846806538441,3.005846806538441,7.945065038067637,44.950506186726656,62.785620356929385,81.0514341145087,0.0096770317194022,0.0141575435995474,0.5816315329760077,0.3057846796425187,5.777583508583167,2.75046961777197,10.796887631366207,1.888627273900142,0.0042632749405017,0.4405560572829312,0.0,0.0281071642365185,0.4286371705335929,0.2253607719238323,0.028517771741127,0.0,0.0103105705499331,14.522816865347474,0.0191544486945854,0.0267648493376554,-8.479498947368421,428655000.0,198838000.0,-286012000.0,1772644000.0,286390500.0,89241000.0,182020000.0,56.1296784943239,30.28700923207448,61.77128568079573,1.6034298149258284,2.971571055774249,1.4569876441470992,0.0290876748905365,0.2222484210526315,2014-11-04,0.62,bmo,426004476.0,2025-04-25,2014-09-30,0.0967741935483871,67.4420634920635,656284.8888888889
2014-06-30,STE,USD,1757898,2014-12-31,2014-06-30 00:00:00,2015,Q1,412643000.0,242550000.0,170093000.0,0.4122037694,12409000,0.0,0.0,113688000.0,-4462000.0,126097000.0,368647000.0,220000.0,4682000.0,20405000.0,64287000.0,0.1557932644,44168000.0,0.1070368333,-4462000.0,39706000.0,0.0962236122,15169000.0,24537000.0,0.0594630225,0.41,0.41,59169000,59814000,,,6.97397285740844,0.4146935050448714,0.7834000912640064,0.389088881001876,2.6692355794419376,18.016258513748756,2.9730940188274264,18.016258513748756,11.212324021024523,3164358120.0,3665162120.0,32.240678567061984,7.668512782235491,68.26652255517442,137.44931456867343,2.96842987455957,2.96842987455957,8.882162353414452,57.01249272792322,79.07065605246694,159.202594040483,0.0077541792267178,0.0072754091436401,0.6179526530857296,0.3209505053920503,7.790128641871607,2.925856926734385,9.433575395130289,1.889106247707544,0.0039372913960825,0.5077637853038268,0.0,0.0300719992826729,0.4336680851229691,0.5033331175975665,0.0565403993282328,0.0,0.0068703455529355,12.965437566637386,0.0149877157810045,0.0211093302775261,-8.882759553144384,445547000.0,175915000.0,-309565000.0,1810858000.0,298940000.0,95238000.0,167369500.0,61.98447568479291,32.67012987012987,66.63933209647496,1.451976466779735,2.754809985689299,1.3505537520950148,0.0230177372692785,0.3943112102621305,2014-08-05,0.55,bmo,412643000.0,2025-04-25,2014-06-30,-0.2727272727272727,65.97524590163934,483413.5573770492
2014-03-31,STE,USD,1757898,2014-03-31,2014-03-31 00:00:00,2014,Q4,465287000.0,280792000.0,184495000.0,0.3965187078,11681000,92277000.0,8606000.0,100883000.0,-4619000.0,112564000.0,393356000.0,0.0,4619000.0,19960000.0,101100000.0,0.2172852455,59605000.0,0.1281037295,-4619000.0,54986000.0,0.1181765233,16110000.0,38876000.0,0.083552732,0.66,0.65,58946000,59743000,,,7.893444847826824,0.659518881688325,1.1444033522206765,0.7781528856919893,2.592236962643776,17.66440470939504,4.979659349234893,17.66440470939504,8.450089912801547,2814671500.0,3155349500.0,18.100315747504887,6.0493233208750725,41.72479913427615,61.36326277006257,2.703176290713241,2.703176290713241,6.781512270920959,31.210182987141444,46.77502297725992,68.7904576075345,0.013811913752635,0.0162963955118741,0.4739321927767309,0.2614931839449925,3.3697131552917905,2.6511948637753138,12.90430829183806,1.7352093836814486,0.0043969607110456,0.3183455087972013,0.198322755632545,0.0251049352335225,0.3962113480453718,0.320036170654333,0.0463993191299133,0.0,0.0046637881565571,16.190280723065904,0.0258117499552106,0.0341183047566056,-6.451268958029383,420239000.0,293531000.0,-171171000.0,1622364000.0,290703500.0,91376000.0,157522500.0,60.675969885253615,32.831063563064475,49.72769879483746,1.483289021505582,2.7413062579322465,1.809856522243564,0.0373360377854992,0.3662504665286872,2014-05-08,0.87,bmo,438235430.0,2025-04-25,2014-03-31,0.0459770114942529,61.77,583816.90625
2013-12-31,STE,USD,1757898,2013-12-31,2013-12-30 19:00:00,2014,Q3,405551000.0,241776000.0,163775000.0,0.4038333033,11580000,0.0,0.0,95497000.0,-4431000.0,107077000.0,348853000.0,241000.0,4672000.0,19574000.0,76272000.0,0.1880700578,55890000.0,0.1378125069,-4431000.0,51459000.0,0.1268866308,22953000.0,28506000.0,0.0702895567,0.48,0.48,58885000,59685000,,,6.887169907446718,0.4840961195550649,1.0550734482465822,0.7550309926127197,2.6719368260168124,17.147745605841894,5.251897766833658,17.147745605841894,8.141496136537318,2829424250.0,3146827250.0,24.81428690451133,6.976740903116994,45.54185310970899,63.63977170490328,2.8021176138530026,2.8021176138530026,7.759387228733254,41.25796163729809,50.65070902008756,70.77884053081422,0.0100748411978161,0.0157134441750826,0.4701583072954062,0.2670370107874537,4.161461611076149,3.083213744817141,11.962756849315069,2.179470988563811,0.0043701470360975,0.4337683294744966,0.0,0.0285537453982359,0.3940176824692908,0.2843806335307752,0.0435654208718508,0.0,0.0070324077612926,13.66660290289336,0.0196397898521489,0.0264601292653336,-5.603867708244884,419528000.0,309258000.0,-147148000.0,1564961000.0,264050000.0,81235000.0,157780000.0,59.41272491006064,29.899493746277543,59.521664681357954,1.514827002737925,3.0100844102487487,1.5120544843932733,0.0282308899771724,0.3000424556338626,2014-02-05,0.69,bmo,464326507.0,2025-04-25,2013-12-31,-0.144927536231884,54.35453125,259605.484375
2013-09-30,STE,USD,1757898,2013-09-30,2013-09-30 00:00:00,2014,Q2,383762000.0,229256000.0,154506000.0,0.4026089086,13527000,0.0,0.0,90661000.0,-4642000.0,104188000.0,333444000.0,227000.0,4869000.0,17782000.0,68100000.0,0.1774537343,50300000.0,0.1310708199,-4642000.0,45658000.0,0.1189747812,15915000.0,29743000.0,0.0775037654,0.5,0.5,59027000,59762000,,,6.501465431073916,0.5038880512307927,0.8021413929218832,0.3723550239720806,2.7748996222067865,16.79368763447236,4.951717010859437,16.79368763447236,8.697528249783996,2535799920.0,2880525920.0,21.31425814477356,6.6077410478369405,53.55664273042156,115.37376222758088,2.558104029029105,2.558104029029105,7.506021753065702,42.29847165932452,60.83733040466334,131.05809727467127,0.011729237691592,0.0086674819360353,0.5129927840844322,0.2843273309171586,5.0620558002936855,3.1936824941893733,10.33066338057096,1.5919039774064483,0.0048899757043923,0.4169048179403557,0.0,0.0352484091702669,0.3908276311684303,0.5357987665793698,0.0661060761617877,0.0,0.0102537510227693,13.79848241800674,0.020594938829216,0.0272995284101234,-6.1041938434953495,433215000.0,292285000.0,-166523000.0,1580410000.0,261612500.0,80306000.0,155404500.0,61.06417519191582,32.24918867990369,61.108498796105664,1.4738592590032222,2.79076788235867,1.472790230051201,0.0300046101963015,0.4297863689498026,2013-10-30,0.54,bmo,376655296.0,2025-04-25,2013-09-30,0.0185185185185185,51.50047619047619,308702.8888888889
2013-06-30,STE,USD,1757898,2013-12-31,2013-06-30 00:00:00,2014,Q1,367652000.0,220806000.0,146846000.0,0.3994157519,11853000,0.0,0.0,93929000.0,-4739000.0,105782000.0,326588000.0,248000.0,4987000.0,18333000.0,59593000.0,0.1620907815,41012000.0,0.1115511408,-4791000.0,36273000.0,0.098661234,3956000.0,32317000.0,0.0879010586,0.55,0.54,59005000,59790000,,,6.230861791373613,0.5476993475129226,0.5541394797051097,0.1856791797305313,2.810575374968223,16.460740615202102,4.613761545631726,16.460740615202102,8.790560122023557,2582648850.0,2930510850.0,19.97902690534394,7.024710459891419,78.98733370033949,235.72917579408545,2.659054110820311,2.659054110820311,7.970882383340768,49.17542077089591,89.626291402881,267.4799972617744,0.0125131219445492,0.0042421562652623,0.5288973360541809,0.2895454750417098,5.837296326749786,3.189619623178101,8.223781832765189,1.0117585171890957,0.004353669682969,0.3479283349320791,0.0,0.0322397266980731,0.3940067412183794,0.6649233874667401,0.0591347252292929,0.0,0.0058288816598304,14.242527167845854,0.0231663692859222,0.0300587185351711,-6.140962630285569,431158000.0,272235000.0,-174826000.0,1566584000.0,269391500.0,78919000.0,149795500.0,64.34383601884392,31.98173962664058,63.237955490339935,1.398735381173767,2.8141058319738987,1.4231959161574754,0.0332730683458496,0.3684602999745784,2013-08-07,0.56,bmo,446434571.0,2025-04-25,2013-06-30,-0.2142857142857143,46.83147540983606,295084.7213114754
2013-03-31,STE,USD,1757898,2013-03-31,2013-03-31 00:00:00,2013,Q4,428216000.0,250448000.0,177768000.0,0.4151362864,11726000,95029000.0,6880000.0,101909000.0,-5774000.0,113635000.0,364083000.0,5718000.0,0.0,20527000.0,85008000.0,0.1985166365,65110000.0,0.152049433,-5774000.0,59336000.0,0.1385655837,17955000.0,41381000.0,0.09663581,0.71,0.7,58622000,59301000,,,7.304697894988229,0.7058953976322883,0.7996827129746511,0.3982293336972468,2.422435263211764,16.15400361638975,4.137627511855618,16.15400361638975,8.397700521988332,2412881520.0,2763163520.0,14.577230613083296,5.634729949371345,51.47041361803792,103.35752923538232,2.5479751631502245,2.5479751631502245,6.452733013245652,32.50474684735554,58.942458670193474,118.36211265795671,0.0171500339560808,0.0096751538799136,0.519852584003886,0.2795340890314001,4.120576886881235,2.805467082805924,0.0,1.1328629080979191,0.0046210308743215,0.2694473309006548,0.2219183776411904,0.0273833766136716,0.3999888706491193,0.5020158279826789,0.0549582453714947,0.0,0.0059876324098118,16.017750408164673,0.0294421442923383,0.039161150200864,-6.703059431612705,395103000.0,242556000.0,-200189000.0,1531479000.0,261979000.0,78771500.0,154010000.0,57.99486707642871,28.52352584169169,51.90646361719799,1.5518614756266829,3.1552901453876583,1.7338881081118505,0.043697860567277,0.4014533792774044,2013-05-07,0.65,bmo,434803938.0,2025-04-25,2013-03-31,-0.0153846153846153,45.7021875,191444.234375
2012-12-31,STE,USD,1757898,2012-12-31,2012-12-30 19:00:00,2013,Q3,380405000.0,227283000.0,153122000.0,0.4025236261,10415000,0.0,0.0,91753000.0,-3869000.0,102168000.0,329451000.0,338000.0,4207000.0,18320000.0,85798000.0,0.2255438283,67140000.0,0.1764961028,-3869000.0,63271000.0,0.1663253638,15174000.0,48097000.0,0.1264362982,0.82,0.82,58425000,58972000,,,6.510997004706889,0.8232263585793753,1.1795121951219512,0.8574582798459564,2.668155755241763,15.750004278990158,3.598528027385537,15.750004278990158,8.987539580658964,2029100250.0,2394103250.0,10.546916907499426,5.33405252296894,29.44437551695616,40.50342834900293,2.2050787659993434,2.2050787659993434,6.293564096160671,27.903951723816405,34.74095236022231,47.78935365391141,0.0237036095185538,0.0246892680635173,0.5660654166404041,0.2951097745587715,4.254213384927388,2.730953258884675,15.959115759448538,1.4327920660332245,0.0054699120952747,0.2307628334407551,0.0,0.027378714790815,0.4022215524352547,0.2730399198990031,0.049463072251942,0.0,0.0058569156556827,17.08013232031765,0.0332006181711289,0.0455843020996624,-7.209015832263586,394325000.0,210244000.0,-222745000.0,1529825000.0,239527500.0,74372000.0,162057000.0,58.67927603475244,30.95352490067449,64.77356423489658,1.5337612540873555,2.907584848213486,1.389455730328836,0.052268326026903,0.3220539152759948,2013-02-06,0.56,bmo,400783839.0,2025-04-25,2012-12-31,0.0357142857142855,43.4403125,257870.65625
2012-09-30,STE,USD,1757898,2012-09-30,2012-09-30 00:00:00,2013,Q2,356321000.0,203200000.0,153121000.0,0.4297276894,9852000,0.0,0.0,81040000.0,-3375000.0,90892000.0,294092000.0,31000.0,3406000.0,15851000.0,78159000.0,0.2193499681,62277000.0,0.1747777987,-3375000.0,58902000.0,0.1653060022,18757000.0,40145000.0,0.1126652653,0.69,0.68,58264000,58792000,,,6.1156288617328025,0.6890189482356172,0.8711382671975834,0.3644789235205272,2.687920499794041,15.131573527392558,5.102601949745984,15.131573527392558,7.513147054785116,2088764400.0,2366495400.0,13.007624859882926,5.862030023490055,41.15305382614864,98.359596910906,2.3692182399339403,2.3692182399339403,6.6414704718498205,30.27796415000192,46.62493892347703,111.43790732718026,0.0192194964640339,0.0101667761093591,0.4926578844090351,0.2660203879142443,3.55341035581315,2.6140055587204585,18.284497944803288,1.2643168514136256,0.0053040926970988,0.2759745921036243,0.0,0.0276492263997912,0.3578835963281175,0.5816061155331389,0.0828466467033938,0.0,0.0069179195163911,15.316124501072826,0.0302958770444895,0.0382915364687658,-5.8518639296993,373978000.0,297298000.0,-145420000.0,1372069000.0,238310500.0,72145500.0,161311000.0,58.35485419046309,31.258612204724407,71.10398622047244,1.542288148064787,2.879206517888771,1.265751820452606,0.0455351815849351,0.5066593436770561,2012-10-31,0.51,bmo,397434961.0,2025-04-25,2012-09-30,0.0392156862745098,43.039375,269717.6875
2012-06-30,STE,USD,1757898,2012-12-31,2012-06-30 00:00:00,2013,Q1,336960000.0,199708000.0,137252000.0,0.4073243115,9312000,0.0,0.0,79774000.0,0.0,89086000.0,288794000.0,260000.0,2972000.0,14337000.0,62899000.0,0.1866660731,48302000.0,0.1433463913,-2712000.0,45590000.0,0.1352979582,15236000.0,30354000.0,0.0900819088,0.52,0.52,57911000,58312000,,,5.818583688763793,0.5241491253820517,1.0579509937662963,0.789573656127506,3.224447859646699,14.390944725527104,8.660565350278876,14.36935987981558,3.677574208699556,1816668070.0,1839937070.0,14.962344913355738,5.391346361585945,29.651657009483085,39.73030224166211,2.183117429194947,2.183117429194947,5.4604020358499525,29.252246776578325,30.0314536373578,40.23919234554401,0.0167086109461922,0.0251697053276221,0.2523601684323867,0.1496423547720947,0.3699422884306587,2.425873566876624,16.25235531628533,2.018416024247216,0.0054313719511787,0.3250642419450484,0.0,0.0276353276353276,0.2364719748372817,0.2536765305955898,0.0461241690408357,0.0,0.004926400759734,13.01779423709596,0.0283812125936235,0.0283286700625481,-2.037406537618069,385291000.0,501542000.0,85553000.0,1102990000.0,262955500.0,78452000.0,159898500.0,65.59481837606837,33.22070222524886,73.04489554749934,1.372059595988387,2.709154050680992,1.2321189499336769,0.0364768597742698,0.2683773376387905,2012-08-02,0.45,bmo,277056000.0,2025-04-25,2012-06-30,0.1777777777777778,38.296,250298.31666666668
2012-03-31,STE,USD,1757898,2012-03-31,2012-03-31 00:00:00,2012,Q4,390249000.0,226024000.0,164225000.0,0.4208210655,9086000,0.0,0.0,81969000.0,0.0,91055000.0,317079000.0,-91000.0,2982000.0,16618000.0,90575000.0,0.2320954058,74048000.0,0.1897455214,-3073000.0,70975000.0,0.1818710618,26804000.0,44171000.0,0.113186709,0.76,0.76,57686000,57782000,,,6.765055646083972,0.7657143847727351,0.6333079083313109,0.4175883229899802,2.614516520472905,14.261068543494089,8.405505668619769,14.239174149707036,3.69209166868911,1824031320.0,1883210320.0,10.323692694301691,4.674019203124159,49.92832014890647,75.72050811573747,2.2206344039026007,2.2206344039026007,4.8256634097717095,20.791723102401324,51.54819806750061,78.17718958860891,0.0242161412009087,0.0132064618276401,0.2556607552218709,0.1493921872154434,0.6533701352470328,2.341575818531223,24.83165660630449,0.0,0.005377648888178,0.2220687781576147,0.0,0.0232825708714179,0.2402966217446731,0.3406235458352722,0.0318873334717065,0.0,0.005276118580701,15.662715622093826,0.0408794713566008,0.0413620223389193,-2.4808792427972124,373488000.0,484880000.0,68851000.0,1097681000.0,265875500.0,76631500.0,163562000.0,64.64887802403081,33.12444696138463,62.7989947970127,1.392135528888001,2.717026494205895,1.4331439586080958,0.0537751962805012,0.2157195853413306,2012-05-08,0.59,bmo,390249000.0,2025-04-25,2012-03-31,0.0,34.58112903225806,277942.1129032258
2011-12-31,STE,USD,1757898,2011-12-31,2011-12-30 19:00:00,2012,Q3,355215000.0,217209000.0,138006000.0,0.3885139986,9196000,0.0,0.0,73922000.0,0.0,83118000.0,300327000.0,373000.0,3005000.0,16101000.0,70198000.0,0.197621159,53724000.0,0.151243613,-2632000.0,51092000.0,0.143834016,17443000.0,33649000.0,0.0947285447,0.58,0.58,57782000,58237000,,,6.147502682496279,0.582343982555121,0.905160776712471,0.5626146550828978,2.4884393063583814,13.50602263680731,7.728808279394968,13.50602263680731,3.686355612474473,1723059240.0,1789272240.0,12.801712086540462,4.850750221696719,32.94442354020879,53.00252976098926,2.207903896053972,2.207903896053972,5.0371528229382205,25.488934727485116,34.210398072731444,55.03928881232889,0.0195286379126465,0.0188670239799764,0.2690910488784669,0.1525708182881554,0.9432320009117068,2.1400768722802623,17.87820299500832,1.5543403964456597,0.0057009067198409,0.2919254658385093,0.0,0.0258885463733231,0.2425287523339702,0.3784367710603801,0.05572118294554,0.0,0.0055966105034978,13.302852992608566,0.0327277166169634,0.0322744009875397,-3.096842442283064,336659000.0,446586000.0,35949000.0,1048643000.0,244096000.0,70763000.0,177317500.0,63.70347535999324,29.035399085673244,70.19543389086087,1.412795761791693,3.0996646450231893,1.2821346775907256,0.0431173557319596,0.3425461216295732,2012-02-07,0.61,bmo,366861393.0,2025-04-25,2011-12-31,-0.0327868852459016,33.38380952380952,325672.2698412698
2011-09-30,STE,USD,1757898,2011-09-30,2011-09-30 00:00:00,2012,Q2,342707000.0,209398000.0,133309000.0,0.3889882611,8915000,0.0,0.0,76652000.0,0.0,85567000.0,294965000.0,682000.0,3081000.0,15752000.0,64077000.0,0.1869731286,47643000.0,0.139019629,-2399000.0,45244000.0,0.1320194802,15680000.0,29564000.0,0.0862661107,0.5,0.5,58744000,59380000,,,5.83390644150892,0.503268418902356,0.8265695219937356,0.505566525943075,2.2829735802805398,13.226933814517228,7.515899496118752,13.226933814517228,3.6272810840256025,1719436880.0,1795325880.0,14.53995467460425,5.017221358186439,35.41141939204218,57.89544698474696,2.2129089334275416,2.2129089334275416,5.238661247071113,28.01825740905473,36.97433643627976,60.45071820600021,0.0171940013290863,0.017272515406323,0.2702692267597422,0.1530322242140702,1.1843407150771728,2.074211269192284,15.4634858812074,1.6424029224732783,0.0058245813594506,0.3387565958598295,0.0,0.0260134750676233,0.2444791803302581,0.3883557129911854,0.055023679119481,0.0,0.0055236689066753,12.23828854556712,0.0290828214298244,0.0285154580905523,-3.250727733896228,324212000.0,441514000.0,30769000.0,1037813000.0,239696500.0,70808500.0,190135500.0,62.178041300586216,30.70989216706941,79.60949961317682,1.4474563385635546,2.9306517753425423,1.130518348153307,0.0380487591425,0.3210029960506605,2011-11-02,0.55,bmo,373862181.0,2025-04-25,2011-09-30,-0.0909090909090909,30.48047619047619,392085.4126984127
2011-06-30,STE,USD,1757898,2011-12-31,2011-06-30 00:00:00,2012,Q1,318639000.0,185714000.0,132925000.0,0.4171648794,8757000,0.0,0.0,77009000.0,0.0,85766000.0,271480000.0,373000.0,3104000.0,14435000.0,61336000.0,0.1924936998,46901000.0,0.1471916495,-3104000.0,43797000.0,0.137450218,15066000.0,28731000.0,0.0901678702,0.48,0.48,59255000,60103000,,,5.377419627035693,0.4848704750653953,0.202193907687115,-0.0608725002109526,2.634646865243439,13.766618850729897,7.967108260906253,13.766618850729897,3.596388490422749,2072739900.0,2126623900.0,18.03574449201211,6.5049786749267975,173.00224522160084,-574.6437205433878,2.540928922292738,2.540928922292738,6.674085406996632,34.6717082952915,177.4996995242467,-589.5824507901302,0.013861362923539,-0.001740208696711,0.2574346514396113,0.1482097322979354,0.878505282379027,2.178144601962207,15.10985824742268,0.4170060213706449,0.0043001053822527,0.3102224078521458,0.0,0.0274825115569657,0.2425346404961215,1.3010600116851685,0.0489205652792031,0.0,0.0060193510524449,12.25512578472562,0.0276620591218992,0.0267698164752096,-2.7940089443928784,358930000.0,472091000.0,62417000.0,1080243000.0,257438000.0,80573500.0,181196000.0,68.53059418338621,34.003575390115984,94.52340695908762,1.3132820614273704,2.6467804919761706,0.9521451129978262,0.0352207379548165,0.2630664078980677,2011-08-02,0.47,bmo,311859446.0,2025-04-25,2011-06-30,0.0212765957446808,30.740967741935485,449964.9516129032
2011-03-31,STE,USD,1757898,2011-03-31,2011-03-31 00:00:00,2011,Q4,377760000.0,221733000.0,156027000.0,0.4130320839,9889000,0.0,0.0,87885000.0,0.0,97774000.0,319507000.0,-64000.0,2948000.0,14650000.0,72060000.0,0.1907560356,57474000.0,0.1521442186,-3012000.0,54463000.0,0.1441735493,15463000.0,39000000.0,0.1032401525,0.66,0.65,59239000,60109000,,,6.37688009588278,0.6583500734313543,0.5798038454396597,0.2244298519556373,3.258258917267341,13.313273350326645,7.931514711592025,13.313273350326645,3.594726447104104,2046115060.0,2063099060.0,13.11612217948718,5.416441814908937,59.5718711969022,153.9010951485521,2.5944032764228155,2.5944032764228155,5.461401577721305,28.630295031917846,60.06635397560194,155.17856788266266,0.0190605116801202,0.0064976795586461,0.266272752055689,0.1471943701658039,0.2356924784901471,2.0473217963370134,19.49592944369064,0.0,0.0043418868145176,0.2277948717948718,0.0,0.0261779966116052,0.2234620816788569,0.6129210702535883,0.0557285048708174,0.0,0.0044922702244811,14.043072170130111,0.0380392280353106,0.0352025273609387,-2.652745657421631,361060000.0,469855000.0,67786000.0,1050272000.0,242442500.0,82339000.0,167301000.0,64.86213468869124,36.92860332020944,67.9238543653854,1.3875584026328935,2.437135226036206,1.32501314657233,0.0494506539531993,0.3553739934840224,2011-05-09,0.62,bmo,383852903.0,2025-04-25,2011-03-31,-0.0161290322580645,29.304285714285715,405953.68253968254
2010-12-31,STE,USD,1757898,2010-12-31,2010-12-30 19:00:00,2011,Q3,328283000.0,191269000.0,137014000.0,0.4173655048,7739000,0.0,0.0,73671000.0,0.0,81410000.0,272679000.0,321000.0,3049000.0,13429000.0,49581000.0,0.1510312748,35831000.0,0.1091466814,-2728000.0,33103000.0,0.100836778,11338000.0,21765000.0,0.0662995038,0.37,0.36,59233000,60176000,,,5.542231526345112,0.3674472000405179,0.4565022875761822,-0.0355882700521668,3.246298516029916,12.685496260530448,7.310316884169297,12.685496260530448,3.596795705096821,2159635180.0,2177347180.0,24.80628509074202,6.578577568744041,79.8681649408284,-1024.4948671726754,2.874148496140538,2.874148496140538,6.632531017445314,43.91495088844517,80.52319452662722,-1032.8971442125237,0.0100780910598057,-0.000976090785852,0.2794783071599681,0.1552805364720705,0.3572336177164639,2.047098155184019,11.751721876024924,1.2423615897082472,0.0041141207933091,0.4082242131863083,0.0,0.0235741722842791,0.2354259973631886,1.0779585798816569,0.0887892458640867,0.0,0.0064091043398531,10.24100223836849,0.0226761319602678,0.0210492619460485,-2.7956755524791923,328237000.0,433012000.0,40719000.0,1011979000.0,207197500.0,69594500.0,156095500.0,58.29522089173061,34.67749609189153,78.7018283150955,1.5438658370838565,2.595343094020109,1.1435566609668897,0.0289659302635081,0.4920905576283491,2011-02-08,0.58,bmo,333943051.0,2025-04-25,2010-12-31,-0.0172413793103448,31.9590625,402541.640625
2010-09-30,STE,USD,1757898,2010-09-30,2010-09-30 00:00:00,2011,Q2,312425000.0,177370000.0,135055000.0,0.4322797471,8043000,0.0,0.0,71999000.0,0.0,80042000.0,257412000.0,188000.0,2996000.0,13272000.0,68368000.0,0.2188301192,54908000.0,0.1757477795,-2808000.0,52100000.0,0.1667600224,16389000.0,35711000.0,0.1143026326,0.6,0.59,59356000,60049000,,,5.263579082148393,0.6016409461554013,0.4492047981669924,0.1993395781386885,3.6626962733337822,12.306287485679627,7.104639800525642,12.306287485679627,3.588449356425635,1971806320.0,1964403320.0,13.803914200106409,6.311294934784348,73.95290552450962,166.65029749830967,2.69943311812412,2.69943311812412,6.2875996479155,28.732789024104843,73.67525484754154,166.02462136578768,0.0181108051220771,0.0060005893479436,0.2874932233740204,0.1622365780133899,-0.1082816522349637,2.224207221127539,18.32710280373832,0.7466326902074991,0.0045202208298023,0.249586962000504,0.0,0.0257437785068416,0.2385256248812196,0.5562389828601433,0.0474705929423061,0.0,0.0079122989517484,12.906945612624815,0.0371808224856567,0.036230656303359,-2.068299750657052,345437000.0,421703000.0,63655000.0,1002323000.0,193724500.0,64812000.0,138444000.0,58.12025286068656,33.2315498675086,73.54101595534758,1.548513565756996,2.708269712331277,1.2238068624812846,0.0488889071424268,0.2498652200283038,2010-11-03,0.54,bmo,306639351.0,2025-04-25,2010-09-30,0.0185185185185185,34.843333333333334,272416.4285714286
2010-06-30,STE,USD,1757898,2010-12-31,2010-06-30 00:00:00,2011,Q1,188980000.0,170914000.0,18066000.0,0.0955974177,8609000,0.0,0.0,72117000.0,0.0,80726000.0,251640000.0,162000.0,3007000.0,13038000.0,-49801000.0,-0.2635252408,-63001000.0,-0.333373902,-2845000.0,-65846000.0,-0.3484284051,-20636000.0,-45210000.0,-0.2392316647,-0.76,-0.76,59397000,59397000,,,3.1816421704799907,-0.7611495530077277,0.4999242385979089,0.2909742916308904,3.806084482381265,11.715911578025828,6.620064986447127,11.715911578025828,3.5861575500446152,1846058760.0,1829988760.0,-10.208243530192435,9.76854037464282,62.16942008486563,106.81356014580804,2.6528025406314213,2.6528025406314213,9.683504921155675,-36.74602437702054,61.62823331312723,105.88374472024532,-0.0244900113580349,0.009362107195331,0.3017718317550187,0.1659284169006784,0.3226842834481235,2.12039207478722,-20.951446624542733,-0.656801592568016,0.0035459326332602,-0.1447909754479097,0.0,0.0455550851942004,0.2391565779555406,0.4179632248939179,0.0656736162556884,0.0,0.0207058948036829,,-0.0441878314669158,-0.046950550819999,-2.330088219943768,321194000.0,393212000.0,38158000.0,969160000.0,200315500.0,65083500.0,126545000.0,88.4336437718277,33.77066828931509,69.48494564517827,1.0177122208399976,2.665034616104285,1.295244590959039,-0.0649671643506876,0.2089499469670185,2010-08-03,0.45,bmo,184780444.0,2025-04-25,2010-06-30,0.0222222222222222,34.76709677419355,306604.7741935484
2010-03-31,STE,USD,1757898,2010-03-31,2010-03-31 00:00:00,2010,Q4,332129000.0,189922000.0,142207000.0,0.4281679709,9973000,0.0,0.0,75716000.0,0.0,85689000.0,275611000.0,244000.0,3667000.0,14191000.0,65792000.0,0.1980917053,51357000.0,0.154629677,-3423000.0,47934000.0,0.1443234406,18099000.0,29835000.0,0.0898295542,0.51,0.51,58962000,58962000,,,5.632933075540178,0.5060038668973237,1.1242155964858722,0.8825684339065839,3.645924493741732,12.796275567314542,7.618177809436586,12.783046708049252,3.623808554662325,1984660920.0,1979689920.0,16.630307692307692,5.975572503454982,29.940876203119817,38.13868557592528,2.6331750770186035,2.6331750770186035,5.960605427409229,30.090131322957195,29.86588299188365,38.04315922979361,0.0150327946196471,0.026220096075656,0.2786202724110206,0.1695733695520517,-0.0755562986381322,2.924262792384682,14.00518134715026,2.221752974694151,0.0032791495687837,0.2181330651918887,0.0,0.0300274893189092,0.2465362620538403,0.2149473493648734,0.0428989940655588,0.0,0.0052901131789154,12.063834339153765,0.0306985179939841,0.0319743733462223,-0.7999135036124961,379328000.0,449183000.0,92549000.0,1031497000.0,211013500.0,60869000.0,124774000.0,58.24423642620789,31.29258327102705,57.40330240835711,1.545217269935796,2.8760808662073143,1.567854047137491,0.0395839801303942,0.2416471625792883,2010-05-06,0.53,bmo,319595830.0,2025-04-25,2010-03-31,0.0377358490566038,35.14140625,256423.5625
2009-12-31,STE,USD,1757898,2009-12-31,2009-12-30 19:00:00,2010,Q3,327832000.0,188349000.0,139483000.0,0.4254709729,8265000,0.0,0.0,71776000.0,0.0,80041000.0,268390000.0,535000.0,3291000.0,14188000.0,74151000.0,0.2261859733,59428000.0,0.1812757754,-2756000.0,56672000.0,0.1728690305,15666000.0,41006000.0,0.1250823593,0.7,0.69,58962000,59758000,,,5.560055629049218,0.695464875682643,1.1237746345103623,0.9321936162274008,4.501526406838303,12.434449306332892,7.1452969709304295,12.434449306332892,5.313439164207455,1649167140.0,1693748140.0,10.054425815734282,5.030525208033383,24.889332025354665,30.004496397642093,2.2493959572262536,2.2493959572262536,5.166512543009834,22.84187859907486,25.562151222456983,30.81559093224656,0.024864671994374,0.0333283380846407,0.4228272137050575,0.2392549446665056,0.6012191339294143,3.5662082268793283,18.057733211789728,1.6158610934985125,0.0755623835677443,3.0389455201677804,0.0,0.0252110837258107,0.2406897025443605,0.1704799275581044,0.0344566729300373,0.0,0.0049873105737084,13.94896991439676,0.0383947747446941,0.0416799650346096,-1.3159026152437163,450988000.0,421301000.0,64200000.0,1110193000.0,210723000.0,56265500.0,128280000.0,56.85177163913224,26.61691859261265,61.36040010830957,1.5830641228082882,3.3813080085453207,1.466744021243955,0.0559304926619019,0.1915810182829619,2010-02-02,0.48,bmo,304269075.0,2025-04-25,2009-12-31,0.4374999999999999,31.1240625,323607.65625
2009-09-30,STE,USD,1757898,2009-09-30,2009-09-30 00:00:00,2010,Q2,314229000.0,181574000.0,132655000.0,0.4221602716,8189000,0.0,0.0,74516000.0,0.0,82705000.0,264279000.0,278000.0,3130000.0,13951000.0,64294000.0,0.2046087408,50065000.0,0.1593264785,-2852000.0,47213000.0,0.1502502952,15129000.0,32084000.0,0.1021038797,0.55,0.54,58654000,59242000,,,5.357332833225356,0.5470044668735295,1.019333719780407,0.8456371261977018,3.814880485559382,13.652504518020937,8.324291608415454,13.639206192246052,3.633682272308794,1786014300.0,1772256300.0,13.9167053671612,5.683798439991216,29.87245433866328,36.00835282258065,2.2325346190096425,2.2325346190096425,5.640015084540256,27.56487852676766,29.642341272496157,35.73097379032258,0.0179640219006085,0.0277713341936847,0.2625019687647657,0.1662397208439278,-0.2139857529473978,3.3283847448121144,15.995207667731629,1.8634833561900013,0.0036130729748356,0.2011282882433611,0.0,0.0260606118467741,0.247397160942215,0.170402087375393,0.0324222143723208,0.0,0.0063425081707926,12.95630738346282,0.0313586249476632,0.0337472323461815,-0.2363223309578204,415151000.0,488253000.0,130989000.0,1076717000.0,209843000.0,54171000.0,132840000.0,61.39570186074487,28.167689206604468,63.518069767698016,1.465900661973605,3.195150278031956,1.416919631360859,0.0401053007897559,0.1736965935827053,2009-11-03,0.44,bmo,242813318.0,2025-04-25,2009-09-30,0.2272727272727273,33.04523809523809,539100.2222222222
2009-06-30,STE,USD,1757898,2009-12-31,2009-06-30 00:00:00,2010,Q1,283543000.0,158707000.0,124836000.0,0.4402718459,7580000,0.0,0.0,74605000.0,0.0,82185000.0,240892000.0,218000.0,3083000.0,13888000.0,56968000.0,0.2009148524,42862000.0,0.1511657844,-2865000.0,39997000.0,0.1410614968,14455000.0,25542000.0,0.0900815749,0.44,0.43,58517000,58984000,,,4.845480800451151,0.4364885417912743,0.5574448450877523,0.4146658236068151,3.008903395594442,13.051626023206932,7.702906847582754,13.051626023206932,3.64138626382077,1526123360.0,1560051360.0,14.93739096390259,5.382334813414544,46.784897608828935,62.89401854522976,1.9982184559707328,1.9982184559707328,5.501992149338901,27.38469596966718,47.8249957081545,64.29224644549763,0.0167365238416899,0.0158997631751079,0.274961963595036,0.1728114865326362,0.5955624210082854,3.300419237606402,13.902692182938695,1.2771122073447654,0.004220497614295,0.2521728917077754,0.0,0.0267331586390776,0.2575639999111255,0.256131207847946,0.0294664301358171,0.0,0.0070007018335843,11.321657000840444,0.0260588923266595,0.028310607555259,-0.899247227301468,379162000.0,450751000.0,92530000.0,1042324000.0,221882500.0,60043500.0,133875500.0,65.17328941289328,29.2127001329494,77.99259011889835,1.3809338275044198,3.080851807275692,1.1539557778860343,0.033443230829259,0.1427790214809371,2009-07-30,0.4,bmo,262277275.0,2025-04-25,2009-06-30,0.0749999999999999,30.424918032786888,565996.2459016393
2009-03-31,STE,USD,1757898,2009-03-31,2009-03-31 00:00:00,2009,Q4,344366000.0,204555000.0,139811000.0,0.4059953654,8291000,0.0,0.0,83073000.0,0.0,91364000.0,295919000.0,0.0,2454000.0,14897000.0,61393000.0,0.1782783434,47619000.0,0.1382802019,-2749000.0,44870000.0,0.1302974161,17054000.0,27816000.0,0.0807745248,0.47,0.47,58445000,58660000,,,5.89213790743434,0.4759346394045683,1.0105227136624175,0.8191462058345453,2.638035760116349,12.280537257250408,7.058721875267345,12.280537257250408,3.6351099324150913,1360599600.0,1416419600.0,12.22856988783434,3.9510276856600246,23.03758211987809,28.41983498694517,1.8956825350825377,1.8956825350825377,4.1131226660007085,23.07135341162673,23.98272265492719,29.58578798955613,0.0204439278094745,0.0351866926904873,0.2925866892562168,0.1725641137312552,0.9092241786522892,2.737914921841744,19.40464547677261,2.123238423928674,0.0034367201048714,0.1681046879493816,0.0,0.0240761283053495,0.2507841395501335,0.1893836776159837,0.0324799776981467,0.0,0.0,11.46762809401039,0.0290864061215204,0.0305083630381135,-1.7295833689793825,351104000.0,412547000.0,53927000.0,1007289000.0,227160500.0,63788000.0,139167000.0,62.31573384131999,30.17071203343844,57.29324631517195,1.4442580461168102,2.983025389001502,1.5708657789245726,0.0387551968969091,0.1913765078278723,2009-05-07,0.4,bmo,284101950.0,2025-04-25,2009-03-31,0.1749999999999998,31.20640625,717619.125
2008-12-31,STE,USD,1757898,2008-12-31,2008-12-30 19:00:00,2009,Q3,319467000.0,195400000.0,124067000.0,0.3883562308,8122000,0.0,0.0,67272000.0,0.0,75394000.0,270794000.0,366000.0,3214000.0,14301000.0,60485000.0,0.1893309794,45818000.0,0.1434201342,-2848000.0,42970000.0,0.1345052854,14395000.0,28575000.0,0.0894458583,0.49,0.48,58660000,59243000,,,5.446079099897716,0.4871292192294579,0.6756392771905898,0.5250767132628708,1.807875894988067,12.186413228775995,6.871172860552336,12.186413228775995,3.639856801909308,1401387400.0,1505637400.0,12.260607174103235,4.38664212579077,35.359104786415365,45.49811369760722,1.96037993719006,1.96037993719006,4.712966910510319,24.89274034884682,37.9894885575152,48.88274406675108,0.0203905072929869,0.0219789331629498,0.2941855341292989,0.1759963712778608,1.723567826733901,2.807682645783501,14.255756067205974,1.386981627296588,0.0033581006936411,0.1646894138232721,0.0,0.0254235961773829,0.2609332410530993,0.2228445991976383,0.0276460479486144,0.617579190266415,0.005665686909759,11.55716462330518,0.0301047396505078,0.0323569077327064,-2.3531495056256397,331012000.0,403063000.0,34070000.0,1004067000.0,213440000.0,62343500.0,154707000.0,60.81839438815276,27.176407369498467,68.22128966223133,1.4798154555940024,3.311696015456841,1.319236274271517,0.0399731414062991,0.150562563927719,2009-01-27,0.35,bmo,256029981.0,2025-04-25,2008-12-31,0.5142857142857145,28.31421875,356919.078125
2008-09-30,STE,USD,1757898,2008-09-30,2008-09-30 00:00:00,2009,Q2,323127000.0,190764000.0,132363000.0,0.4096315071,8068000,0.0,0.0,77290000.0,0.0,85358000.0,276122000.0,540000.0,2052000.0,14375000.0,61883000.0,0.1915129345,46968000.0,0.1453546129,-1978000.0,44990000.0,0.1392331808,16196000.0,28794000.0,0.0891104736,0.49,0.48,59312000,60376000,,,5.447919476665767,0.4854666846506609,0.6737928243862962,0.5008598597248449,2.701291475586728,12.563713919611546,7.149632452117615,12.556480981926086,4.263083355813326,2228944960.0,2319525960.0,19.35251232895742,6.898046155226893,55.77382043839455,75.03096778537045,2.9928767505874454,2.9928767505874454,7.178372466553398,37.48244202769743,58.04038534681213,78.08011445113947,0.0129182193893204,0.0133278302215232,0.3367573011077542,0.1967600492370841,1.4637461015141475,3.1178464240876345,22.88888888888889,1.3879280405640064,0.0021364367830778,0.1653816767382093,0.0,0.0249685108332018,0.2519281778748503,0.2566559903913522,0.031742936987624,0.7135304347826087,0.0060502526870239,11.7112956946032,0.0275814669646837,0.0301972986663226,-2.1977719517129755,393049000.0,424059000.0,49168000.0,1085496000.0,212651000.0,68318000.0,165075500.0,58.76862657716625,30.98886582374033,76.09832043781846,1.5314293568154995,2.904268923938859,1.1826805044079902,0.0386626384692849,0.1729329646614513,2008-10-30,0.31,bmo,275179122.0,2025-04-25,2008-09-30,0.4838709677419355,24.613015873015872,654446.6031746032
2008-06-30,STE,USD,1757898,2008-12-31,2008-06-30 00:00:00,2009,Q1,311565000.0,181064000.0,130501000.0,0.4188564184,8279000,0.0,0.0,87348000.0,0.0,95627000.0,276691000.0,381000.0,8558000.0,15200000.0,49908000.0,0.1601848731,35040000.0,0.1124644938,-1385000.0,33655000.0,0.1080191934,8155000.0,25500000.0,0.0818448799,0.43,0.43,58694000,59647000,,,5.308293863086517,0.4344566735952567,0.4894367397008212,0.3085835008689133,0.8354857395985961,12.159147442668756,6.442072443520632,12.159147442668756,3.182914778341909,1688039440.0,1817261440.0,16.549406274509806,5.4179366745301945,58.76142444390295,93.2000574204947,2.365297413787064,2.365297413787064,5.832688010527498,36.41222729822874,63.25970132627842,100.33466431095408,0.0151062821138823,0.0107296071233975,0.2497796597582352,0.1467918012011136,2.589204135609521,2.405331114873412,4.09441458284646,1.1265490196078431,0.0020811125123948,0.1377647058823529,0.0,0.026572304334569,0.2763220196759974,0.3695130017057124,0.0340699372522587,0.6983552631578948,0.0060597307142971,10.902248021080936,0.0262962964529838,0.0290163458748428,-3.5184303335945755,288863000.0,378111000.0,-6293000.0,1005542000.0,232059500.0,73242000.0,158031500.0,61.9050599393385,35.26752971325056,83.93037820881014,1.4538391544760971,2.551922426429136,1.0723173411191984,0.0357308500159037,0.1808532388319078,2008-07-30,0.25,bmo,215914545.0,2025-04-25,2008-06-30,0.72,23.95327868852459,843440.2295081967
2008-03-31,STE,USD,1757898,2008-03-31,2008-03-31 00:00:00,2008,Q4,375170000.0,223794000.0,151376000.0,0.4034864195,8953000,0.0,0.0,87935000.0,0.0,96888000.0,320682000.0,0.0,26014000.0,15279000.0,69767000.0,0.185961031,42068000.0,0.1121305008,-1174000.0,40894000.0,0.1090012528,14785000.0,26109000.0,0.0695924514,0.42,0.42,61567807,62217143,,,6.093606679867613,0.4240690268535957,0.794230010498831,0.504598125445657,0.842453264577054,11.47474685918243,5.985189630028564,11.469500610928046,3.3458070059243785,1651864261.81,1779976261.81,15.817000476942814,4.402975349334968,33.78114607272132,53.17102590562333,2.339247445040161,2.339247445040161,4.744452546338993,25.51315466925624,36.40107695065338,57.29475848359995,0.015805778116049,0.0188072353874639,0.254874304682278,0.1452280818402765,1.836283629796322,2.228591025312664,1.6171292381025602,1.8728790838408207,0.0022392881095126,0.1416752843846949,0.0,0.0238638483887304,0.2727202305832685,0.3646700341520276,0.0475304528613695,1.1670920871784802,0.0,10.46120686908982,0.026602286949296,0.0289677714265426,-3.573028027455972,283017000.0,368495000.0,-19441000.0,1005639000.0,225513500.0,69059000.0,155823000.0,59.92819255270944,30.375613287219497,59.20131907021636,1.5017973372188909,2.962903140390828,1.5202363969839006,0.0369736260748394,0.289631885053174,2008-05-07,0.5,bmo,307639400.0,2025-04-25,2008-03-31,0.1799999999999999,29.36796875,1049398.0625
2007-12-31,STE,USD,1757898,2007-12-31,2007-12-30 19:00:00,2008,Q3,313974000.0,183775000.0,130199000.0,0.4146808334,10173000,0.0,0.0,85612000.0,0.0,95785000.0,279560000.0,0.0,0.0,16015000.0,50429000.0,0.1606152102,33462000.0,0.1065757037,-935000.0,32527000.0,0.1035977501,10751000.0,21776000.0,0.0693560613,0.35,0.34,62217143,64047059,,,5.046422655569383,0.349999999196363,0.67147088383663,0.3893782136540728,0.8902369560749519,12.117898116922534,6.7618019683096025,12.117898116922534,2.136469043588196,1794342404.12,1871879404.12,20.60000004729978,5.714939466707434,42.950484815089645,74.06680442995129,2.379950691260987,2.379950691260987,5.96189303611127,37.11910615161911,44.80645819757282,77.26737406587962,0.0121359223022317,0.0135013250226793,0.1763068993462353,0.1112533949338589,1.5375478395367743,2.374543994781343,0.0,1.9184882439382809,0.0021166528703102,0.1744121969140338,0.0,0.032400772038449,0.2789106080959495,0.4201115446298202,0.0558995330823571,1.0959100842959726,0.0,9.768748510001226,0.0224871851737768,0.0252752584283747,-2.4484931749437613,273926000.0,420700000.0,32357000.0,992158000.0,206493500.0,62095500.0,161064500.0,57.67729175027232,30.65019725207455,80.52912528907632,1.5604061367804267,2.936359569232736,1.1176080663601644,0.028882896672286,0.2820926701825572,2008-01-30,0.4,bmo,361070100.0,2025-04-25,2007-12-31,-0.15,34.99765625,611079.890625
2007-09-30,STE,USD,1757898,2007-09-30,2007-09-30 00:00:00,2008,Q2,295002000.0,171332000.0,123670000.0,0.4192174968,8531000,0.0,0.0,87993000.0,0.0,96524000.0,267856000.0,0.0,2260000.0,15902000.0,43048000.0,0.1459244344,26448000.0,0.0896536295,-864000.0,25584000.0,0.0867248358,9566000.0,16018000.0,0.054297937,0.25,0.25,64207000,64207000,,,4.594545766037971,0.249474356378588,0.5186194651673494,0.3332814179139346,0.9588206893329388,11.973850203248867,6.765944523182831,11.969099942373884,1.9912159110377377,1791375300.0,1855402300.0,27.958785428892497,6.072417475135762,53.79666956965674,83.71303799242955,2.331002342225114,2.331002342225114,6.289456681649616,43.100778201077866,55.71946004384516,86.70509369596711,0.0089417332035336,0.0119455705345496,0.1634222511385816,0.1043080321918889,1.4873397138078424,2.5373809360652366,11.702654867256635,2.078848795105506,0.0021508614079919,0.24054189037333,0.0,0.0289184480105219,0.2777206548009601,0.3573680891318057,0.0403387095680707,0.7483335429505723,0.0,8.196623015149665,0.0163138945805006,0.0184189888759334,-2.1179154920803027,291655000.0,434421000.0,46139000.0,1010986000.0,209712000.0,62883500.0,155453000.0,64.60857892488865,32.36085494828753,82.83548899213223,1.3930038626082522,2.7811378946514083,1.0864908397963131,0.0208432010409889,0.1853380472534147,2007-10-30,0.26,bmo,306348230.0,2025-04-25,2007-09-30,-0.0384615384615384,29.22171875,571849.421875
2007-06-30,STE,USD,1757898,2007-12-31,2007-06-30 00:00:00,2008,Q1,280944000.0,162232000.0,118712000.0,0.4225468421,9259000,0.0,0.0,86495000.0,0.0,95754000.0,257986000.0,0.0,2839000.0,15582000.0,38540000.0,0.1371803633,21567000.0,0.0767661883,-773000.0,20794000.0,0.0740147503,7591000.0,13203000.0,0.0469951307,0.2,0.2,66015000,66015000,,,4.25576005453306,0.2,0.2942664545936529,0.1474664848897977,0.8777702037415739,11.704233886237976,6.675179883359842,11.704233886237976,1.7177308187533136,2020059000.0,2072670000.0,38.25,7.190254997437211,103.98738803665192,207.5047765793529,2.614438526897516,2.614438526897516,7.3775200751751235,53.77970939283861,106.69566560280036,212.9090909090909,0.0065359477124183,0.0048191661728692,0.1430871475626249,0.0930711623098707,1.3651011935651272,2.534935766859502,7.596688974991194,1.4713322729682647,0.0016133192149338,0.2468378398848746,0.0,0.0329567458283501,0.2794845589943731,0.4988674971687429,0.0344944188165613,0.621935566679502,0.0,7.257344727107214,0.0136316775763271,0.0154261739046107,-1.8924638339771265,282574000.0,440662000.0,51448000.0,1000880000.0,229428500.0,70173000.0,142605000.0,66.52037416709379,35.594580600621335,84.99660979338232,1.3529689381170238,2.52847479816714,1.0588657620436908,0.017087833509134,0.1467999697038551,2007-07-25,0.22,bmo,293714181.0,2025-04-25,2007-06-30,-0.0454545454545455,26.28295081967213,718387.6393442623
2007-03-31,STE,USD,1757898,2007-03-31,2007-03-31 00:00:00,2007,Q4,349837000.0,204867000.0,144970000.0,0.4143929887,8870000,0.0,0.0,83107000.0,0.0,91977000.0,296844000.0,0.0,3267000.0,15984000.0,68977000.0,0.1971689673,51851000.0,0.14821474,-983000.0,50868000.0,0.14540486,21060000.0,29808000.0,0.0852053957,0.46,0.46,64508274,64542424,,,5.423133782807458,0.4620802596578541,0.8428221161211041,0.5954429969712103,0.8106867035382159,12.002987399724878,6.841680495125323,12.002987399724878,1.6252798827015589,1713339757.4399998,1762620757.4399998,14.369798019323673,4.8975373029153575,31.51317400430392,44.60544524849652,2.212782461190352,2.212782461190352,5.038405764513187,25.55374628412369,32.41959126413949,45.88843709978912,0.0173976001377204,0.0224187875365666,0.1311869423938255,0.0840055575311991,0.7144555431520652,2.229633070989287,15.871135598408326,1.8239734299516908,0.001901549290415,0.1092995169082125,0.0,0.0253546651726375,0.2753516875211922,0.293512847394655,0.0456155295180326,0.9983733733733734,0.0,11.171066624209772,0.0306121471986312,0.0340187372392644,-1.987004798795268,267321000.0,441345000.0,49842000.0,989167000.0,229109500.0,68683500.0,139518000.0,64.62618305096373,33.46834775732548,57.98752361288055,1.3926244093516502,2.68910794917568,1.5520580013182117,0.0384971044515505,0.2473791191498938,2007-05-08,0.35,bmo,249883571.0,2025-04-25,2007-03-31,0.2857142857142858,28.11125,411407.8125
2006-12-31,STE,USD,1757898,2006-12-31,2006-12-30 19:00:00,2007,Q3,298967000.0,171266000.0,127701000.0,0.4271407881,8078000,0.0,0.0,82594000.0,0.0,90672000.0,261938000.0,0.0,0.0,14596000.0,51625000.0,0.172677921,33850000.0,0.1132231985,-1123000.0,32727000.0,0.1094669311,11859000.0,21299000.0,0.0712419765,0.33,0.33,64542424,64542424,,,4.632100585500167,0.3300000012394948,0.3580745588359061,0.1776196072214455,0.6044241536388532,11.574418091269704,6.4011230814634414,11.574418091269704,1.9560312764206067,1624532812.0800002,1711768812.0800002,19.068181746560875,5.433819826536039,70.29262308338022,141.70732833914866,2.1746233634833967,2.1746233634833967,5.725611228262651,33.15774938653753,74.06727584613388,149.31688870202373,0.0131108462947753,0.0070567980620359,0.168996079197795,0.108187109445966,1.6898014527845036,2.311494246842716,0.0,1.0848706754917148,0.0019919573036242,0.1519320155875862,0.0,0.027019704515883,0.2861323538989418,0.5039591536497772,0.0389574769121675,0.7979583447519868,0.0,9.27038589544536,0.0220883903285497,0.0255679533272911,-2.356612760623927,249959000.0,413144000.0,20659000.0,974770000.0,204254500.0,63871000.0,143997000.0,62.31818227429783,32.1515654011888,77.26875153270352,1.444201302339961,2.799241619404083,1.1647658104312462,0.0285111526676581,0.1804549516144606,2007-01-31,0.32,bmo,298967000.0,2025-04-25,2006-12-31,0.0,28.302063492063493,582911.1111111111
2006-09-30,STE,USD,1757898,2006-09-30,2006-09-30 00:00:00,2007,Q2,283536000.0,164775000.0,118761000.0,0.4188568647,8283000,0.0,0.0,82786000.0,-65693000.0,25376000.0,190151000.0,0.0,69584000.0,14793000.0,108178000.0,0.3815317984,92227000.0,0.325274392,-67268000.0,24959000.0,0.0880276226,8599000.0,16360000.0,0.0576999041,0.25,0.25,65440000,65440000,,,4.332762836185819,0.25,0.3810666259168704,0.2434749388753056,0.686231662591687,10.953575794621027,5.86390586797066,10.953575794621027,3.331616748166259,1574486400.0,1678016400.0,24.06,5.553038767563908,63.13856518426434,98.81920542270758,2.196542978395708,2.196542978395708,5.918177585915016,15.511623435448982,67.29022737297991,105.31704010544154,0.0103906899418121,0.0101194903938198,0.2070822905070019,0.1274681130061494,0.957033777662741,2.2206851053032226,1.325405265578294,1.5242665036674816,0.0016468862481124,0.1584963325183374,0.0,0.0292132216014897,0.2860172966493002,0.3610698961382684,0.031756108571751,0.6086662610694247,0.0,7.849449907142747,0.0623958083356658,0.0196768238046269,-2.76885314792176,240536000.0,383734000.0,-10115000.0,966924000.0,202583500.0,67446500.0,137365500.0,63.95917978669375,36.35448338643605,76.9895311788803,1.4071475009553491,2.4756231313571417,1.1689901032244334,0.0228235970323743,0.1375916870415648,2006-11-07,0.22,bmo,244872000.0,2025-04-25,2006-09-30,0.1363636363636363,28.31793650793651,451103.1746031746
2006-06-30,STE,USD,1757898,2006-12-31,2006-06-30 00:00:00,2007,Q1,265067000.0,151692000.0,113375000.0,0.4277220476,8395000,0.0,0.0,78414000.0,0.0,86809000.0,238501000.0,0.0,7050000.0,14884000.0,41450000.0,0.1563755579,25461000.0,0.0960549597,-1090000.0,24371000.0,0.0919427918,10314000.0,14684000.0,0.0553973146,0.22,0.22,66745455,66745455,,,3.9713116046628194,0.2199999985017706,-0.1000367740395207,-0.2860419484742444,1.1920212394986296,10.547100173337643,5.602149239974467,10.547100173337643,2.9476314155023737,1525801101.3,1635930101.3,25.97727290418142,5.756284642373437,-228.5159654485547,-79.91834806725329,2.167420392743451,2.167420392743451,6.171760729551396,39.46755371049457,-245.0097500823723,-85.68668035302744,0.0096237969598324,-0.0125127711493545,0.2694585430365739,0.1585610300853946,2.6569119420989145,2.3210229675211296,3.611489361702127,-0.4547126123672024,0.0017557989686319,0.1824434758921274,0.0,0.0316712378379805,0.2758883851251496,-1.859367979631571,0.0468372147419331,0.8341171728030099,0.0,7.225520431254547,0.0147320208505184,0.0169507373524573,-2.893897419681984,265556000.0,373918000.0,-25778000.0,994702000.0,222836000.0,77695500.0,123000000.0,69.15345931406021,40.543074123882604,79.370302982359,1.301453331369372,2.2198612696461497,1.1339253677789738,0.0208588137863633,0.1860051744347236,2006-08-02,0.21,bmo,252444761.0,2025-04-25,2006-06-30,0.0476190476190476,25.93032786885246,300302.7868852459
2006-03-31,STE,USD,1757898,2006-03-31,2006-03-31 00:00:00,2006,Q4,331274000.0,197944000.0,133330000.0,0.4024764998,8033000,0.0,0.0,81386000.0,0.0,89419000.0,287363000.0,0.0,25144000.0,15809000.0,59720000.0,0.1802737311,18603000.0,0.0561559313,-845000.0,17758000.0,0.0536051728,10313000.0,8454000.0,0.0255196605,0.12,0.12,66850324,68509756,,,4.955458405856043,0.1264616159526766,0.9362407877035868,0.6836167316107548,1.087982759814298,10.932288076868558,6.04780913253315,10.932288076868558,2.1148588599211577,1649865996.32,1693368996.32,48.789507816418265,4.980366694397991,26.360740019173004,36.10210057592997,2.2575328994686843,2.2575328994686843,5.111686991191581,28.35514059477562,27.05580936153895,37.05402617768053,0.0051240525102381,0.0276992192711002,0.1590458480598007,0.0977608406582824,0.7284494306764903,1.9659315128167896,0.739858415526567,7.403359356517625,0.0016413454220161,0.3203217411876035,0.0,0.0242488091428847,0.27463113123679,0.2698280820604589,0.0509789479403756,1.0682522613701055,0.0,5.577327618660391,0.008153262632222,0.00980237557453,-2.210916733926376,226169000.0,404298000.0,2169000.0,954234000.0,225763500.0,71415000.0,117101000.0,65.74672325627728,39.58255870347168,51.025340500343525,1.3688895133098071,2.273728706479663,1.7638294838893642,0.0115677171204676,0.2526240560928321,2006-05-10,0.41,bmo,387832975.0,2025-04-25,2006-03-31,-0.170731707317073,25.11634920634921,354150.79365079367
2005-12-31,STE,USD,1757898,2005-12-31,2005-12-30 19:00:00,2006,Q3,287492000.0,165396000.0,122096000.0,0.4246935567,8726000,0.0,0.0,74316000.0,0.0,83042000.0,248438000.0,0.0,0.0,13678000.0,52732000.0,0.1834207561,39054000.0,0.13584378,-503000.0,38551000.0,0.1340941661,15386000.0,28089000.0,0.0977035883,0.41,0.41,68509756,68509756,,,4.1963658431362685,0.4100000005838584,0.219647549175332,0.0511314038251719,0.6517319956591292,10.80981809364494,6.035490770102874,10.80981809364494,1.569163375797164,1714114095.12,1776967095.12,15.25609753925024,5.9623018905569545,113.90976177033492,489.3274607821867,2.314562537801555,2.314562537801555,6.18092710447595,33.69807887279071,118.08659590111644,507.2700813930916,0.0163868905109455,0.002043621256002,0.1451609418589264,0.0951923451551547,1.1919327922324203,2.124105963834317,0.0,0.5357448020506979,0.001595576401703,0.0973690768628288,0.0,0.0303521489293615,0.2896316734612918,0.7672115895800107,0.0401576391690899,0.844056148559731,0.0,9.986018829137125,0.0247902289896929,0.0350133875817091,-1.8386176999375097,208561000.0,413490000.0,5350000.0,941992000.0,218833000.0,59102500.0,118349500.0,65.59225995853798,30.34879924544729,66.3741565696873,1.372113112993676,2.9655209509977944,1.3559494335044024,0.0379284828876904,0.16851614535016,2006-01-31,0.34,bmo,287492000.0,2025-04-25,2005-12-31,0.0,23.40825396825397,339893.6507936508
2005-09-30,STE,USD,1757898,2005-09-30,2005-09-30 00:00:00,2006,Q2,284370000.0,168137000.0,116233000.0,0.4087386152,10022000,0.0,0.0,79165000.0,0.0,89187000.0,257324000.0,0.0,1874000.0,14539000.0,102283000.0,0.3596828076,27046000.0,0.0951084854,-63243000.0,26109000.0,0.0918134824,9694000.0,16415000.0,0.0577240919,0.24,0.24,68395833,68395833,,,4.157709432386034,0.2400000011696619,0.6272604355882324,0.4138994841981089,0.6781407282516758,10.839666211829016,5.898721929448538,10.839666211829016,1.6169844733084835,1627136867.07,1689475867.07,24.78124987922632,5.7219005769595945,37.92683014941028,57.477723235366845,2.1947170268064764,2.1947170268064764,5.941118497274677,16.51766048189826,39.37988595100462,59.67981444310996,0.0100882724325204,0.0173980447330016,0.1466452114142662,0.0939870293559803,0.6094756704437687,1.9947287245465728,14.432230522945572,2.613585135546756,0.0016759499801086,0.1661285409686262,0.0,0.035242817456131,0.2921420581171992,0.3401473124796046,0.0513169462320216,1.003714148153243,0.0,7.6507645257940355,0.0178065540071018,0.0200469941110809,-2.0546536804369357,203804000.0,403448000.0,-6690000.0,950029000.0,226873000.0,59369000.0,112397500.0,72.20413545732673,33.418462325365624,61.40760213397408,1.2464660012886768,2.693122116863147,1.4656165828401078,0.022140903278715,0.2133609513901234,2005-11-09,0.21,bmo,243745714.0,2025-04-25,2005-09-30,0.1428571428571428,22.958253968253967,504401.5873015873
2005-06-30,STE,USD,1757898,2005-12-31,2005-06-30 00:00:00,2006,Q1,276698000.0,158927000.0,117771000.0,0.4256301094,8729000,0.0,0.0,81793000.0,0.0,90522000.0,249449000.0,0.0,0.0,13893000.0,40496000.0,0.1463545092,27249000.0,0.0984792084,706000.0,27955000.0,0.1010307266,10623000.0,17332000.0,0.0626386891,0.25,0.25,69328000,69328000,,,3.991143549503808,0.25,0.5974065312716362,0.4799359566120471,0.5402290560812371,10.426811677821371,5.508077544426494,10.426811677821371,1.859032425571198,1786582560.0,1878012560.0,25.77,6.456796073697678,43.13645507883237,53.6946641420972,2.4715129414694204,2.4715129414694204,6.787228530744711,46.37526076649546,45.34400270420359,56.44253779340607,0.0097012029491656,0.0186238244707818,0.1782934690884944,0.1128381980978696,2.257753852232319,2.073232896229651,0.0,2.389626125086545,0.0015487669374764,0.1596468959150704,0.0,0.0315470296135136,0.2985537470462522,0.1966342323200618,0.0294328112237891,0.5861944864320161,0.0,7.658382054177319,0.0176745428961822,0.0216329021813883,-2.2736736960535424,203383000.0,381864000.0,-26435000.0,950820000.0,253503000.0,60012500.0,103135500.0,73.38126766366219,31.885960220730272,62.334656792112106,1.2264710445247224,2.8225588747202783,1.4438196122608429,0.0239766486366843,0.1174705746595892,2005-08-09,0.25,bmo,276698000.0,2025-04-25,2005-06-30,0.0,25.43032258064516,297450.0
2005-03-31,STE,USD,1757898,2005-03-31,2005-03-31 00:00:00,2005,Q4,315713000.0,185004000.0,130709000.0,0.4140120933,8374000,0.0,0.0,76136000.0,0.0,84510000.0,269514000.0,0.0,1032000.0,13699000.0,59898000.0,0.1897229446,46199000.0,0.1463322701,-1032000.0,45167000.0,0.1430634785,20154000.0,25013000.0,0.0792270195,0.36,0.36,69512793,69877143,,,4.541797076115183,0.359833045407915,0.7528398405743818,0.5029002359321111,0.3766069362225166,10.870488256744338,5.833199652904178,10.870488256744338,1.5852477687092792,1755198023.25,1838182023.25,17.54285794636789,5.559473392764948,33.5396702447833,50.20876546856228,2.322802748472152,2.322802748472152,5.822319712048601,30.68853756803232,35.12539217400443,52.5825854811488,0.0142508136795213,0.0199168410270143,0.1444646775307753,0.0920645817485042,1.3854218838692445,1.894064873881388,44.76647286821706,2.092192060128733,0.0,0.0,0.0,0.0265240899171082,0.2953103678602573,0.3319957196361691,0.0550309933388869,1.2682677567705671,0.0,9.381370908675558,0.0264085633379964,0.0299353970841321,-2.0824332292330707,198317000.0,405482000.0,-9952000.0,962051000.0,265202000.0,58319000.0,99921500.0,80.21871129791931,30.9977622105468,46.79752870208212,1.1219327578793252,2.9034353960357198,1.9231784774992984,0.0331018291827568,0.2499396046422706,2005-05-17,0.42,bmo,360814857.0,2025-04-25,2005-03-31,-0.1428571428571428,24.386507936507936,338831.74603174604
2004-12-31,STE,USD,1757898,2004-12-31,2004-12-30 19:00:00,2005,Q3,284389000.0,164827000.0,119562000.0,0.4204171047,9185000,0.0,0.0,70465000.0,0.0,79650000.0,244477000.0,0.0,0.0,13171000.0,53083000.0,0.1866563053,39912000.0,0.1403429809,-633000.0,39278000.0,0.1381136401,14821000.0,24457000.0,0.0859984036,0.35,0.35,69877143,69877143,,,4.069842981416684,0.3499999992844584,0.5392464314117708,0.3495134310227881,0.8900764589073139,10.46190454581121,6.399045250032618,10.46190454581121,1.5112380882544096,1657485831.96,1700890831.96,16.942857177495192,5.828234678415832,43.98731010217351,67.86577537403268,2.267273601678686,2.267273601678686,5.980860131580336,32.042100709455006,45.139216898702266,69.6429935699955,0.0147554805769164,0.0147349675810618,0.144451527122706,0.0943914490737926,0.8176817436844187,2.3854458173677187,0.0,1.540704092897739,0.0,0.0,0.0,0.0322973110774326,0.2537648960094962,0.351848411666357,0.0466192433603268,1.0066054210006834,0.0,9.076755925430072,0.0265763339150941,0.0292949074989069,-1.2441371565520358,257438000.0,447147000.0,55546000.0,930458000.0,243963500.0,57999000.0,103680000.0,78.80146559817715,28.895205275834662,56.59351926565429,1.142110737621635,3.114703603620628,1.590288096019142,0.0334547115921252,0.1897330003889827,2005-01-26,0.32,bmo,257727531.0,2025-04-25,2004-12-31,0.0937499999999999,25.7334375,326596.875
2004-09-30,STE,USD,1757898,2004-09-30,2004-09-30 00:00:00,2005,Q2,264846000.0,153358000.0,111488000.0,0.4209540639,8677000,0.0,0.0,71944000.0,-100000000.0,-19379000.0,133979000.0,0.0,100685000.0,12620000.0,43487000.0,0.1641973071,30867000.0,0.1165469745,-685000.0,30182000.0,0.1139605658,11289000.0,18893000.0,0.0713357951,0.27,0.27,69974074,69974074,,,3.784916110501155,0.2700000002858201,0.2734441330370445,0.0592219341123399,0.4685306732319172,9.993872873544564,6.007424978571349,9.993872873544564,2.995995345361769,1535231183.5600002,1611403183.5600002,20.31481479330969,5.796693865718192,80.23576792934044,370.470845453668,2.1953451157137303,2.1953451157137303,6.084302513762716,37.0548252020144,84.2167442019442,388.8521195849421,0.0123062898945223,0.0026992677352935,0.1558059921751664,0.1019300446517528,1.7516039276105502,2.4299081646092504,0.3065699955306152,1.0127560472132535,0.0,0.0,0.0,0.0327624355285713,0.2609578282764498,0.7834221804118323,0.0565989291890381,1.187797147385103,0.0,7.79184046108834,0.0213716034492892,0.0239154623280518,-1.5118742407366477,238849000.0,420364000.0,36260000.0,899812000.0,237808500.0,61888500.0,102588000.0,81.1911828005709,37.01867525658916,60.86581723809648,1.1084947514690864,2.431205313971369,1.4786624756542028,0.0270165534124968,0.2142221989247046,2004-10-27,0.28,bmo,274304785.0,2025-04-25,2004-09-30,-0.0357142857142857,24.52953125,396048.4375
2004-06-30,STE,USD,1757898,2004-12-31,2004-06-30 00:00:00,2005,Q1,254797000.0,144905000.0,109892000.0,0.4312923622,9311000,0.0,0.0,72566000.0,0.0,81877000.0,226782000.0,0.0,634000.0,11702000.0,39717000.0,0.1558770315,28015000.0,0.1099502741,-701000.0,27314000.0,0.1071990644,9697000.0,17617000.0,0.0691413164,0.25,0.25,70468000,70468000,,,3.615783050462621,0.25,0.5994493954702844,0.4498070045978316,1.1342169495373786,9.54846171311801,6.27149912016802,9.54846171311801,1.525344837372992,1589758080.0,1616686080.0,22.56,6.239312393787996,37.63453624354907,50.15484367605767,2.3626842393897105,2.3626842393897105,6.344996526646703,40.70514087166704,38.27200606031912,51.00438779695239,0.0110815602836879,0.0199382537499038,0.1588054590769861,0.1011439199965923,0.6779968275549513,2.451408646078693,44.18769716088328,2.3977975818811377,0.0,0.0,0.0,0.0365428164381841,0.218581009129589,0.249633066616164,0.0413858875889433,0.9011280123055888,0.0,7.328717291333375,0.0206529614453629,0.0213401265120515,-1.070234006925129,266811000.0,441940000.0,67046000.0,870541000.0,246065000.0,64343000.0,99855500.0,83.60526222836218,37.69932024429799,63.017701252544775,1.0764872640931502,2.387310949289928,1.4281701523723167,0.0261822278301164,0.1496423908724527,2004-07-27,0.25,bmo,254797000.0,2025-04-25,2004-06-30,0.0,24.138688524590165,349613.11475409835
2004-03-31,STE,USD,1757898,2004-03-31,2004-03-31 00:00:00,2004,Q4,296057000.0,170440000.0,125617000.0,0.4243000503,6728000,0.0,0.0,74907000.0,0.0,81635000.0,252075000.0,0.0,840000.0,12195000.0,56177000.0,0.1897506223,43982000.0,0.1485592301,-840000.0,43142000.0,0.1457219387,12833000.0,30309000.0,0.1023755561,0.44,0.44,68704859,69469231,,,4.309112984279612,0.4411478378843627,0.8068424971223651,0.5284051307055299,1.1703393496521113,9.907581645717372,6.545475917503884,9.907581645717372,1.6589656344393342,1772585362.2,1805316362.2,14.62094891121449,5.987311099551776,31.976501104015583,48.82617238320847,2.604066352675705,2.604066352675705,6.097867512674925,32.13621877636756,32.56695100840639,49.727753476200974,0.0170987534063706,0.0204808190195941,0.1662100282209904,0.105756162309195,0.5826405824447728,2.429674207574516,52.35952380952381,1.8289616945461744,0.0,0.0,0.0,0.0227253535636718,0.2159196492835176,0.3450950680088032,0.0646159354448636,1.5686756867568676,0.0,9.916699803240888,0.0349762844819478,0.0361330302080191,-0.9897516855394464,272250000.0,449706000.0,73567000.0,877345000.0,236964500.0,60436500.0,105980000.0,77.65170220599413,35.90072752874912,51.8798990847219,1.1590215982805936,2.506912984644349,1.734775926472534,0.0445262884182289,0.2784373664168352,2004-04-23,0.43,bmo,296057000.0,2025-04-25,2004-03-31,0.0,22.02390625,328571.875
2003-12-31,STE,USD,1757898,2003-12-31,2003-12-30 19:00:00,2004,Q3,274286000.0,159189000.0,115097000.0,0.4196240421,7648000,0.0,0.0,69623000.0,0.0,77271000.0,236460000.0,0.0,0.0,12583000.0,50409000.0,0.1837826211,37826000.0,0.137907148,-448000.0,37378000.0,0.1362738164,10285000.0,27093000.0,0.0987764596,0.39,0.38,69469231,71297368,,,3.9483091442310623,0.3899999987044624,0.5430749622088087,0.2883722723229799,0.5592691820642148,9.218872740940515,5.918058888545923,9.218872740940515,1.6353858876025271,1570004620.6,1644761620.6,14.487179535304325,5.7239692168029,41.61488113552628,78.37091901362753,2.451492783888275,2.451492783888275,5.996520495395318,32.62833265091552,43.5964063031781,82.10261172066092,0.0172566371108169,0.0127598350585389,0.1773954293066511,0.1138650825707015,1.4830089864905076,2.377560882482788,0.0,1.392499907725243,0.0,0.0,0.0,0.0278833042882247,0.2298218693842451,0.4690009807299812,0.0645093078028043,1.4061829452435826,0.0,8.99419857647287,0.0329011282191441,0.0352568690578127,-1.4070473876413,230904000.0,411123000.0,41199000.0,828241000.0,214576000.0,55071000.0,116709000.0,71.69261282019498,29.89936490586661,64.28829881461658,1.255359463962067,3.010097381109956,1.3999437169666962,0.0423045213513462,0.2547026898858287,2004-01-22,0.35,bmo,250775771.0,2025-04-25,2003-12-31,0.0857142857142858,22.17625,415214.0625
2003-09-30,STE,USD,1757898,2003-09-30,2003-09-30 00:00:00,2004,Q2,257389000.0,146775000.0,110614000.0,0.4297541853,6411000,0.0,0.0,71879000.0,0.0,78290000.0,225065000.0,0.0,499000.0,12222000.0,44546000.0,0.1730687792,32324000.0,0.1255842324,-499000.0,31825000.0,0.1236455326,11456000.0,20369000.0,0.0791370261,0.29,0.29,70237931,70237931,,,3.66452992472116,0.2900000001423732,0.2853159213929578,0.007958662677578,0.1756600717637881,8.615729298746,5.408445188967767,8.615729298746,1.4869173751715437,1616877171.62,1708478171.62,19.84482757646424,6.281842548127542,80.68249359381238,2892.4457452951697,2.671857390337288,2.671857390337288,6.637727997777683,38.35312197773088,85.2534017774451,3056.3115771377456,0.012597741100885,0.0003457281788695,0.1717571316910985,0.1083771527836429,2.056323800116733,2.1258592301758186,64.77755511022045,0.9838480043202906,0.0,0.0,0.0,0.0249078243436976,0.2348920649518429,0.9721057884231536,0.0756869951707338,1.5939289805269188,0.0,7.497841936311891,0.0262621491709411,0.0277591526569416,-1.7613203896908638,195564000.0,379878000.0,15368000.0,780337000.0,212350000.0,59515000.0,118706000.0,73.66049054155383,35.1090444557997,73.40235053653552,1.2218218930978828,2.563442024555949,1.2261187733382342,0.0336593676619554,0.2773572587153798,2003-10-23,0.29,bmo,257389000.0,2025-04-25,2003-09-30,0.0,23.55532258064516,522301.6129032258
2003-06-30,STE,USD,1757898,2003-12-31,2003-06-30 00:00:00,2004,Q1,259280000.0,152709000.0,106571000.0,0.4110266893,7667000,0.0,0.0,72680000.0,0.0,80347000.0,233056000.0,0.0,448000.0,11683000.0,37907000.0,0.1462010182,26224000.0,0.101141623,-485000.0,25739000.0,0.0992710583,9267000.0,16472000.0,0.0635297748,0.24,0.23,68633333,71617391,,,3.777756210673901,0.2400000011656143,0.1376590584636185,-0.0263283148437509,0.275318116927237,8.451593047360822,5.200111729966546,8.451593047360822,1.714589614932441,1584743658.97,1683077658.97,24.05208321651894,6.112093717101203,167.73324078852667,-877.0025782899834,2.732029319278489,2.732029319278489,6.491351662179883,44.40018094204237,178.1411578080017,-931.420951283896,0.0103941100548122,-0.0011402475029775,0.2020994343698335,0.1218095519137493,2.5940855251009047,2.002293044783059,58.535714285714285,0.5735794074793589,0.0,0.0,0.0,0.0295703486578216,0.2318776729938778,1.1912574089754446,0.0434086701635297,0.9633655739108106,0.0,6.755634883369782,0.0216516411378517,0.0222822234607247,-2.099045663424214,189702000.0,356901000.0,-3373000.0,768091000.0,212863500.0,67371000.0,103920000.0,74.2965134217834,36.40630218258256,69.37017464589513,1.2113623621752942,2.4720994609295324,1.2973875366382055,0.0283970134175543,0.1639873733073694,2003-07-24,0.21,bmo,234586666.0,2025-04-25,2003-06-30,0.0952380952380953,24.85967741935484,396738.7096774193
2003-03-31,STE,USD,1757898,2003-03-31,2003-03-31 00:00:00,2003,Q4,273692000.0,157024000.0,116668000.0,0.4262747906,7985000,0.0,0.0,66719000.0,0.0,74704000.0,231728000.0,0.0,231000.0,11961000.0,53925000.0,0.1970280461,41964000.0,0.1533256361,-231000.0,41733000.0,0.1524816217,15023000.0,26710000.0,0.0975914532,0.39,0.39,69290323,69290323,,,3.94993107479092,0.3854795134957012,0.7461359358939631,0.553121970581664,0.3743812826503926,8.21947387949108,5.442520451232419,8.21947387949108,0.893256046735415,1812634849.68,1848356849.68,16.96588215724448,6.622900375896994,35.06063539032882,47.29517428586338,3.182685459378786,3.182685459378786,6.753419353433787,34.276436711729254,35.75158316595745,48.2272308532067,0.014735455408857,0.0211438062148954,0.1082699769985777,0.0688978225503691,0.662438572090867,1.855169562054111,181.66233766233765,1.935604642456009,0.0,0.0,0.0,0.0291751311693436,0.2149918658490802,0.2586847195357833,0.0488651476842582,1.1181339352896915,0.0,8.44333304008429,0.0380476623756416,0.0380172394160916,-1.3809756666886948,163381000.0,377114000.0,28970000.0,701418000.0,196453500.0,55585500.0,88315500.0,69.6104745480321,41.822969737110256,51.661847870389245,1.2929088701715268,2.151927530869273,1.7420979641648635,0.0468983196670939,0.193013965312299,2003-04-24,0.37,bmo,266294918.0,2025-04-25,2003-03-31,0.027027027027027,21.9934375,638700.0
2002-12-31,STE,USD,1757898,2002-12-31,2002-12-30 19:00:00,2003,Q3,244312000.0,140369000.0,103943000.0,0.4254518812,6811000,0.0,0.0,63103000.0,0.0,69914000.0,210283000.0,0.0,0.0,10986000.0,45015000.0,0.1842521039,34029000.0,0.1392850126,-466000.0,33563000.0,0.1373776155,12083000.0,21480000.0,0.0879203641,0.31,0.3,69290323,71600000,,,3.5259180419753564,0.3099999981238361,0.2968668510897257,0.08283985052285,0.1555051201016915,7.78514194543443,4.985645686772163,7.78514194543443,1.265429228840512,1680290332.75,1757197332.75,19.55645173126164,6.877641428787779,81.6864527345649,292.7335074477352,3.114907880930974,3.114907880930974,7.192431533244376,39.03581767744085,85.42524709528439,306.1319395034843,0.0127835050772715,0.0034160763102206,0.1625441434093079,0.1036348185191007,1.7084749527935132,2.070723904371804,0.0,0.9575904287509892,0.0,0.0,0.0,0.0278782867808376,0.2292702587383741,0.7209528439474964,0.0607010707619764,1.3498998725650828,0.0,7.368945972170349,0.0311804958029086,0.032940288825605,-1.6841312747236004,159979000.0,345457000.0,2759000.0,693641000.0,179193000.0,43699000.0,84589500.0,66.75807983234552,24.493869729071235,55.45839893423762,1.3481514181657654,3.6743887754567823,1.6228380503144657,0.0398194407111144,0.2140270005668757,2003-01-23,0.28,bmo,226861142.0,2025-04-25,2002-12-31,0.0714285714285712,23.10984375,434504.6875
2002-09-30,STE,USD,1757898,2002-09-30,2002-09-30 00:00:00,2003,Q2,232732000.0,136337000.0,96395000.0,0.4141888524,5757000,0.0,0.0,61457000.0,0.0,67214000.0,203551000.0,0.0,413000.0,12317000.0,41498000.0,0.1783080969,29181000.0,0.1253845625,-413000.0,28768000.0,0.1236099892,10357000.0,18411000.0,0.0791081587,0.27,0.26,68188889,70811538,,,3.4130487153119624,0.2699999995600456,0.6508538363192866,0.3580495350202875,0.2340410620269821,7.527370038247727,4.6881391483002455,7.527370038247727,1.5016376055049083,1698585224.99,1784608224.99,23.064814852398023,7.29846013865734,38.2728019871116,69.57137927462625,3.30925673554355,3.30925673554355,7.668082708823883,43.0046803457998,40.211086388094,73.0947460573418,0.0108390204560435,0.0143737268173539,0.1986857152876678,0.1210375460646953,2.0729432743746687,1.9359420711094824,70.65617433414043,2.4105697680734344,0.0,0.0,0.0,0.024736606912672,0.2297793048607525,0.4498771997025754,0.0857896636474571,1.6210116099699603,0.0,6.762305295373886,0.0272248766843218,0.028369963680406,-2.040024438585588,148125000.0,319679000.0,-22894000.0,681216000.0,179456000.0,46236000.0,84018500.0,68.51202241204476,32.47570358743408,54.58144157492097,1.3136380569635258,2.771302544922352,1.6489121101072772,0.0358691014508565,0.292804301298999,2002-10-24,0.24,bmo,213337666.0,2025-04-25,2002-09-30,0.0833333333333334,23.22873015873016,705600.0
2002-06-30,STE,USD,1757898,2002-12-31,2002-06-30 00:00:00,2003,Q1,221351000.0,129537000.0,91814000.0,0.414789181,4972000,0.0,0.0,66249000.0,0.0,71221000.0,200758000.0,0.0,466000.0,11251000.0,31844000.0,0.143862011,20593000.0,0.0930332368,-540000.0,20053000.0,0.0905936725,7219000.0,12834000.0,0.0579803118,0.18,0.18,71300000,71300000,,,3.104502103786816,0.18,0.2333800841514726,0.0872089761570827,0.1440673211781206,6.883239831697055,4.16875175315568,6.883239831697055,1.501907433380084,1358265000.0,1454613000.0,26.458333333333336,6.136249666818763,81.62650240384616,218.44081698295275,2.767592073760889,2.767592073760889,6.5715221525992655,45.67934304735586,87.41664663461539,233.93583145706012,0.0094488188976377,0.0045778990108704,0.2172482298405583,0.1276864819032974,3.025624921492275,1.8117891358723863,44.19098712446352,1.296556023063737,0.0,0.0,0.0,0.0224620625160943,0.2317841377509838,0.6263221153846154,0.0470835912193755,0.9263176606523864,0.0,5.279878911336231,0.0197395767309961,0.020007139839525,-2.173639551192146,137608000.0,297232000.0,-37119000.0,662313000.0,189188500.0,50005000.0,81638000.0,73.89684257130078,30.06739387202112,59.3024386854721,1.2179140118627094,2.993275718643128,1.5176441643039575,0.0261504762875044,0.1461711079943899,2002-07-23,0.14,bmo,158107857.0,2025-04-25,2002-06-30,0.2857142857142855,24.551803278688524,450288.524590164
2002-03-31,STE,USD,1757898,2002-03-31,2002-03-31 00:00:00,2002,Q4,244593000.0,144124000.0,100469000.0,0.4107599155,5478000,0.0,0.0,64740000.0,0.0,70218000.0,214342000.0,0.0,732000.0,11527000.0,41778000.0,0.1708061964,30251000.0,0.1236789279,-732000.0,29519000.0,0.1206862012,10922000.0,18597000.0,0.0760324294,0.27,0.27,68795336,70015000,,,3.555371835090681,0.2703235579807329,0.73504982954077,0.3685860332159726,0.1805936379175472,7.081075961312261,4.307312344546148,7.081075961312261,1.7097525332240546,1455709309.76,1560176309.76,19.569141659407432,5.951557525194915,28.787164012023418,57.408577898016325,2.9882464353734512,2.9882464353734512,6.378662961572899,37.34444707166451,30.85303570953963,61.52842646054344,0.0127752154055166,0.0174189996793937,0.2399511439099241,0.1388960184036541,2.5005265929436544,1.8614073246722709,41.32650273224044,2.7191482497176964,0.0,0.0,0.0,0.0223963891035311,0.2267447110882966,0.4985563993039076,0.1030732686544586,2.1871258783725165,0.0,6.562704250867915,0.0283129593224551,0.0285777948520937,-2.2613269887947056,146534000.0,296323000.0,-37783000.0,665685000.0,187825000.0,48672500.0,81484000.0,72.35198881407072,35.428242346867975,48.65934889400794,1.2439188123947902,2.5403461768956888,1.849593182926516,0.0381754918966632,0.3664637963247973,2002-04-25,0.23,bmo,212689565.0,2025-04-25,2002-03-31,0.1304347826086956,24.829375,464085.9375
2001-12-31,STE,USD,1757898,2001-12-31,2001-12-30 19:00:00,2002,Q3,218637000.0,129792000.0,88845000.0,0.4063584846,4958000,0.0,0.0,60377000.0,0.0,65335000.0,195127000.0,0.0,0.0,11625000.0,35135000.0,0.160700156,23510000.0,0.1075298326,-1283000.0,22227000.0,0.1016616584,8224000.0,14003000.0,0.064046799,0.2,0.2,70015000,70015000,,,3.122716560736985,0.2,0.6457616225094622,0.4188959508676712,0.2455616653574234,6.582346640005713,3.843162179532958,6.582346640005713,2.107234164107691,1279174050.0,1409519050.0,22.8375,5.85067509159017,28.29217371110079,43.61464932319547,2.775605874196887,2.775605874196887,6.4468459135461975,40.11723495090366,31.175083493685445,48.05888540352552,0.0109469074986316,0.0229280761284986,0.3201341830435509,0.180004953436477,3.709833499359613,2.062871539188912,0.0,3.228808112547312,0.0,0.0,0.0,0.0226768570735968,0.2339876505704382,0.3513148873111715,0.0726501003947181,1.3663655913978494,0.0,5.442477366055435,0.022104191704373,0.0223031333967243,-2.353634935370992,160737000.0,269079000.0,-46804000.0,666347000.0,180709500.0,41069000.0,86488500.0,73.69159840283208,28.16036427514793,58.97235576923077,1.22130611834498,3.195981384353993,1.5261387954753898,0.0303843007574919,0.226865671641791,2002-01-24,0.2,bmo,218637000.0,2025-04-25,2001-12-31,0.0,20.84421875,453071.875
2001-09-30,STE,USD,1757898,2001-09-30,2001-09-30 00:00:00,2002,Q2,206393000.0,121719000.0,84674000.0,0.4102561618,4978000,0.0,0.0,62963000.0,0.0,67941000.0,189660000.0,0.0,2099000.0,11848000.0,28581000.0,0.1384785337,16733000.0,0.081073486,-2099000.0,14634000.0,0.0709035675,5415000.0,9219000.0,0.0446672126,0.13,0.13,70915385,70915385,,,2.9104121764268784,0.1299999992949344,0.2598025802158445,0.064710922742646,0.154296560612341,6.270458801006298,3.644470096298567,6.270458801006298,2.3924145656122437,1285695930.05,1442313930.05,34.86538480447987,6.229358214910389,69.78375651595744,280.1690847788189,2.89133547884733,2.89133547884733,6.988192090090265,50.46408208425177,78.2845163943769,314.2980889191545,0.0071704357029748,0.0035692731794068,0.3768170696603339,0.2052349864654655,5.479794268919912,2.173490790029281,7.971891376846117,1.9984813971146544,0.0,0.0,0.0,0.0241190350447931,0.2280942640520314,0.7509227095093356,0.0670323121423691,1.167707629979743,0.0,4.282650101685755,0.0156578134635972,0.014628526817379,-2.5389483537317044,169526000.0,258449000.0,-57769000.0,670104000.0,180507500.0,43533000.0,89203500.0,79.53758121641722,30.705395213565676,65.01688314889212,1.1315405701754386,2.9310809834565466,1.3842558369630733,0.0207321351468048,0.1950916574731985,2001-10-18,0.12,bmo,189193583.0,2025-04-25,2001-09-30,0.0833333333333334,21.02015625,357060.9375
2001-06-30,STE,USD,1757898,2001-12-31,2001-06-30 00:00:00,2002,Q1,197074000.0,115861000.0,81213000.0,0.4120939343,6292000,0.0,0.0,64802000.0,0.0,71094000.0,186955000.0,0.0,1283000.0,11884000.0,22003000.0,0.1116484163,10119000.0,0.0513461948,-3162000.0,6957000.0,0.0353014604,2574000.0,4383000.0,0.0222403767,0.06,0.06,73050000,73050000,,,2.6977960301163586,0.06,0.3808076659822039,0.2336755646817248,0.0986858316221765,5.888254620123203,3.334387405886379,5.888254620123203,2.3649281314168378,1464652500.0,1628918500.0,83.54166666666667,7.431992551021444,52.65125098856856,85.80272407732865,3.405083729137461,3.405083729137461,8.265517013913556,74.03165477434895,58.55627651161119,95.42580550673696,0.0029925187032418,0.0116546416300112,0.3986520573677689,0.2114615293548928,7.465618324773894,2.056091938663014,7.886983632112237,6.346794433036733,0.0,0.0,0.0,0.0319270933760922,0.2300642246184505,0.3863685383564598,0.0545378893207627,0.9044092898014136,0.0,2.819422589319722,0.0096227647698614,0.0070201683687198,-2.6606262833675567,158060000.0,243577000.0,-73042000.0,658914000.0,189960000.0,47016500.0,86357500.0,81.57012086830328,35.37437101354209,70.28111271264704,1.1033451837751589,2.5442148488109093,1.2805716433087229,0.0101897767455485,0.1471321013004791,2001-07-19,0.05,bmo,195103260.0,2025-04-25,2001-06-30,0.6,19.105,238160.0
2001-03-31,STE,USD,1757898,2001-03-31,2001-03-31 00:00:00,2001,Q4,218631000.0,131939000.0,86692000.0,0.3965219937,6923000,0.0,0.0,85845000.0,-33968000.0,58800000.0,190739000.0,0.0,50844000.0,12603000.0,40495000.0,0.1852207601,-18679000.0,-0.0854361916,-4273000.0,-22952000.0,-0.104980538,-6326000.0,-16626000.0,-0.0760459404,-0.24,-0.24,69273333,69273333,,,3.15606295426842,-0.2400057753825703,0.4876046602232926,0.2900105874796005,0.3567029177013902,6.1262246469359285,3.413434719533417,6.1262246469359285,3.723395263802306,976753995.3,1159131995.3,-14.687146567123785,4.46759149114261,28.916868828823493,48.61891464907914,2.301580632870231,2.301580632870231,5.301773286039033,28.624076930485245,34.316181991236895,57.69696342956695,-0.0170216861973454,0.0205681267716028,0.4879731563866686,0.245080356931525,4.50371650821089,2.206433829490547,-0.3673786484147588,-2.0316371947552025,0.0,0.0,0.0,0.0316652258828802,0.2224005301900636,0.4052341760909467,0.0626077729141796,1.0860906133460286,0.0,,-0.0195514229012376,-0.0253037792821312,-2.941792190076952,186014000.0,236460000.0,-80397000.0,688080000.0,202616500.0,46406500.0,81218500.0,82.86770860490964,33.07937759115955,56.09796951621583,1.0860684036660788,2.720728337526292,1.604336142219628,-0.0391767832906047,0.197594072743692,2001-04-26,0.16,bmo,204966562.0,2025-04-25,2001-03-31,0.0625,20.1246875,395665.625
2000-12-31,STE,USD,1757898,2000-12-31,2000-12-30 19:00:00,2001,Q3,204465000.0,102189000.0,102276000.0,0.5002127503,5752000,0.0,0.0,63447000.0,11769000.0,80968000.0,183157000.0,0.0,0.0,11769000.0,33077000.0,0.1617734087,21308000.0,0.1042134351,-4682000.0,16626000.0,0.0813146504,6235000.0,10391000.0,0.0508204338,0.15,0.15,69273333,69273333,,,2.951568679393555,0.1500000007217784,0.4650563009578303,0.3057742291683872,0.3103647402096273,6.3589404598159005,3.47806276334358,6.3589404598159005,3.1888172610375194,1134697194.54,1334097194.54,27.29999986863632,5.549591345902722,35.22154192140551,53.5689356311963,2.575900828685259,2.575900828685259,6.524819380040594,40.33307719986698,41.411012991681154,62.98258873288641,0.0091575092015737,0.0186675353582654,0.5014699038603421,0.2556136057255596,6.028358073585875,2.4036608929443237,0.0,3.100375324800308,0.0,0.0,0.0,0.0281319541241777,0.2309293620074173,0.3425006208095356,0.0539652263223534,0.937547795054805,0.0,4.632647639865129,0.0185098108850448,0.0156343332425555,-3.0191271437740697,204133000.0,240937000.0,-74128000.0,716062000.0,203788000.0,40826000.0,82929500.0,89.76362702663047,39.03267474972845,70.63206411649004,1.0026332823349418,2.305760509036756,1.2742088331379835,0.0235888355410267,0.1592820717894431,2001-01-25,0.14,bmo,189860357.0,2025-04-25,2000-12-31,0.0714285714285712,20.50677966101695,273700.0
2000-09-30,STE,USD,1757898,2000-09-30,2000-09-30 00:00:00,2001,Q2,193178000.0,96856000.0,96322000.0,0.498617855,5479000,0.0,0.0,63717000.0,11187000.0,80383000.0,177239000.0,0.0,5191000.0,11187000.0,27126000.0,0.1404197165,15939000.0,0.0825093955,-5191000.0,10748000.0,0.0556378055,4024000.0,6724000.0,0.0348072762,0.1,0.1,67240000,67240000,,,2.87296252230815,0.1,0.2504759071980963,0.0944378346222486,0.4319898869720404,6.33838488994646,3.3478881618084477,6.33838488994646,3.89040749553837,806880000.0,1034233000.0,30.0,4.176873142904472,47.90879942999644,127.06771653543306,1.893226777539753,1.893226777539753,5.353782521819255,38.12699992627,61.40796817480109,162.87133858267717,0.0083333333333333,0.007869819551854,0.6016053759681647,0.291978782571463,8.381368428813685,2.6047672441856258,3.070506646118281,2.504759071980964,0.0,0.0,0.0,0.0283624429282837,0.2289835630977081,0.6229663935399596,0.0543126028843864,0.937874318405292,0.0,3.776422381352427,0.0134639025456644,0.0099310996728526,-3.381015764425937,221835000.0,225112000.0,-91883000.0,734495000.0,199666000.0,34979000.0,89669500.0,94.87788464524948,34.69036507805402,79.59744362765342,0.9485877592708988,2.5943803069670266,1.1306895786880844,0.0157768898128312,0.1560380725758477,2000-10-19,0.25,bmo,278176320.0,2025-04-25,2000-09-30,-0.6,16.871904761904762,200228.57142857145
2000-06-30,STE,USD,1757898,2000-12-31,2000-06-30 00:00:00,2001,Q1,183813000.0,94592000.0,89221000.0,0.4853900431,5821000,0.0,0.0,66782000.0,11769000.0,83615000.0,178207000.0,0.0,4682000.0,11012000.0,16618000.0,0.0904070985,5606000.0,0.0304983869,-4271000.0,1335000.0,0.007262816,507000.0,828000.0,0.004504578,0.01,0.01,82800000,82800000,,,2.219963768115942,0.01,0.2355434782608695,0.0446859903381642,0.3122342995169082,5.091243961352657,2.642814009661836,5.091243961352657,3.1666425120772947,735264000.0000001,966927000.0,222.00000000000003,4.0000652837394535,37.70004614674666,198.72000000000003,1.744170985992338,1.744170985992338,5.260384194806679,58.18552172343243,49.578372558068,261.33162162162165,0.0011261261261261,0.0050322061191626,0.6108716537581098,0.2952295023141115,13.940486219761704,2.576731968917588,1.197351559162751,23.55434782608696,0.0,0.0,0.0,0.03166805394613,0.2324200321694179,0.8102855970876276,0.0859732445474476,1.4350708318198329,0.0,1.0702943012575317,0.0047176321002755,0.0012366939645451,-2.792838164251208,216099000.0,218825000.0,-97548000.0,729854000.0,201014000.0,41999500.0,100703000.0,95.81237453281324,31.041208558863328,89.13037043301759,0.9393358680321334,2.8993716475095788,1.009756826576144,0.0019641565157571,0.1908574879227053,2000-07-26,0.00304,bmo,496295100.0,2025-04-25,2000-06-30,2.289473684210526,16.205645161290324,331883.87096774194
2000-03-31,STE,USD,1757898,2000-03-31,2000-03-31 00:00:00,2000,Q4,190126000.0,124829000.0,65297000.0,0.3434406657,6469000,0.0,0.0,84250000.0,9572000.0,100291000.0,225120000.0,0.0,3994000.0,9572000.0,-25422000.0,-0.1337113283,-34994000.0,-0.1840568886,-3994000.0,-38988000.0,-0.2050640102,-14773000.0,-24215000.0,-0.1273629067,-0.36,-0.36,68125000,68125000,,,2.790840366972477,-0.3554495412844036,0.4859743119266055,0.0847853211009174,0.520748623853211,6.181196330275229,3.181724770642202,6.181196330275229,4.029504587155963,698281250.0,933321250.0,-7.209180776378278,3.672728874535834,21.09164980215664,120.8935682132964,1.65825504519181,1.65825504519181,4.908961688564426,-36.713132326331525,28.191054761832845,161.58608898891967,-0.0346780040277467,0.0082717386439919,0.6424123829833719,0.2993844444395257,-9.245535363071356,2.4959205141691574,-8.761642463695543,-1.3672104067726616,0.0,0.0,0.0,0.0340248046032631,0.2261452852782395,0.8255353852659558,0.1437520381220874,2.855307145842039,0.0,,-0.0289989597845274,-0.0346307035545989,-3.4991853211009176,233217000.0,216755000.0,-93361000.0,742561000.0,215372000.0,50037000.0,118964000.0,97.67711938398746,37.03995065249261,77.6704131251552,0.921403093862676,2.4298088527270605,1.1587423882370411,-0.0575049751361928,0.4011889908256881,2000-04-26,0.12,bmo,327967350.0,2025-04-25,2000-03-31,-3.962083333333333,15.010793650793651,321473.01587301586
1999-12-31,STE,USD,1757898,1999-12-31,1999-12-30 19:00:00,2000,Q3,195100000.0,97900000.0,97200000.0,0.4982060482,5800000,0.0,0.0,61100000.0,10100000.0,77000000.0,174900000.0,0.0,0.0,10100000.0,30300000.0,0.1553049718,20200000.0,0.1035366479,-2600000.0,17600000.0,0.0902101486,6700000.0,10900000.0,0.0558687852,0.16,0.16,68125000,68125000,,,2.8638532110091743,0.16,0.196697247706422,-0.0425688073394495,0.4198165137614679,6.624587155963303,3.605137614678899,6.624587155963303,3.92954128440367,698281250.0,937381250.0,16.015625,3.579094054331112,52.11054104477612,-240.78663793103448,1.5472662308885443,1.5472662308885443,4.804619425935417,30.93667491749175,69.95382462686567,-323.23491379310343,0.0156097560975609,-0.0041530543745804,0.5931752714380678,0.2910098923796065,7.891089108910891,2.8045062955599733,0.0,1.2181818181818185,0.0,0.0,0.0,0.0297283444387493,0.2236112620937058,1.2164179104477613,0.0835468990261404,1.613861386138614,0.0,4.883494011613805,0.0162301858753597,0.0152618314197703,-3.0326605504587154,272300000.0,245600000.0,-45400000.0,765500000.0,221900000.0,44200000.0,127400000.0,103.5161455663762,44.770173646578144,119.6935648621042,0.8694295900178253,2.010266940451745,0.7519201228878648,0.0241524484821626,0.2392660550458715,2000-01-26,0.16,bmo,195100000.0,2025-04-25,1999-12-31,0.0,9.93,248053.96825396825
1999-09-30,STE,USD,1757898,1999-09-30,1999-09-30 00:00:00,2000,Q2,198600000.0,97900000.0,100700000.0,0.5070493454,5700000,0.0,0.0,58600000.0,10100000.0,74400000.0,172300000.0,0.0,3100000.0,10100000.0,36400000.0,0.1832829809,26300000.0,0.1324269889,-3100000.0,23200000.0,0.1168177241,8800000.0,14400000.0,0.0725075529,0.21,0.21,68571429,68571429,,,2.8962499818984377,0.2099999986875,0.43166666396875,0.15166666571875,0.4710416637226562,6.432708293128907,3.41833331196875,6.432708293128907,3.957916641929688,942857148.75,1178857148.75,16.369047721354168,4.747518372356495,31.853282052364865,90.65934122596154,2.137513372817955,2.137513372817955,5.935836599949647,32.38618540521978,39.82625502533784,113.35164891826923,0.0152727271772727,0.0110303029613636,0.6082520970301519,0.2963331124364922,6.483516483516484,2.838577291381669,8.483870967741936,2.055555555555556,0.0,0.0,0.0,0.0287009063444108,0.2282968853545394,0.6486486486486487,0.0966767371601208,1.900990099009901,0.0,5.513124930116147,0.0214509039829625,0.0206097037355088,-2.9917708146347657,268800000.0,234400000.0,-49300000.0,755800000.0,215100000.0,36250000.0,123300000.0,99.4259818731118,36.49642492339122,114.54545454545456,0.9051959890610756,2.465994962216625,0.7857142857142857,0.0326456585808206,0.27999999825,1999-10-27,0.21,bmo,189142857.0,2025-04-25,1999-09-30,0.0476190476190476,9.302857142857144,282331.74603174604
1999-06-30,STE,USD,1757898,1999-12-31,1999-06-30 00:00:00,2000,Q1,176800000.0,84900000.0,91900000.0,0.5197963801,6200000,0.0,0.0,57700000.0,10100000.0,73800000.0,158700000.0,0.0,2600000.0,9900000.0,28013000.0,0.1584445701,18100000.0,0.1023755656,-3113000.0,15000000.0,0.084841629,5700000.0,9300000.0,0.05260181,0.14,0.14,66428571,66428571,,,2.6615053935150885,0.1400000009032258,-0.0752688176899063,-0.2905376362830385,0.2649462382684703,6.375268858335068,3.266666687741936,6.375268858335068,3.9335484124745057,1287385705.98,1528485705.98,34.607142633870964,7.281593359615385,-257.477141196,-66.7039225896373,3.0398717968831166,3.0398717968831166,8.645281142420815,54.56344218684183,-305.697141196,-79.19615056891192,0.0072239422550684,-0.0149916220992279,0.6108618654073199,0.2987987987987988,8.60671830935637,2.888392857142857,6.961538461538462,-0.5376344086021505,0.0,0.0,0.0,0.0350678733031674,0.2385077385077385,-2.86,0.0808823529411764,1.4444444444444444,0.0,4.481305282316457,0.0152971646673936,0.0141058698619748,-3.0950537834089493,253800000.0,217000000.0,-54100000.0,728300000.0,220550000.0,40100000.0,110650000.0,107.3076923076923,34.77031802120141,129.3286219081272,0.8387096774193549,2.588414634146341,0.6959016393442623,0.0219598583234946,0.2152688185931321,1999-07-29,0.23,bmo,245982608.0,2025-04-25,1999-06-30,-0.3913043478260869,10.330793650793652,457017.4603174603
1999-03-31,STE,USD,1757898,1999-03-31,1999-03-31 00:00:00,1999,Q4,226900000.0,115300000.0,111600000.0,0.4918466285,6500000,0.0,0.0,57400000.0,10400000.0,74300000.0,189600000.0,0.0,1200000.0,10400000.0,47700000.0,0.2102247686,37300000.0,0.1643895989,-2100000.0,35200000.0,0.1551344204,6400000.0,28800000.0,0.1269281622,0.43,0.43,67647059,67647059,,,3.3541739042934595,0.4257391293241588,0.3828695642186011,-0.603130433209225,0.3503478251730056,6.443739113625028,3.3645217303534216,6.443739113625028,3.324608686979281,1801441181.17,2001441181.17,15.637510253211804,7.939361750418686,69.55371355868726,-44.15297012671568,4.132693693897683,4.132693693897683,8.820807321154692,41.95893461572327,77.27572128069498,-49.05493091102941,0.0159871997493112,-0.0226485329781909,0.513191098875889,0.2583140877598152,4.19287211740042,2.5041374920432844,31.08333333333333,0.8993055555555556,0.0,0.0,0.0,0.0286469810489202,0.2405311778290993,2.5752895752895757,0.2939620978404583,6.413461538461538,0.0,7.856552507054337,0.0429168637578143,0.0437889615326136,-2.720369558120775,236300000.0,227600000.0,-36700000.0,705900000.0,219500000.0,41550000.0,106300000.0,91.3486117232261,36.99913269731137,77.51084128360799,0.9852366478506296,2.432489451476793,1.161127895266868,0.0660701995870612,0.985999997427826,1999-04-28,0.36,bmo,189083333.0,2025-04-25,1999-03-31,0.1666666666666666,12.59515625,451878.125
1998-12-31,STE,USD,1757898,1998-12-31,1998-12-30 19:00:00,1999,Q3,205800000.0,101600000.0,104200000.0,0.5063168124,6200000,0.0,0.0,49800000.0,7700000.0,63700000.0,165300000.0,0.0,0.0,7700000.0,48200000.0,0.2342079689,40500000.0,0.1967930029,-2800000.0,37700000.0,0.1831875607,14700000.0,23000000.0,0.1117589893,0.34,0.33,67647059,69696970,,,3.042260861628885,0.3399999991130434,0.1744347821536483,-0.1286086953166729,0.2217391298563327,6.148086940483251,2.996434774791909,6.148086940483251,3.1619999917513044,1923882357.96,2122782357.96,20.911764760434785,9.348310777259476,163.04087779322035,-221.1359032137931,4.62582918480404,4.62582918480404,10.314783080466473,44.04112775850623,179.89680999661016,-243.99797217931035,0.0119549929364642,-0.004522106023793,0.5143063236354893,0.2508502404128064,4.126556016597511,2.179723502304148,0.0,0.5130434782608696,0.0,0.0,0.0,0.0301263362487852,0.2500293186349243,1.7372881355932204,0.0996112730806608,2.6623376623376624,0.0,6.8580511059631535,0.0362662891702202,0.035965598123534,-3.0840217310851608,204800000.0,202700000.0,-58400000.0,664300000.0,202650000.0,36600000.0,111950000.0,91.26822157434404,31.624015748031493,100.36417322834644,0.9861044561571634,2.84593837535014,0.8967343336275375,0.0553017552296225,0.3030434774703213,1999-01-26,0.31,bmo,192522580.0,2025-04-25,1998-12-31,0.0645161290322581,14.66375,488773.4375
1998-09-30,STE,USD,1757898,1998-09-30,1998-09-30 00:00:00,1999,Q2,191100000.0,93500000.0,97600000.0,0.5107273679,6100000,0.0,0.0,50700000.0,8100000.0,64900000.0,158400000.0,0.0,1545000.0,8055000.0,40800000.0,0.2135007849,32700000.0,0.1711145997,-1900000.0,30800000.0,0.1611721612,12000000.0,18800000.0,0.0983778127,0.27,0.27,69629630,69629630,,,2.7445212619972272,0.2699999985638298,0.1960085095956994,-0.0879079782558086,0.3604787214868153,5.675744650660933,2.6195744541512,5.675744650660933,2.9591568991534207,1967037047.5,2146437047.5,26.15740754654255,10.293234157509158,144.12639562573273,-321.35877266786474,4.977320464321863,4.977320464321863,11.23200966771324,52.60875116421569,157.27117874413833,-350.6677091161575,0.0095575220730559,-0.0031117868409135,0.5174595141700404,0.2478787878787878,4.397058823529412,2.116912599318956,21.16504854368932,0.7276992801919488,0.0,0.0,0.0,0.031920460491889,0.2579393939393939,1.4484906213364594,0.1034484563055991,2.454252017380509,0.0,5.87197995307887,0.0306601232868513,0.0307089186540346,-2.90034572925348,196800000.0,182400000.0,-56800000.0,634400000.0,192055500.0,35056500.0,108403000.0,92.59026687598116,36.096256684491976,106.45989304812836,0.9720244150559512,2.493333333333333,0.8453887884267631,0.0475708502024291,0.283916487851508,1998-10-27,0.27,bmo,191100000.0,2025-04-25,1998-09-30,0.0,19.52634920634921,798825.380952381
1998-06-30,STE,USD,1757898,1998-12-31,1998-06-30 00:00:00,1999,Q1,173775000.0,92461000.0,81314000.0,0.467926917,6029000,0.0,0.0,49531000.0,7700000.0,55560000.0,148021000.0,0.0,2600000.0,7145000.0,32899000.0,0.1893195224,25754000.0,0.1482031362,-2239000.0,23515000.0,0.1353186592,9170000.0,14345000.0,0.0825492735,0.11,0.11,136236000,141364000,,,1.275543909098917,0.1052952229953903,0.0965383599048709,0.0104304295487242,0.1601999471505329,2.7639830881705274,1.4900760445109955,2.7639830881705274,1.1572124842185618,4332304800.0,4465533800.0,75.50200069710701,24.930541217091065,329.4027372262774,3048.7718508092894,11.505135518411704,11.505135518411704,25.697216515609263,135.73463631113407,339.5326794403893,3142.5290640394087,0.0033111705344462,0.0003280009292051,0.4117709544978941,0.2083966705777835,4.049636767074987,2.142063186695738,9.905384615384616,0.9168351341930986,0.0,0.0,0.0,0.0346942885915695,0.2332584710624394,0.891955596107056,0.0675068335491296,1.6418474457662702,0.0,2.558958743619966,0.0269716374592215,0.0251454474382144,-1.1151072403769928,186998000.0,203002000.0,-16744000.0,570800000.0,195751500.0,34913000.0,98602000.0,97.11402675873975,31.74495192567677,103.37915445431048,0.926745630922986,2.835096433937387,0.8705816997156469,0.0380954657233756,0.0861079303561466,1998-07-28,0.2,bmo,165086250.0,2025-04-25,1998-06-30,0.0499999999999999,30.48639344262295,464963.9344262295
1998-03-31,STE,USD,1757898,1998-03-31,1998-03-31 00:00:00,1998,Q4,204500000.0,109011000.0,95489000.0,0.4669388753,5995000,0.0,0.0,54215000.0,0.0,60210000.0,169221000.0,0.0,2049000.0,7671000.0,42950000.0,0.2100244499,35279000.0,0.1725134474,-2049000.0,33230000.0,0.1624938875,12960000.0,20270000.0,0.0991198044,0.15,0.15,135616000,135616000,,,1.507934167059934,0.1494661396885323,0.0482538933459178,-0.0240384615384615,0.1266222274657857,2.6468263331760262,1.3639983482774891,2.6468263331760262,1.1586243511090135,3661632000.0,3799539000.0,45.16073014306857,17.905290953545233,559.5403422982886,-1123.2,10.200895941518644,10.200895941518644,18.57965281173594,88.4642374854482,580.6141503667482,-1165.5027607361965,0.0055357829514271,-0.0008903133903133,0.4320326951792997,0.2117625371249104,3.210873108265425,2.0296132127742346,17.217667154709613,0.3228416378885052,0.0,0.0,0.0,0.0293154034229828,0.2375611920936742,1.4981662591687042,0.0479413202933985,1.2780602268283143,0.0,2.9834955295810164,0.0380969663899459,0.0363031988723979,-1.1629011326097216,174678000.0,184980000.0,-29041000.0,553942000.0,199583500.0,40559500.0,91680000.0,89.77643031784842,30.723229765803453,75.12838153947767,1.0024902937370093,2.929379517910408,1.1979494054814392,0.056469945842341,0.0722923548843794,1998-04-29,0.28,bmo,197196428.0,2025-04-25,1998-03-31,0.0357142857142855,25.284375,874495.328125
1997-12-31,STE,USD,1757898,1997-12-31,1997-12-30 19:00:00,1998,Q3,186639000.0,102591000.0,84048000.0,0.4503238873,5989000,0.0,0.0,46099000.0,0.0,52088000.0,154679000.0,0.0,0.0,6402000.0,38362000.0,0.2055411784,31960000.0,0.1712396659,-2190000.0,29770000.0,0.1595057839,11600000.0,18170000.0,0.0973537149,0.14,0.13,135616000,140472000,,,1.3762314181217556,0.1339812411514865,0.0025734426616328,-0.1130250117980179,0.1289228409627182,2.4739632491741386,1.1480208824917413,2.4739632491741386,1.1451746106654082,3272414080.0,3411117080.0,45.02495982388552,17.533388412925486,9376.54464183381,-213.49256784968685,9.753580619297844,9.753580619297844,18.276550345854837,88.91916688389553,9773.974441260743,-222.54156315240084,0.00555247580404,-0.0046840038043107,0.4628907123206829,0.2117309273248561,3.615635264063396,1.736422183936336,0.0,0.0192541101180624,0.0,0.0,0.0,0.032088684572892,0.2451530135774243,44.919770773638966,0.0839963780346015,2.4377235266677038,0.0,2.730925667327673,0.0360851498485923,0.0328169080223523,-1.38583758553563,143620000.0,155690000.0,-59344000.0,527882000.0,186288500.0,41699000.0,89629000.0,94.11618150547312,38.5174138082288,81.02640582507237,0.9562648904829,2.336605475333668,1.1107490093328425,0.0541565203914053,0.1155984544596507,1998-01-28,0.25,bmo,179173440.0,2025-04-25,1997-12-31,0.04,29.23765625,758170.3125
1997-09-30,STE,USD,1757898,1997-09-30,1997-09-30 00:00:00,1998,Q2,173383000.0,95196000.0,78187000.0,0.4509496317,5974000,0.0,0.0,46573000.0,0.0,52547000.0,147743000.0,0.0,558000.0,5536000.0,31176000.0,0.179810016,25640000.0,0.1478807034,-500000.0,25082000.0,0.1446623948,9773000.0,15309000.0,0.0882958537,0.12,0.11,139824000,139824000,,,1.2400088682915666,0.1094876416065911,-0.0307171873212038,-0.0786417210207117,0.2628161116832589,2.321017851012701,1.0387773200595034,2.321017851012701,1.144917896784529,2874781440.0,2998495440.0,46.94593768371546,16.58052657988384,-669.3321164144353,-261.438835940342,8.858182624932981,8.858182624932981,17.294056741433703,96.17960739030023,-698.1363073341095,-272.689654419789,0.0053252743972077,-0.0038249864309684,0.491563287667856,0.2204809619238477,3.9682448036951503,1.7113127355860946,45.94982078853047,-0.2797498860157624,0.0,0.0,0.0,0.0344555117860459,0.2477893718471425,-1.560186263096624,0.0386485410911104,1.2168149627746505,0.0,2.3911842963830763,0.0293158266223459,0.0281279971778297,-1.3285880821604303,139078000.0,145246000.0,-64415000.0,517726000.0,166791500.0,37576500.0,84886000.0,92.08619068766836,37.3364427076768,82.15303163998487,0.9773452384978748,2.4105135217259197,1.095516479469711,0.047172253138346,0.0479245336995079,1997-10-27,0.22,bmo,173383000.0,2025-04-25,1997-09-30,0.0,29.588412698412696,509149.20634920633
1997-06-30,STE,USD,1757898,1997-12-31,1997-06-30 00:00:00,1998,Q1,155134000.0,88300000.0,66834000.0,0.4308146506,5956000,0.0,0.0,41143000.0,0.0,47099000.0,135399000.0,0.0,2190000.0,4593000.0,24328000.0,0.1568192659,19735000.0,0.1272126033,-462000.0,19273000.0,0.1242345327,7526000.0,11747000.0,0.0757216342,0.085,0.085,139824000,139824000,,,1.1094947934546286,0.0840127588968989,0.0671916123126215,0.0171358278979288,0.1820073807071747,2.188465499485067,1.3411216958462069,2.188465499485067,0.2720849067399016,2613310560.0,2624735560.0,55.6165523112284,16.845504918328672,278.1597189994678,1090.6972287145245,8.540230588235294,8.540230588235294,16.919150927585186,107.88949194343964,279.3757913783928,1095.465592654424,0.004495064681482,0.0009168447243407,0.1171699346405228,0.0665208380876047,0.4696234791187109,2.011376301410825,9.011415525114156,0.7997786668936749,0.0,0.0,0.0,0.0383926154163497,0.2198171020187796,0.7449707291112294,0.0451158353423492,1.5238406270411495,0.0,2.033919380937814,0.0306976338692217,0.0279351263941404,-0.3501991789678453,148822000.0,187521000.0,62981000.0,374546000.0,160190500.0,37480500.0,80838000.0,90.60741036781106,36.3475651189128,84.47157417893544,0.993296239619416,2.476094332744455,1.0654471740914138,0.0383888888888888,0.0500557844146927,1997-07-23,0.16,bmo,145438125.0,2025-04-25,1997-06-30,0.0625,27.07639344262295,705521.3114754099
1997-03-31,STE,USD,1757898,1997-03-31,1997-03-31 00:00:00,1997,Q4,170500000.0,93400000.0,77100000.0,0.4521994135,6400000,0.0,0.0,39300000.0,5600000.0,51300000.0,144700000.0,0.0,0.0,5600000.0,31400000.0,0.1841642229,25800000.0,0.1513196481,100000.0,25900000.0,0.1519061584,10000000.0,15900000.0,0.093255132,0.23,0.23,67968000,68370000,,,2.508533427495292,0.233933615819209,0.1353578154425612,0.0132415254237288,0.3030838041431262,4.3358639359698685,2.5791548964218456,4.3358639359698685,0.528189736346516,828529920.0,843829920.0,13.0272,4.859413020527859,90.0576,920.5888,2.811435086528673,2.811435086528673,4.949149090909091,26.87356433121019,91.72064347826088,937.5888,0.0191906165561287,0.0010862613144978,0.1218187987784187,0.0665430954587581,0.4872611464968153,1.890359168241966,0.0,0.5786163522012578,0.0,0.0,0.0,0.0375366568914956,0.2213160333642261,0.9021739130434784,0.0486803519061583,1.4821428571428572,0.0,4.7772217224485845,0.04159298854677,0.0378481313972863,-0.9070444915254238,141300000.0,175300000.0,55200000.0,363600000.0,156050000.0,37500000.0,83800000.0,86.67448680351906,37.86937901498929,75.93147751605996,1.03836784409257,2.376590330788804,1.1852791878172588,0.0539531727180183,0.1221162900188324,1997-04-30,0.2,bmo,144925000.0,2025-04-25,1997-03-31,0.15,21.41671875,718156.25
1996-12-31,STE,USD,1757898,1996-12-31,1996-12-30 19:00:00,1997,Q3,151000000.0,87500000.0,63500000.0,0.4205298013,5400000,0.0,0.0,32500000.0,3700000.0,41600000.0,129100000.0,0.0,0.0,3700000.0,25600000.0,0.1695364238,21900000.0,0.1450331126,400000.0,22300000.0,0.1476821192,8800000.0,13500000.0,0.0894039735,0.095,0.095,68370000,68370000,,,2.2085710106771974,0.1974550241333918,0.0409536346350738,-0.0409536346350738,0.5089951733216322,4.234313295304959,2.302179318414509,4.234313295304959,0.6508702647359953,1487047500.0,1496747500.0,27.537916666666668,9.847996688741722,531.0883928571428,-531.0883928571428,5.13660621761658,5.13660621761658,9.912235099337748,58.46669921875,534.5526785714286,-534.5526785714286,0.0090783919141789,-0.0018829257303482,0.153713298791019,0.0803249097472924,0.37890625,1.9386947923533289,0.0,0.2058823529411764,0.0,0.0,0.0,0.0357615894039735,0.2384476534296029,2.0,0.0370860927152317,1.5135135135135136,0.0,4.337273886099148,0.0328408410543281,0.0319981038160701,-1.0878309199941494,142400000.0,157400000.0,29600000.0,368700000.0,139950000.0,34750000.0,84850000.0,88.1523178807947,36.72,91.33714285714284,1.0209601081812034,2.450980392156863,0.9853603603603605,0.0466321243523316,0.0819072692701477,1997-01-30,0.19,bmo,151000000.0,2025-04-25,1996-12-31,0.0,19.49484375,633225.0
1996-09-30,STE,USD,1757898,1996-09-30,1996-09-30 00:00:00,1997,Q2,138500000.0,81700000.0,56800000.0,0.4101083032,5900000,0.0,0.0,27600000.0,3500000.0,37000000.0,118700000.0,0.0,0.0,3500000.0,23300000.0,0.1682310469,19800000.0,0.1429602888,600000.0,20400000.0,0.1472924188,8900000.0,11500000.0,0.083032491,0.085,0.085,67172000,67172000,,,2.0618710176859407,0.1712022866670636,0.0565711903769427,0.0104210087536473,0.8441017090454356,3.876615256356815,2.7660334663252546,3.876615256356815,0.0148871553623533,1137893680.0,1082193680.0,24.736819130434785,8.215838844765344,299.4457052631579,1625.5624,4.369791397849463,4.369791397849463,7.813672779783394,46.44608068669528,284.7878105263158,1545.9909714285714,0.0101063923652339,0.0006151717091881,0.0038402457757296,0.0020837674515524,-2.390557939914163,1.940357852882704,0.0,0.3304347826086956,0.0,0.0,0.0,0.0425992779783393,0.1554490518858095,0.8157894736842105,0.0223826714801444,0.8857142857142857,0.0,3.864313835518024,0.0338235294117647,0.0283740439180853,-0.347615077710951,141900000.0,185800000.0,73300000.0,294600000.0,129300000.0,31900000.0,79350000.0,85.77617328519855,37.23378212974296,89.1187270501836,1.0492424242424243,2.417159763313609,1.0098887515451174,0.0441628264208909,0.0461501816232954,1996-10-30,0.15,bmo,,2025-04-25,1996-09-30,0.1333333333333334,16.11375,756084.375
1996-06-30,STE,USD,1757898,1996-12-31,1996-06-30 00:00:00,1997,Q1,127900000.0,76900000.0,51000000.0,0.3987490227,4300000,0.0,0.0,26100000.0,3700000.0,34100000.0,111000000.0,0.0,0.0,3700000.0,20600000.0,0.1610633307,16900000.0,0.1321344801,-90500000.0,-73600000.0,-0.57544957,-2000000.0,-71600000.0,-0.5598123534,-1.08,-1.08,66290000,66290000,,,1.9294011163071352,-1.0801025795745964,0.0075426157791522,-0.0452556946749132,2.1541710665258718,3.581233971941469,2.4996228692110423,3.581233971941469,1.5130487252979332,1060640000.0,1018140000.0,-3.7033519553072622,8.292728694292416,2121.28,-353.5466666666667,4.4677337826453245,4.4677337826453245,7.960437842064112,49.4242718446602,2036.28,-339.38,-0.0675064112234122,-0.002828480917182,0.4224936815501263,0.1798780487804878,-2.063106796116505,1.4904229848363926,0.0,-0.0069832402234636,0.0,0.0,0.0,0.0336200156372165,0.1285868005738881,7.0,0.0273651290070367,0.945945945945946,0.0,,0.0403652366058561,-0.1473554229265281,-0.6569618343641574,122900000.0,165700000.0,53300000.0,270100000.0,76400000.0,30850000.0,44250000.0,89.0852228303362,35.110533159947984,91.05331599479844,1.0102685624012635,2.563333333333333,0.988431876606684,-0.3016006739679865,0.0527983104540654,1996-07-29,0.14,bmo,,2025-04-25,1996-06-30,0.0,14.777049180327868,1368724.5901639345
1996-03-31,STE,USD,1757898,1996-03-31,1996-03-31 00:00:00,1996,Q4,25600000.0,8800000.0,16800000.0,0.65625,2200000,0.0,0.0,7800000.0,500000.0,10500000.0,19300000.0,0.0,0.0,500000.0,6800000.0,0.265625,6300000.0,0.24609375,100000.0,6400000.0,0.25,2500000.0,3900000.0,0.15234375,0.11,0.11,35714000,35714000,,,0.7168057344458756,0.1092008736069888,0.098000784006272,-0.042000336002688,0.0056000448003584,1.7472139777118216,1.7472139777118216,1.7472139777118216,0.0,531424320.0,531224320.0,34.06566153846154,20.7587625,151.83552,-354.28288,8.516415384615385,8.516415384615385,20.75095,78.12122352941176,151.77837714285715,-354.14954666666665,0.0073387683875664,-0.002822603225987,0.0,0.0,-0.0294117647058823,2.701030927835052,0.0,0.8974358974358975,0.0,0.0,0.0,0.0859375,0.0,1.4285714285714286,0.1953125,10.0,0.0,2.07194089846951,0.0578172063253012,0.0456674473067915,0.0616004928039424,33000000.0,62400000.0,29400000.0,52200000.0,25000000.0,18750000.0,8800000.0,92.109375,324.20454545454544,109.43181818181816,0.9770992366412212,0.277602523659306,0.822429906542056,0.0625,0.14000112000896,1996-04-23,0.1,bmo,,2025-04-25,1996-03-31,0.0,18.76015625,619303.125
1995-12-31,STE,USD,1757898,1995-12-31,1995-12-30 19:00:00,1996,Q3,24200000.0,8600000.0,15600000.0,0.6446280992,2200000,0.0,0.0,7300000.0,500000.0,10000000.0,18600000.0,0.0,0.0,500000.0,6100000.0,0.2520661157,5600000.0,0.2314049587,200000.0,5800000.0,0.2396694215,2300000.0,3500000.0,0.1446280992,0.045,0.045,35714000,35714000,,,0.6776054208433667,0.098000784006272,-0.014000112000896,-0.0588004704037632,0.0252002016016128,1.6044128353026823,1.6044128353026823,1.6044128353026823,0.0,581423920.0,580523920.0,41.530280000000005,24.02578181818182,-1162.84784,-276.86853333333335,10.147014310645725,10.147014310645725,23.98859173553719,95.16785573770493,-1161.04784,-276.4399619047619,0.0060197041772894,-0.0036118225063736,0.0,0.0,-0.1475409836065573,4.099173553719008,0.0,-0.1428571428571428,0.0,0.0,0.0,0.0909090909090909,0.0,-3.2,0.0661157024793388,3.2,0.0,1.8808930336176075,0.058364600083378,0.05,0.2660021280170241,37500000.0,57300000.0,36900000.0,52200000.0,22100000.0,4600000.0,5300000.0,88.51239669421489,60.69767441860465,72.20930232558139,1.0168067226890756,1.4827586206896552,1.2463768115942029,0.0610820244328097,0.0448003584028672,1996-01-25,0.09,bmo,,2025-04-25,1995-12-31,0.0,15.250625,709971.875
1995-09-30,STE,USD,1757898,1995-09-30,1995-09-30 00:00:00,1996,Q2,21600000.0,7800000.0,13800000.0,0.6388888889,2000000,0.0,0.0,6800000.0,400000.0,9200000.0,17000000.0,0.0,0.0,400000.0,5000000.0,0.2314814815,4600000.0,0.212962963,200000.0,4800000.0,0.2222222222,1900000.0,2900000.0,0.1342592593,0.04,0.04,35702000,35702000,,,0.6050081227942412,0.0812279424121898,0.0588202341605512,0.030810598846003,0.0560192706290964,1.5013164528597838,1.5013164528597838,1.5013164528597838,0.0,751884120.0,749884120.0,64.81759655172414,34.80945,358.0400571428571,683.5310181818181,14.027688805970149,14.027688805970149,34.71685740740741,149.976824,357.0876761904762,681.7128363636364,0.0038569773225161,0.0014629913981957,0.0,0.0,-0.4,4.910112359550562,0.0,0.7241379310344828,0.0,0.0,0.0,0.0925925925925925,0.0,0.4761904761904761,0.0462962962962962,2.5,0.0,1.656456773793319,0.0511817065684469,0.045886075949367,0.2674920172539353,34800000.0,53600000.0,34100000.0,48300000.0,18650000.0,3600000.0,3800000.0,85.0,39.230769230769226,42.69230769230769,1.0588235294117647,2.294117647058824,2.108108108108108,0.0541044776119402,0.0280096353145482,1995-10-23,0.07,bmo,,2025-04-25,1995-09-30,0.1428571428571427,16.574444444444445,827600.0
1995-06-30,STE,USD,1757898,1995-12-31,1995-06-30 00:00:00,1996,Q1,19800000.0,7000000.0,12800000.0,0.6464646465,1900000,0.0,0.0,6700000.0,500000.0,9000000.0,16000000.0,0.0,0.0,400000.0,4200000.0,0.2121212121,3800000.0,0.1919191919,300000.0,4100000.0,0.2070707071,1600000.0,2500000.0,0.1262626263,0.0175,0.0175,35616000,35616000,,,0.5559299191374663,0.0701931716082659,0.0084231805929919,-0.0589622641509434,0.0449236298292902,1.4094788858939802,1.4094788858939802,1.4094788858939802,0.0,432022080.0,430422080.0,43.202208,21.81929696969697,1440.0736000000002,-205.7248,8.606017529880479,8.606017529880479,21.738488888888888,102.4814476190476,1434.740266666667,-204.96289523809523,0.005786741270261,-0.0048608626670192,0.0,0.0,-0.3809523809523809,5.388888888888889,0.0,0.12,0.0,0.0,0.0,0.0959595959595959,0.0,8.0,0.1212121212121212,6.0,0.0,1.4919971010712896,0.0455220662226268,0.0430292598967297,0.2337432614555256,31600000.0,50200000.0,30900000.0,44700000.0,17100000.0,4300000.0,4150000.0,76.81818181818181,48.85714285714285,50.14285714285714,1.1715976331360949,1.8421052631578947,1.794871794871795,0.049800796812749,0.0673854447439353,1995-07-25,0.06,bmo,,2025-04-25,1995-06-30,0.1666666666666668,16.180476190476192,474457.1428571429
1995-03-31,STE,USD,1757898,1995-03-31,1995-03-31 00:00:00,1995,Q4,19600000.0,6900000.0,12700000.0,0.6479591837,1900000,0.0,0.0,6400000.0,400000.0,8700000.0,15600000.0,0.0,0.0,400000.0,4400000.0,0.2244897959,4000000.0,0.2040816327,100000.0,4100000.0,0.2091836735,1500000.0,2600000.0,0.1326530612,0.0742,0.0742,35036000,35036000,,,0.5594245918483846,0.0742093846329489,0.1113140769494234,0.0599383491266126,0.0456673136202762,1.2729763671652017,1.2729763671652017,1.2729763671652017,0.0,350360000.0,348760000.0,33.68846153846154,17.875510204081632,89.83589743589744,166.83809523809524,7.85560538116592,7.85560538116592,17.793877551020408,79.26363636363637,89.42564102564103,166.07619047619048,0.0074209384632948,0.0059938349126612,0.0,0.0,-0.3636363636363636,4.105263157894737,0.0,1.5,0.0,0.0,0.0,0.096938775510204,0.0,0.4615384615384615,0.0918367346938775,4.5,0.0,1.4579104359806785,0.0558719243580101,0.0473588342440801,0.1848099098070556,29500000.0,44600000.0,28700000.0,40700000.0,16350000.0,4250000.0,4450000.0,79.43877551020408,62.60869565217391,57.391304347826086,1.1329479768786128,1.4375,1.568181818181818,0.0582959641255605,0.0513757278228108,1995-04-26,0.07,bmo,,2025-04-25,1995-03-31,0.0,18.65888888888889,753168.253968254
1994-12-31,STE,USD,1757898,1994-12-31,1994-12-30 19:00:00,1995,Q3,16500000.0,5800000.0,10700000.0,0.6484848485,1700000,0.0,0.0,5200000.0,300000.0,7200000.0,13000000.0,0.0,0.0,300000.0,3800000.0,0.2303030303,3500000.0,0.2121212121,300000.0,3800000.0,0.2303030303,1400000.0,2400000.0,0.1454545455,0.0175,0.0175,35036000,35036000,,,0.4709441717090992,0.0685009704304144,-0.0199794497088708,-0.0570841420253453,0.0485215207215435,1.1959127754309853,1.1816417399246488,1.1959127754309853,0.0,328637680.0,326937680.0,34.23309166666667,19.91743515151515,-469.4824,-164.31884,7.843381384248211,7.843381384248211,19.81440484848485,86.03623157894737,-467.0538285714286,-163.46884,0.0073028753124109,-0.0060857294270091,0.0,0.0,-0.4473684210526316,5.071428571428571,0.0,-0.2916666666666667,0.0,0.0,0.0,0.103030303030303,0.0100401606425702,-1.8571428571428568,0.0787878787878787,4.333333333333333,0.0,1.3576548447639178,0.0516478111165764,0.0486815415821501,0.2169197396963123,28500000.0,41400000.0,27600000.0,38800000.0,14400000.0,3950000.0,4400000.0,84.0,57.41379310344828,69.82758620689656,1.0714285714285714,1.5675675675675675,1.288888888888889,0.0572792362768496,0.0371046923164744,1995-01-25,0.06,bmo,,2025-04-25,1994-12-31,0.0,14.974285714285717,659784.126984127
1994-09-30,STE,USD,1757898,1994-09-30,1994-09-30 00:00:00,1995,Q2,15200000.0,5500000.0,9700000.0,0.6381578947,1700000,0.0,0.0,4800000.0,200000.0,6700000.0,12200000.0,0.0,0.0,300000.0,3300000.0,0.2171052632,3000000.0,0.1973684211,0.0,3000000.0,0.1973684211,1100000.0,1900000.0,0.125,0.015,0.015,34780000,34780000,,,0.4370327774583094,0.0546290971822886,0.0201265094882116,-0.0230017251293847,0.0402530189764232,1.115583668775158,1.1012075905692926,1.115583668775158,0.0431282346175963,230591400.0,230691400.0,30.340973684210525,15.170486842105262,329.4162857142857,-288.23925,5.943077319587629,5.943077319587629,15.177065789473684,69.90648484848485,329.55914285714283,-288.36425,0.0082396828329243,-0.0034693401401786,0.0386597938144329,0.0313807531380753,0.0303030303030303,4.271604938271605,0.0,0.3684210526315789,0.0,0.0,0.0,0.1118421052631579,0.0104602510460251,2.142857142857143,0.0986842105263157,5.0,0.0,1.1709931232808652,0.0466830466830466,0.040169133192389,0.132259919493962,26500000.0,38300000.0,25600000.0,35800000.0,12100000.0,3100000.0,4450000.0,79.3421052631579,68.72727272727273,70.36363636363636,1.1343283582089552,1.3095238095238095,1.2790697674418603,0.0489690721649484,0.0431282346175963,1994-10-26,0.05,bmo,,2025-04-25,1994-09-30,0.0,10.722698412698412,759047.619047619
1994-06-30,STE,USD,1757898,1994-12-31,1994-06-30 00:00:00,1995,Q1,13000000.0,4600000.0,8400000.0,0.6461538462,1400000,0.0,0.0,4200000.0,300000.0,5800000.0,10400000.0,0.0,0.0,200000.0,2800000.0,0.2153846154,2600000.0,0.2,200000.0,2800000.0,0.2153846154,1000000.0,1800000.0,0.1384615385,0.0125,0.0125,34780000,34780000,,,0.3737780333525014,0.0517538815411155,0.0316273720529039,-0.0891316848763657,0.0776308223116733,1.0580793559516963,1.0437032777458308,1.0580793559516963,0.0,168335200.0,165635200.0,23.37988888888889,12.94886153846154,153.032,-54.30167741935484,4.574326086956522,4.574326086956522,12.74116923076923,59.15542857142857,150.57745454545454,-53.43070967741936,0.0106929507316354,-0.0184156373711499,0.0,0.0,-0.9642857142857144,5.844827586206897,0.0,0.6111111111111112,0.0,0.0,0.0,0.1076923076923077,0.0116279069767441,3.8181818181818175,0.3230769230769231,21.0,0.0,1.1099970977903677,0.0449308755760368,0.0423529411764705,0.198389879240943,28100000.0,36300000.0,27700000.0,36200000.0,11250000.0,2750000.0,4150000.0,74.76923076923077,39.130434782608695,90.0,1.2037037037037035,2.3,1.0,0.0489130434782608,0.1207590569292696,1994-07-27,0.05,bmo,,2025-04-25,1994-06-30,0.0,8.933015873015872,1027898.4126984128
1994-03-31,STE,USD,1757898,1994-03-31,1994-03-31 00:00:00,1994,Q4,14300000.0,5200000.0,9100000.0,0.6363636364,0,0.0,0.0,6100000.0,300000.0,6400000.0,11600000.0,0.0,0.0,300000.0,3000000.0,0.2097902098,2700000.0,0.1888111888,0.0,2700000.0,0.1888111888,1100000.0,1600000.0,0.1118881119,0.0464,0.0464,34452000,34452000,,,0.4150702426564495,0.0464414257517705,0.0087077673284569,-0.0145129455474283,0.0783699059561128,1.0217113665389528,1.0101010101010102,1.0217113665389528,0.0,202577760.0,199877760.0,31.652775,14.166276923076923,675.2592,-405.15552,5.75505,5.75505,13.977465734265737,66.62592,666.2592,-399.75552,0.0078982016584643,-0.0024681880182701,0.0,0.0,-0.9,5.208333333333333,0.0,0.1875,0.0,0.0,0.0,0.0,0.009367681498829,2.6666666666666665,0.0559440559440559,2.6666666666666665,0.0,1.0332564941965396,0.0450704225352112,0.0378250591016548,0.1690758156275397,30300000.0,34800000.0,30000000.0,34400000.0,10500000.0,3150000.0,3400000.0,73.63636363636364,60.57692307692307,64.03846153846153,1.2222222222222223,1.4857142857142858,1.4054054054054057,0.0454545454545454,0.0232207128758852,1994-04-26,0.04667,bmo,,2025-04-25,1994-03-31,0.0713520462824083,7.508571428571429,611365.0793650794
1993-12-31,STE,USD,1757898,1993-12-31,1993-12-30 19:00:00,1994,Q3,12000000.0,4400000.0,7600000.0,0.6333333333,0,0.0,0.0,5300000.0,200000.0,5500000.0,9900000.0,0.0,0.0,100000.0,2300000.0,0.1916666667,2100000.0,0.175,200000.0,2300000.0,0.1916666667,900000.0,1400000.0,0.1166666667,0.01,0.01,34452000,34452000,,,0.3483106931382793,0.0406362475327992,0.0493440148612562,0.0290258910948566,0.5834204110066179,0.934633693254383,0.9201207477069546,0.934633693254383,0.0,161579880.0,141479880.0,28.85355,13.46499,95.04698823529412,161.57988,5.018008695652174,5.018008695652174,11.78999,61.51299130434783,83.22345882352941,141.47988,0.0086644451029422,0.0061888893592444,0.0,0.0,-8.73913043478261,5.467741935483871,0.0,1.2142857142857142,0.0,0.0,0.0,0.0,0.0130208333333333,0.4117647058823529,0.0583333333333333,7.0,0.0,0.9244188106645916,0.0396975425330812,0.0369393139841688,0.6509056078021596,27700000.0,31700000.0,27700000.0,31400000.0,8500000.0,2400000.0,2550000.0,69.75,57.27272727272727,63.40909090909091,1.2903225806451613,1.5714285714285714,1.4193548387096775,0.0434782608695652,0.0203181237663996,1994-01-26,0.03787,bmo,,2025-04-25,1993-12-31,0.0562450488513335,5.45734375,555943.75
1993-09-30,STE,USD,1757898,1993-09-30,1993-09-30 00:00:00,1994,Q2,10500000.0,4100000.0,6400000.0,0.6095238095,0,0.0,0.0,4600000.0,100000.0,4700000.0,8800000.0,0.0,0.0,200000.0,1900000.0,0.180952381,1700000.0,0.1619047619,100000.0,1800000.0,0.1714285714,700000.0,1100000.0,0.1047619048,0.0075,0.0075,34424000,34424000,,,0.305019753660237,0.0319544503834534,0.0029049500348594,-0.0232396002788752,0.5838949570067394,0.8947246107366953,0.8801998605623983,0.8947246107366953,0.0,167989120.0,147889120.0,38.179345454545455,15.99896380952381,1679.8912,-209.9864,5.454192207792208,5.454192207792208,14.084678095238097,77.83637894736842,1478.8912,-184.8614,0.0065480431113634,-0.0047622131719006,0.0,0.0,-10.578947368421051,7.585365853658536,0.0,0.0909090909090909,0.0,0.0,0.0,0.0,0.0143266475644699,9.0,0.0857142857142857,4.5,0.0,0.8020503391710577,0.0337301587301587,0.0319767441860465,0.6616023704392284,27000000.0,30300000.0,27000000.0,29900000.0,7000000.0,1800000.0,1950000.0,66.0,43.90243902439025,43.90243902439025,1.3636363636363635,2.05,2.05,0.0357142857142857,0.0261445503137346,1993-10-27,0.02938,bmo,,2025-04-25,1993-09-30,0.0211027910142954,5.550161290322581,720567.7419354839
1993-06-30,STE,USD,1757898,1993-12-31,1993-06-30 00:00:00,1994,Q1,9100000.0,3600000.0,5500000.0,0.6043956044,0,0.0,0.0,3900000.0,200000.0,4000000.0,7600000.0,0.0,0.0,100000.0,1600000.0,0.1758241758,1500000.0,0.1648351648,100000.0,1600000.0,0.1758241758,600000.0,2200000.0,0.2417582418,0.0175,0.0175,34144000,34144000,,,0.2665182755388941,0.0644329896907216,0.0234301780693533,0.0146438612933458,0.6062558575445174,0.863987816307404,0.8493439550140581,0.863987816307404,0.0,155696640.0,134996640.0,17.692800000000002,17.10952087912088,194.62079999999995,311.39328,5.27785220338983,5.27785220338983,14.834795604395604,84.3729,168.7458,269.99328,0.0141300415988424,0.003211373090646,0.0,0.0,-12.9375,8.514285714285714,0.0,0.8,0.0,0.0,0.0,0.0,0.0151515151515151,0.375,0.0329670329670329,3.0,0.0,1.119178116464708,0.0317796610169491,0.0676923076923076,0.6699566541705717,26300000.0,29000000.0,26300000.0,28500000.0,6400000.0,1850000.0,1850000.0,62.30769230769231,40.0,47.5,1.4444444444444444,2.25,1.894736842105263,0.0745762711864406,0.0087863167760074,1993-07-28,0.03,bmo,,2025-04-25,1993-06-30,0.0,5.821428571428571,745200.0
1993-03-31,STE,USD,1757898,1993-03-31,1993-03-31 00:00:00,1993,Q4,8800000.0,3400000.0,5400000.0,0.6136363636,0,0.0,0.0,4100000.0,100000.0,4200000.0,7600000.0,0.0,0.0,100000.0,1300000.0,0.1477272727,1200000.0,0.1363636364,100000.0,1300000.0,0.1477272727,200000.0,1100000.0,0.125,0.0347,0.0347,31728000,31728000,,,0.2773575390821987,0.0346696923852748,0.0346696923852748,0.0252143217347453,0.6272062531517902,0.8478315683308119,0.8352244074634393,0.8478315683308119,0.0,128815680.0,108915680.0,29.276290909090907,14.638145454545452,117.10516363636364,161.01959999999997,4.788686988847584,4.788686988847584,12.376781818181817,83.7812923076923,99.01425454545452,136.14459999999997,0.0085393330998213,0.0062104240725973,0.0,0.0,-15.307692307692308,7.2,0.0,1.0,0.0,0.0,0.0,0.0,0.0129449838187702,0.2727272727272727,0.034090909090909,3.0,0.0,0.8132443313927699,0.0377466399771232,0.0360655737704918,0.6831505295007564,24800000.0,26500000.0,24800000.0,26800000.0,5800000.0,1750000.0,1900000.0,66.47727272727272,55.588235294117645,47.647058823529406,1.353846153846154,1.619047619047619,1.8888888888888888,0.0408921933085501,0.0094553706505295,1993-04-28,0.02077,bmo,,2025-04-25,1993-03-31,0.4443909484833894,4.56203125,636225.0
1992-12-31,STE,USD,1757898,1992-12-31,1992-12-30 19:00:00,1993,Q3,6800000.0,2700000.0,4100000.0,0.6029411765,0,0.0,0.0,3300000.0,100000.0,3400000.0,6100000.0,0.0,0.0,100000.0,800000.0,0.1176470588,700000.0,0.1029411765,100000.0,800000.0,0.1176470588,0.0,700000.0,0.1029411765,0.0075,0.0075,31728000,31728000,,,0.2143217347453353,0.0220625315179021,0.0157589510842158,0.0126071608673726,0.3813666162380232,0.5956883509833586,0.5830811901159859,0.5956883509833586,0.0,139920480.0,127820480.0,49.9716,20.576541176470588,279.84096,349.8012,7.4032,7.4032,18.797129411764708,159.7756,255.64096,319.5512,0.0050028416140367,0.0028587666365924,0.0,0.0,-15.125,6.862068965517241,0.0,0.625,0.0,0.0,0.0,0.0,0.018348623853211,0.2,0.0147058823529411,1.0,0.0,0.543786578461067,0.037037037037037,0.0327102803738317,0.4420385779122541,17000000.0,18500000.0,17000000.0,18800000.0,5100000.0,1550000.0,2050000.0,67.5,46.66666666666666,66.66666666666667,1.3333333333333333,1.9285714285714288,1.35,0.037037037037037,0.0031517902168431,1992-12-30,,bmo,,2025-04-25,1992-12-31,,4.695,491525.0
1992-09-30,STE,USD,1757898,1992-09-30,1992-09-30 00:00:00,1993,Q2,6200000.0,2600000.0,3600000.0,0.5806451613,0,0.0,0.0,3200000.0,100000.0,3300000.0,5900000.0,0.0,0.0,100000.0,400000.0,0.064516129,300000.0,0.0483870968,0.0,300000.0,0.0483870968,-200000.0,400000.0,0.064516129,0.005,0.005,31468000,31468000,,,0.1970255497648404,0.01271132579128,-0.0508453031651201,-0.0603787975085801,0.3718062793949409,0.5720096606076014,0.5592983348163213,0.5720096606076014,0.0,92515920.0,80815920.0,57.82245,14.92192258064516,-57.82245,-48.69258947368421,5.139773333333333,5.139773333333333,13.034825806451613,202.0398,-50.50995,-42.534694736842106,0.0043235802011156,-0.0205370059552993,0.0,0.0,-29.25,5.909090909090909,0.0,-4.0,0.0,0.0,0.0,0.0,0.0187793427230046,-0.1875,0.0483870967741935,3.0,0.0,0.4044719099198505,0.0277777777777777,0.0191387559808612,0.421857124698106,16200000.0,17600000.0,16200000.0,18000000.0,4400000.0,2150000.0,2100000.0,74.03225806451613,58.84615384615384,72.6923076923077,1.2156862745098038,1.5294117647058822,1.238095238095238,0.0222222222222222,0.00953349434346,1993-01-26,,bmo,,2025-04-25,1992-09-30,,4.0901587301587305,580552.380952381
1992-06-30,STE,USD,1757898,1992-12-31,1992-06-30 00:00:00,1993,Q1,5000000.0,2000000.0,3000000.0,0.6,0,0.0,0.0,2700000.0,100000.0,2800000.0,4800000.0,0.0,0.0,100000.0,300000.0,0.06,200000.0,0.04,-200000.0,800000.0,0.16,-100000.0,200000.0,0.04,0.0025,0.0025,31468000,31468000,,,0.1588915723910003,0.00635566289564,0.02224482013474,0.01271132579128,0.432185076903521,0.5624761662641413,0.5497648404728613,0.5624761662641413,0.0,72691080.0,59091080.0,90.86385,14.538216,103.8444,181.7277,4.106840677966102,4.106840677966102,11.818216,196.97026666666667,84.41582857142858,147.7277,0.0027513692188917,0.0055027384377835,0.0,0.0,-45.333333333333336,5.128205128205129,0.0,3.5,0.0220109537511342,8.0,0.0,0.0,0.0185185185185185,0.4285714285714285,0.06,3.0,0.0,0.2836114423664074,0.0127118644067796,0.0094339622641509,0.429801703317656,16100000.0,17300000.0,16100000.0,17700000.0,3650000.0,2100000.0,1750000.0,66.6,117.0,94.5,1.351351351351351,0.7692307692307693,0.9523809523809524,0.0112994350282485,0.00953349434346,1992-06-30,,bmo,,2025-04-25,1992-06-30,,4.219032258064516,526251.6129032258
1992-03-31,STE,USD,1757898,1992-03-31,1992-03-31 00:00:00,1992,Q4,4700000.0,0.0,4700000.0,1.0,0,0.0,0.0,0.0,-12900000.0,-12900000.0,-12900000.0,0.0,0.0,0.0,-8200000.0,-1.7446808511,-8200000.0,-1.7446808511,8200000.0,0.0,0.0,0.0,0.0,0.0,0.0125,0.0125,13333333,13333333,,,0.3525000088125002,0.0,,,0.075000001875,0.3975000099375002,0.3675000091875002,0.3975000099375002,0.0,27466665.98,26466665.98,0.0,5.843971485106383,0.0,0.0,5.18238980754717,5.18238980754717,5.631205527659574,-3.227642192682927,0.0,0.0,0.0,,0.0,0.0,0.1219512195121951,2.407407407407407,0.0,0.0,,0.0,0.0,0.0,0.05,0.0,,0.0,,0.0,,0.0,0.1275000031875,3800000.0,4900000.0,3800000.0,5200000.0,,,,68.93617021276596,0.0,0.0,1.3055555555555556,0.0,0.0,0.0,,1992-03-31,,bmo,,2025-04-25,1992-03-31,,3.70984375,316418.75
1991-12-31,STE,USD,1757898,1991-12-31,1991-12-30 19:00:00,1992,Q3,3400000.0,0.0,3400000.0,1.0,0,0.0,0.0,0.0,0.0,0.0,0.0,0.0,0.0,0.0,3400000.0,1.0,3400000.0,1.0,-3400000.0,0.0,0.0,100000.0,-100000.0,-0.0294117647,-0.0075,-0.0075,13333333,13333333,,,0.2550000063750001,-0.0075000001875,,,,,,,,27466665.98,,-68.66666495,8.078431170588235,0.0,0.0,0.0,0.0,,,0.0,0.0,-0.0036407767900485,,0.0,0.0,,0.0,0.0,0.0,,,0.0,0.0,0.0,0.0,,0.0,,,0.0,0.0,,,,,,,,,,0.0,0.0,0.0,0.0,0.0,0.0,,1991-12-30,,bmo,,2025-04-25,1991-12-31,,2.6671875,200900.0
1991-09-30,STE,USD,1757898,1991-09-30,1991-09-30 00:00:00,1992,Q2,2500000.0,0.0,2500000.0,1.0,0,0.0,0.0,0.0,0.0,0.0,0.0,0.0,0.0,0.0,2500000.0,1.0,2500000.0,1.0,-2500000.0,0.0,0.0,2700000.0,-200000.0,-0.08,-0.01,-0.01,20000000,20000000,,,0.125,-0.01,,,,,,,,41200000.0,,-51.5,16.48,0.0,0.0,0.0,0.0,,,0.0,0.0,-0.0048543689320388,,0.0,0.0,,0.0,0.0,0.0,,,0.0,0.0,0.0,0.0,,0.0,,,0.0,0.0,,,,,,,,,,0.0,0.0,0.0,0.0,0.0,0.0,,1991-09-30,,bmo,,2025-04-25,1991-09-30,,2.190909090909091,434927.2727272727
1991-06-30,STE,USD,1757898,1991-12-31,1991-06-30 00:00:00,1992,Q1,2300000.0,-1100000.0,3400000.0,1.4782608696,0,0.0,0.0,0.0,0.0,0.0,-1100000.0,0.0,0.0,-1100000.0,2300000.0,1.0,3400000.0,1.4782608696,-2300000.0,0.0,0.0,3500000.0,-200000.0,-0.0869565217,-0.01,-0.01,20000000,20000000,,,0.115,-0.01,,,,,,,,41200000.0,,-51.5,17.91304347826087,0.0,0.0,0.0,0.0,,,0.0,0.0,-0.0048543689320388,,0.0,0.0,,0.0,0.0,0.0,,,0.0,0.0,0.0,0.0,,0.0,,,0.0,0.0,,,,,,,,,,,,0.0,0.0,0.0,0.0,,1991-06-30,,bmo,,2025-04-25,1991-06-30,,,
1991-03-31,STE,USD,1757898,1991-03-31,1991-03-31 00:00:00,1991,Q4,2200000.0,0.0,2200000.0,1.0,0,0.0,0.0,0.0,-8600000.0,-8600000.0,-8600000.0,0.0,0.0,0.0,-6400000.0,-2.9090909091,-6400000.0,-2.9090909091,6400000.0,0.0,0.0,0.0,0.0,0.0,-0.0025,-0.0025,13333333,13333333,,,0.1650000041250001,0.0,,,0.0225000005625,0.1125000028125,0.09000000225,0.1125000028125,0.0525000013125,27466665.98,27866665.98,0.0,12.484848172727274,0.0,0.0,18.311110653333333,18.311110653333333,12.666666354545455,-4.354166559375,0.0,0.0,0.0,,0.4666666666666667,0.1590909090909091,-0.0625,1.44,0.0,0.0,,0.0,0.0,0.0,0.0681818181818181,0.0,,0.0,,0.0,,0.0,-0.045000001125,1100000.0,1200000.0,700000.0,1900000.0,,,,73.63636363636364,0.0,0.0,1.2222222222222223,0.0,0.0,0.0,,1991-03-31,,bmo,,2025-04-25,1991-03-31,,,
1990-12-31,STE,USD,1757898,1990-12-31,1990-12-30 19:00:00,1991,Q3,2500000.0,0.0,2500000.0,1.0,0,0.0,0.0,0.0,0.0,0.0,0.0,0.0,0.0,0.0,2500000.0,1.0,2500000.0,1.0,-2500000.0,0.0,0.0,0.0,0.0,0.0,-0.005,-0.005,13333333,13333333,,,0.1875000046875001,0.0,,,,,,,,27466665.98,,0.0,10.986666392,0.0,0.0,0.0,0.0,,,0.0,0.0,0.0,,0.0,0.0,,0.0,0.0,0.0,,0.0,0.0,0.0,0.0,0.0,,0.0,,,0.0,0.0,,,,,,,,,,0.0,0.0,0.0,0.0,0.0,0.0,,1990-12-30,,bmo,,2025-04-25,1990-12-31,,,
1990-09-30,STE,USD,1757898,1990-09-30,1990-09-30 00:00:00,1991,Q2,2400000.0,0.0,2400000.0,1.0,0,0.0,0.0,0.0,0.0,0.0,0.0,0.0,0.0,0.0,2400000.0,1.0,2400000.0,1.0,0.0,0.0,0.0,2300000.0,100000.0,0.0416666667,-0.0025,-0.0025,13333333,13333333,,,0.1800000045000001,0.0075000001875,,,,,,,,27466665.98,,68.66666495,11.444444158333331,0.0,0.0,0.0,0.0,,,0.0,0.0,0.0036407767900485,,0.0,0.0,,0.0,0.0,0.0,,,0.0,0.0,0.0,0.0,,0.0,,,0.0,0.0,,,,,,,,,,0.0,0.0,0.0,0.0,0.0,0.0,,1990-09-30,,bmo,,2025-04-25,1990-09-30,,,
1990-06-30,STE,USD,1757898,1990-12-31,1990-06-30 00:00:00,1991,Q1,1600000.0,-900000.0,2500000.0,1.5625,0,0.0,0.0,0.0,0.0,0.0,-900000.0,0.0,0.0,-900000.0,1600000.0,1.0,2500000.0,1.5625,-1600000.0,0.0,0.0,2600000.0,-100000.0,-0.0625,-0.0075,-0.0075,13333333,13333333,,,0.120000003,-0.0075000001875,,,,,,,,27466665.98,,-68.66666495,17.1666662375,0.0,0.0,0.0,0.0,,,0.0,0.0,-0.0036407767900485,,0.0,0.0,,0.0,0.0,0.0,,,0.0,0.0,0.0,0.0,,0.0,,,0.0,0.0,,,,,,,,,,,,0.0,0.0,0.0,0.0,,1990-06-30,,bmo,,2025-04-25,1990-06-30,,,
