date,symbol,reportedCurrency,cik,fillingDate,acceptedDate,calendarYear,period,revenue,costOfRevenue,grossProfit,grossProfitRatio,researchAndDevelopmentExpenses,generalAndAdministrativeExpenses,sellingAndMarketingExpenses,sellingGeneralAndAdministrativeExpenses,otherExpenses,operatingExpenses,costAndExpenses,interestIncome,interestExpense,depreciationAndAmortization,ebitda,ebitdaratio,operatingIncome,operatingIncomeRatio,totalOtherIncomeExpensesNet,incomeBeforeTax,incomeBeforeTaxRatio,incomeTaxExpense,netIncome,netIncomeRatio,eps,epsdiluted,weightedAverageShsOut,weightedAverageShsOutDil,link,finalLink,revenuePerShare,netIncomePerShare,operatingCashFlowPerShare,freeCashFlowPerShare,cashPerShare,bookValuePerShare,tangibleBookValuePerShare,shareholdersEquityPerShare,interestDebtPerShare,marketCap,enterpriseValue,peRatio,priceToSalesRatio,pocfratio,pfcfRatio,pbRatio,ptbRatio,evToSales,enterpriseValueOverEBITDA,evToOperatingCashFlow,evToFreeCashFlow,earningsYield,freeCashFlowYield,debtToEquity,debtToAssets,netDebtToEBITDA,currentRatio,interestCoverage,incomeQuality,dividendYield,payoutRatio,salesGeneralAndAdministrativeToRevenue,researchAndDdevelopementToRevenue,intangiblesToTotalAssets,capexToOperatingCashFlow,capexToRevenue,capexToDepreciation,stockBasedCompensationToRevenue,grahamNumber,roic,returnOnTangibleAssets,grahamNetNet,workingCapital,tangibleAssetValue,netCurrentAssetValue,investedCapital,averageReceivables,averagePayables,averageInventory,daysSalesOutstanding,daysPayablesOutstanding,daysOfInventoryOnHand,receivablesTurnover,payablesTurnover,inventoryTurnover,roe,capexPerShare,report_date,epsEstimated,time,revenueEstimated,updatedFromDate,fiscalDateEnding,surprise(%),QuarterAvgPrice,QuarterAvgVolume
2025-03-31,SYF,USD,1601712,2025-04-24,2025-04-24 16:42:31,2025,Q1,5550000000.0,1714000000.0,3836000000.0,0.6911711712,0,217000000.0,116000000.0,333000000.0,0.0,333000000.0,333000000.0,5550000000.0,1086000000.0,0.0,0.0,0.0,5217000000.0,0.94,-4233000000.0,984000000.0,0.1772972973,227000000.0,757000000.0,0.1363963964,1.91,1.89,408298266,395200000,https://www.sec.gov/Archives/edgar/data/1601712/000160171225000144/0001601712-25-000144-index.htm,https://www.sec.gov/Archives/edgar/data/1601712/000160171225000144/syf-20250331.htm,13.593004090788863,1.854036774185076,5.38821783779018,5.38821783779018,59.64512227441103,40.610018167454086,35.4152863338391,40.610018167454086,44.31809171582424,21615310202.04,16995310202.04,7.1384776096565385,3.8946504868540543,9.825141000927273,9.825141000927273,1.3036192148869186,1.3036192148869186,3.062218054421622,0.0,7.725141000927273,7.725141000927273,0.0350214728784487,0.1017797098184771,1.0258126771606055,0.1393883270778358,0.0,0.0,4.803867403314917,2.906208718626156,0.0054590935266274,0.1558784676354029,0.0390990990990991,0.0,0.0173815416386671,0.0,0.0,0.0,0.0,41.15920928981311,0.0356659091450951,0.0063133313873483,-35.5303982603737,110409000000.0,14460000000.0,4964000000.0,112530000000.0,44390000000.0,0.0,0.0,1439.6756756756756,0.0,0.0,0.0625140797476909,0.0,0.0,0.0456546649779868,0.0,2025-04-22,1.63,bmo,3744540560.0,2025-05-11,2025-03-31,0.1595092024539877,61.834500000000006,4190521.95
2024-12-31,SYF,USD,1601712,2025-02-07,2025-02-07 16:29:30,2024,Q4,3801000000.0,-120000000.0,3921000000.0,1.0315706393,0,435000000.0,147000000.0,582000000.0,2246000000.0,2828000000.0,2828000000.0,5710000000.0,1118000000.0,120000000.0,1093000000.0,0.2875559063,1159000000.0,0.304919758,-186000000.0,973000000.0,0.255985267,199000000.0,774000000.0,0.2036306235,1.93,1.91,408298266,395200000,https://www.sec.gov/Archives/edgar/data/1601712/000160171225000044/0001601712-25-000044-index.htm,https://www.sec.gov/Archives/edgar/data/1601712/000160171225000044/syf-20241231.htm,9.30937090974567,1.895673002931636,5.762943896509225,5.762943896509225,43.571088788312416,40.60756897752781,35.39569281442895,40.60756897752781,40.60756897752781,26539387290.0,27290387290.0,8.57215351744186,6.982211862667719,11.278957624309392,11.278957624309392,1.6006868088057902,1.6006868088057902,7.179791446987635,24.96833237877401,11.598124645133872,11.598124645133872,0.029164200045102,0.0886606753309111,0.9325693606755128,0.1294291956505361,0.687099725526075,0.2167873071580024,1.0366726296958857,3.0400516795865635,0.0044462217123023,0.1524547803617571,0.1144435674822415,0.0,0.0178130467173936,0.0,0.0,0.0,0.0,41.6175458799667,0.0246506481118374,0.0065964972088464,-208.4089183959454,-64272000000.0,14452000000.0,-85093000000.0,-62144000000.0,0.0,0.0,0.0,0.0,0.0,0.0,0.0,0.0,0.0,0.0466827503015681,0.0,2025-01-28,1.93,bmo,3828991800.0,2025-04-28,2024-12-31,-0.0103626943005181,61.2153125,3572603.828125
2024-09-30,SYF,USD,1601712,2024-10-23,2024-10-23 16:30:05,2024,Q3,3814000000.0,968000000.0,2846000000.0,0.7461982171,0,464000000.0,123000000.0,587000000.0,0.0,2786000000.0,3754000000.0,5785000000.0,1176000000.0,121000000.0,1319000000.0,0.3458311484,1236000000.0,0.3240692187,-208000000.0,1028000000.0,0.2695332984,239000000.0,789000000.0,0.2068694284,1.96,1.94,392300000,396500000,https://www.sec.gov/Archives/edgar/data/1601712/000160171224000336/0001601712-24-000336-index.htm,https://www.sec.gov/Archives/edgar/data/1601712/000160171224000336/syf-20240930.htm,9.722151414733622,2.011215906194239,7.043079276064237,7.043079276064237,51.69258220749426,40.73413204180474,35.536579148610755,40.73413204180474,42.844761661993374,19567924000.0,17265924000.0,6.200229404309252,5.1305516518091245,7.082129569308722,7.082129569308722,1.2245259073842305,1.2245259073842305,4.526985841636078,13.090162244124336,6.248977198697069,6.248977198697069,0.0403210887368532,0.1412004666412236,0.9782227784730914,0.1311090422632077,-1.7452615617892342,0.2464513149579505,1.0510204081632653,3.5019011406844105,0.006132484978989,0.1520912547528517,0.1216570529627687,0.0,0.0171015440874283,0.0,0.0,0.0,0.0,42.933850531586586,0.0256771423290378,0.0067326563699974,-211.49630384909509,-62005000000.0,13941000000.0,-82970000000.0,-59966000000.0,0.0,0.0,0.0,0.0,0.0,0.0,0.0,0.0,0.0,0.0493742177722152,0.0,2024-10-16,1.79,bmo,3761062634.0,2025-04-25,2024-09-30,0.0837988826815642,48.3809375,3447823.171875
2024-06-30,SYF,USD,1601712,2024-07-19,2024-07-19 16:20:04,2024,Q2,4889000000.0,1047000000.0,3842000000.0,0.7858457762,0,434000000.0,129000000.0,563000000.0,-1177000000.0,1177000000.0,3835000000.0,5582000000.0,1177000000.0,80000000.0,0.0,0.0,2745000000.0,0.5614645122,-171000000.0,844000000.0,0.1726324402,201000000.0,643000000.0,0.1315197382,1.56,1.55,399300000,402600000,https://www.sec.gov/Archives/edgar/data/1601712/000160171224000250/0001601712-24-000250-index.htm,https://www.sec.gov/Archives/edgar/data/1601712/000160171224000250/syf-20240630.htm,12.243926872026046,1.6103180565990485,6.220886551465064,6.220886551465064,53.40596043075382,38.91810668670173,33.78412221387428,38.91810668670173,42.10869020786376,19210323000.0,16215323000.0,7.469021384136859,3.929294947842094,7.733624396135266,7.733624396135266,1.2361855212355213,1.2361855212355213,3.316695234199223,0.0,6.527907809983897,6.527907809983897,0.0334715871253179,0.1293054781015394,1.0062419562419562,0.1297794819444098,0.0,0.25661853188929,2.332200509770604,3.863141524105754,0.0061945861087291,0.1850699844479004,0.0887707097565964,0.0,0.0170140012781249,0.0,0.0,0.0,0.0,37.55112412885251,0.0559328598433353,0.0054289549894882,-209.42649636864516,-61775000000.0,13490000000.0,-83624000000.0,-59725000000.0,0.0,0.0,0.0,0.0,0.0,0.0,0.0,0.0,0.0,0.0413770913770913,0.0,2024-07-17,1.35,bmo,3674519098.0,2025-04-25,2024-06-30,0.1481481481481481,43.4147619047619,4123750.698412698
2024-03-31,SYF,USD,1601712,2024-04-25,2024-04-25 16:54:16,2024,Q1,5961000000.0,954000000.0,5007000000.0,0.8399597383,0,496000000.0,125000000.0,621000000.0,-1206000000.0,1206000000.0,4044000000.0,5568000000.0,1163000000.0,80000000.0,0.0,0.0,3801000000.0,0.6376446905,-179000000.0,1708000000.0,0.2865291059,415000000.0,1293000000.0,0.2169099144,3.17,3.14,404700000,408200000,https://www.sec.gov/Archives/edgar/data/1601712/000160171224000172/0001601712-24-000172-index.htm,https://www.sec.gov/Archives/edgar/data/1601712/000160171224000172/syf-20240331.htm,14.729429206819866,3.194959229058562,5.554731900172968,5.554731900172968,56.8964665184087,37.761304670126016,33.133185075364466,37.761304670126016,42.73783049172226,16896225000.0,13008225000.0,3.266864849187935,2.8344614997483646,7.516114323843416,7.516114323843416,1.105629171574401,1.105629171574401,2.182221942627076,0.0,5.786576957295374,5.786576957295374,0.0765259695582889,0.1330474706628255,1.055686428477948,0.1331402210063298,0.0,0.2755822581803385,3.268271711092003,1.7385924207269914,0.0066878844238875,0.0873936581593194,0.0832075155175306,0.0,0.0154572388238303,0.0,0.0,0.0,0.0,52.10116264811183,0.0764894047697383,0.0108382229673093,-204.75660983444527,-60528000000.0,13409000000.0,-82865000000.0,-58655000000.0,0.0,0.0,0.0,0.0,0.0,0.0,0.0,0.0,0.0,0.0846093443266588,0.0,2024-04-24,1.34,bmo,3893757429.0,2025-04-25,2024-03-31,-0.1194029850746269,39.83213114754098,4518351.065573771
2023-12-31,SYF,USD,1601712,2024-02-08,2024-02-08 16:07:03,2023,Q4,3659000000.0,955000000.0,2704000000.0,0.7389997267,0,538000000.0,138000000.0,676000000.0,-3796000000.0,-3120000000.0,-3120000000.0,5549000000.0,1083000000.0,77000000.0,862000000.0,0.2355834928,539000000.0,0.1473080077,4316000000.0,539000000.0,0.1473080077,99000000.0,440000000.0,0.1202514348,1.04,1.03,411900000,414600000,https://www.sec.gov/Archives/edgar/data/1601712/000160171224000047/0001601712-24-000047-index.htm,https://www.sec.gov/Archives/edgar/data/1601712/000160171224000047/syf-20231231.htm,8.883224083515417,1.0682204418548191,5.625151735858218,5.625151735858218,43.84073804321437,33.7533381888808,29.30322893906288,33.7533381888808,41.42995872784657,15730461000.0,17453461000.0,8.937761931818182,4.2991147854605085,6.78915019421666,6.78915019421666,1.1314436452564194,1.1314436452564194,4.77000847226018,20.247634570765666,7.532784203711696,7.532784203711696,0.0279712082182461,0.1472938396401732,1.1495360713515068,0.1360413350471148,1.998839907192575,0.2225179599028994,0.4976915974145891,5.265909090909091,0.0072470857656364,0.2590909090909091,0.1470347089368679,0.0,0.0156027885834915,0.0,0.0,0.0,0.0,28.482628587781907,0.0121125364752518,0.0038047143870086,-207.61835396941004,-63095000000.0,12070000000.0,-85518000000.0,-61262000000.0,0.0,0.0,0.0,0.0,0.0,0.0,0.0,0.0,0.0,0.0316478457886787,0.0,2024-01-23,0.93,bmo,4468500000.0,2025-04-25,2023-12-31,0.10752688172043,31.641269841269843,4344209.396825396
2023-09-30,SYF,USD,1601712,2023-10-24,2023-10-24 16:13:27,2023,Q3,5354000000.0,902000000.0,4452000000.0,0.8315278297,0,219000000.0,125000000.0,344000000.0,-1052000000.0,344000000.0,344000000.0,5354000000.0,992000000.0,102000000.0,1141000000.0,0.2131116922,833000000.0,0.1555846096,-189000000.0,833000000.0,0.1555846096,205000000.0,628000000.0,0.11729548,1.49,1.48,416000000,418400000,https://www.sec.gov/Archives/edgar/data/1601712/000160171223000274/0001601712-23-000274-index.htm,https://www.sec.gov/Archives/edgar/data/1601712/000160171223000274/syf-20230930.htm,12.870192307692308,1.5096153846153846,5.966346153846154,5.966346153846154,44.53125,33.09375,27.627403846153847,33.09375,38.99759615384615,12717120000.0,12305120000.0,5.062547770700637,2.375255883451625,5.123738920225624,5.123738920225625,0.9237393767705384,0.9237393767705384,2.298304071722077,10.78450482033304,4.957743755036261,4.957743755036261,0.049382250069198,0.1951699755919579,1.1063412508171715,0.1348604113725108,-0.3610867659947414,0.2206907232460895,0.8397177419354839,3.9522292993630574,0.0089642938023703,0.1815286624203821,0.0409039970115801,0.0,0.0201347630136622,0.0,0.0,0.0,0.0,33.52720936834508,0.0216566659769639,0.005674784258799,-193.8629807692308,-65416000000.0,11493000000.0,-80647000000.0,-63142000000.0,0.0,0.0,0.0,0.0,0.0,0.0,0.0,0.0,0.0,0.0456163289024478,0.0,2023-10-24,1.43,bmo,4299030000.0,2025-04-25,2023-09-30,0.0349650349650349,33.27793650793651,3670361.65079365
2023-06-30,SYF,USD,1601712,2023-07-21,2023-07-21 16:02:22,2023,Q2,3294000000.0,816000000.0,2478000000.0,0.752276867,0,451000000.0,133000000.0,584000000.0,-1070000000.0,342000000.0,342000000.0,5021000000.0,901000000.0,99000000.0,1039000000.0,0.3154219794,1530000000.0,0.4644808743,-197000000.0,742000000.0,0.2252580449,173000000.0,569000000.0,0.1727383121,1.32,1.32,422700000,424200000,https://www.sec.gov/Archives/edgar/data/1601712/000160171223000202/0001601712-23-000202-index.htm,https://www.sec.gov/Archives/edgar/data/1601712/000160171223000202/syf-20230630.htm,7.792760823278921,1.3461083510764136,4.513839602555003,4.513839602555003,40.21764845043767,31.653655074520938,26.139105748757984,31.653655074520938,35.79843860894251,14337984000.0,15862984000.0,6.299641476274165,4.352757741347905,7.514666666666668,7.514666666666667,1.071598206278027,1.071598206278027,4.815720704310868,15.267549566891242,8.313932914046122,8.313932914046122,0.0396847980859791,0.1330731014904187,1.0636023916292974,0.1309235765476508,1.467757459095284,0.2096539476605086,1.69811320754717,3.353251318101933,0.0076021845191067,0.1915641476274165,0.1369156041287189,0.0,0.0214449340828173,0.0,0.0,0.0,0.0,30.96301200388717,0.0424930257004293,0.0053494537728221,-185.2779749231133,-64086000000.0,11049000000.0,-78317000000.0,-61755000000.0,0.0,0.0,0.0,0.0,0.0,0.0,0.0,0.0,0.0,0.0425261584454409,0.0,2023-07-18,1.24,bmo,4288940000.0,2025-04-25,2023-06-30,0.0645161290322581,30.535,6031656.677419355
2023-03-31,SYF,USD,1601712,2023-04-20,2023-04-20 17:23:49,2023,Q1,3199000000.0,0.0,3199000000.0,1.0,0,451000000.0,131000000.0,582000000.0,1827000000.0,2409000000.0,2409000000.0,4786000000.0,735000000.0,111000000.0,901000000.0,0.2816505158,790000000.0,0.2469521726,0.0,790000000.0,0.2469521726,189000000.0,601000000.0,0.1878712098,1.36,1.35,434400000,437200000,https://www.sec.gov/Archives/edgar/data/1601712/000160171223000125/0001601712-23-000125-index.htm,https://www.sec.gov/Archives/edgar/data/1601712/000160171223000125/syf-20230331.htm,7.364180478821363,1.3835174953959484,4.341620626151013,4.341620626151013,44.45441988950276,30.370626151012893,24.841160220994475,30.370626151012893,36.07044198895028,12632352000.0,12263352000.0,5.254722129783694,3.9488440137542975,6.697959703075291,6.697959703075291,0.9575041309785493,0.9575041309785493,3.8334954673335417,13.610823529411764,6.502307529162248,6.502307529162248,0.0475762549998606,0.1492991962225245,1.1319639202607443,0.1384662457233456,-0.4095449500554939,0.2422170935453929,1.0748299319727892,3.1381031613976704,0.008786962237911,0.1846921797004991,0.1409815567364801,0.0,0.0222710541199595,0.0,0.0,0.0,0.0,30.74754598478163,0.021367369431507,0.0056993295464244,-173.45534069981585,-60415000000.0,10791000000.0,-75349000000.0,-58013000000.0,0.0,0.0,0.0,0.0,0.0,0.0,0.0,0.0,0.0,0.0455544606988554,0.0,2023-04-19,1.46,bmo,3973940000.0,2025-04-25,2023-03-31,-0.0753424657534245,33.58403225806452,5842058.483870967
2022-12-31,SYF,USD,1601712,2023-02-09,2023-02-09 16:55:13,2022,Q4,3093000000.0,0.0,3093000000.0,1.0,0,459000000.0,121000000.0,580000000.0,2513000000.0,3093000000.0,3093000000.0,4708000000.0,602000000.0,101000000.0,0.0,0.0,0.0,0.0,741000000.0,741000000.0,0.2395732299,164000000.0,577000000.0,0.1865502748,1.27,1.26,445800000,448900000,https://www.sec.gov/Archives/edgar/data/1601712/000160171223000037/0001601712-23-000037-index.htm,https://www.sec.gov/Archives/edgar/data/1601712/000160171223000037/syf-20221231.htm,6.938088829071332,1.294302377747869,4.143113503813369,4.143113503813369,34.03544190219829,28.876177658142662,24.73306415432929,28.876177658142662,33.18304172274563,14648988000.0,18545988000.0,6.347048526863085,4.736174587778856,7.931233351380617,7.931233351380617,1.1379622465625727,1.1379622465625727,5.996116391852571,0.0,10.04114131023281,10.04114131023281,0.0393883864195943,0.12608379500345,1.102384836479453,0.1357159251750124,0.0,0.1957806451612903,0.0,3.20103986135182,0.0077138434409257,0.1958405545927209,0.1483996120271581,0.0,0.0176638231131173,0.0,0.0,0.0,0.0,28.998730516560357,0.0,0.0056173758968817,-171.64199192462988,-62327000000.0,11026000000.0,-76518000000.0,-60480000000.0,0.0,0.0,0.0,0.0,0.0,0.0,0.0,0.0,0.0,0.0448224966985162,0.0,2023-01-23,1.11,bmo,3050477174.0,2025-04-25,2022-12-31,0.135135135135135,34.252698412698415,5437870.476190476
2022-09-30,SYF,USD,1601712,2022-10-25,2022-10-25 16:09:23,2022,Q3,3972000000.0,370000000.0,3602000000.0,0.9068479355,0,416000000.0,115000000.0,531000000.0,-974000000.0,319000000.0,319000000.0,4342000000.0,414000000.0,90000000.0,1161000000.0,0.2922960725,1325000000.0,0.3335850957,-179000000.0,922000000.0,0.2321248741,219000000.0,703000000.0,0.1769889225,1.5,1.49,468500000,470700000,https://www.sec.gov/Archives/edgar/data/1601712/000160171222000249/0001601712-22-000249-index.htm,https://www.sec.gov/Archives/edgar/data/1601712/000160171222000249/syf-20220930.htm,8.47812166488794,1.5005336179295623,3.487726787620064,3.487726787620064,36.37993596584845,27.77374599786553,23.2102454642476,27.77374599786553,31.451440768409817,13207015000.0,15566015000.0,4.696662517780939,3.325028952668681,8.082628518971848,8.082628518971848,1.0149873193974792,1.0149873193974792,3.9189363041289034,13.407420327304049,9.526324969400244,9.526324969400244,0.0532292876172246,0.1237221279751707,1.1005994466646172,0.1421213504555107,2.0318690783807063,0.2321027331036455,3.20048309178744,2.324324324324324,0.0090860803898534,0.1706970128022759,0.1047331319234642,0.0,0.0212174741480261,0.0,0.0,0.0,0.0,30.621844984043044,0.0369617887779648,0.0071277933244109,-150.92849519743862,-56389000000.0,10874000000.0,-70710000000.0,-54251000000.0,0.0,0.0,0.0,0.0,0.0,0.0,0.0,0.0,0.0,0.0540270519520442,0.0,2022-10-25,1.38,bmo,2804313556.0,2025-04-25,2022-09-30,0.0652173913043479,32.26984375,4940072.015625
2022-06-30,SYF,USD,1601712,2022-07-21,2022-07-21 16:08:21,2022,Q2,4000000000.0,252000000.0,3748000000.0,0.937,0,404000000.0,135000000.0,539000000.0,-991000000.0,320000000.0,320000000.0,4074000000.0,272000000.0,92000000.0,1284000000.0,0.321,1338000000.0,0.3345,-196000000.0,1066000000.0,0.2665,262000000.0,804000000.0,0.201,1.63,1.62,493000000,495300000,https://www.sec.gov/Archives/edgar/data/1601712/000160171222000202/0001601712-22-000202-index.htm,https://www.sec.gov/Archives/edgar/data/1601712/000160171222000202/syf-20220630.htm,8.113590263691684,1.6308316430020284,3.685598377281947,3.685598377281947,31.83367139959432,27.16632860040568,22.657200811359026,27.16632860040568,25.210953346855984,13616660000.0,15091660000.0,4.234036069651741,3.404165,7.494034122179417,7.494034122179417,1.0166997685358024,1.0166997685358024,3.772915,11.753629283489095,8.305811777655476,8.305811777655476,0.0590453165460546,0.1334394778161458,0.9077129843948332,0.1276995798319327,1.148753894080997,0.2253266331658291,4.919117647058823,2.259950248756219,0.0087392943644036,0.1480099502487562,0.101,0.0,0.0233508403361344,0.0,0.0,0.0,0.0,31.57266914403949,0.0394969948194137,0.0086472998698602,-134.10344827586206,-53956000000.0,11170000000.0,-66113000000.0,-51733000000.0,0.0,0.0,0.0,0.0,0.0,0.0,0.0,0.0,0.0,0.0600313596654969,0.0,2022-07-18,1.43,bmo,2740299614.0,2025-04-25,2022-06-30,0.1188811188811189,34.71612903225807,6907645.887096774
2022-03-31,SYF,USD,1601712,2022-04-21,2022-04-21 16:09:34,2022,Q1,3897000000.0,220000000.0,3677000000.0,0.9435463177,0,402000000.0,116000000.0,518000000.0,0.0,326000000.0,326000000.0,4022000000.0,233000000.0,93000000.0,1446000000.0,0.3710546574,1466000000.0,0.3761868104,-166000000.0,1233000000.0,0.3163972286,301000000.0,932000000.0,0.2391583269,1.81,1.79,515300000,519500000,https://www.sec.gov/Archives/edgar/data/1601712/000160171222000133/0001601712-22-000133-index.htm,https://www.sec.gov/Archives/edgar/data/1601712/000160171222000133/syf-20220331.htm,7.562584901998836,1.8086551523384435,2.709101494275179,2.709101494275179,29.53231127498545,26.03920046574811,21.665049485736464,26.03920046574811,26.378808461090628,17937593000.0,20756593000.0,4.811586105150215,4.602923530921221,12.84927865329513,12.849278653295128,1.336830600685646,1.336830600685646,5.326300487554529,14.354490318118948,14.868619627507163,14.868619627507163,0.0519579187686998,0.0778253804732887,0.9956774482039052,0.1402374379375859,1.9495159059474407,0.2221962650936646,6.291845493562231,1.497854077253219,0.0069128561451918,0.1330472103004291,0.1031562740569669,0.0,0.0236598192448591,0.0,0.0,0.0,0.0,32.552396484987874,0.0413817324834267,0.0100201047165449,-129.305259072385,-53271000000.0,11164000000.0,-66631000000.0,-51017000000.0,0.0,0.0,0.0,0.0,0.0,0.0,0.0,0.0,0.0,0.0694589357579371,0.0,2022-04-18,1.54,bmo,2663313775.0,2025-04-25,2022-03-31,0.1493506493506493,41.84129032258064,7088692.919354838
2021-12-31,SYF,USD,1601712,2022-02-10,2022-02-10 16:27:47,2021,Q4,2730000000.0,213000000.0,2517000000.0,0.921978022,0,409000000.0,167000000.0,576000000.0,-3303000000.0,-2727000000.0,-3994000000.0,4053000000.0,223000000.0,94000000.0,1256000000.0,0.4600732601,1270000000.0,0.4652014652,-196000000.0,1047000000.0,0.3835164835,234000000.0,813000000.0,0.2978021978,1.49,1.48,537800000,543000000,https://www.sec.gov/Archives/edgar/data/1601712/000160171222000053/0001601712-22-000053-index.htm,https://www.sec.gov/Archives/edgar/data/1601712/000160171222000053/syf-20211231.htm,5.0762365191521015,1.511714391967274,3.726292301970993,3.726292301970993,25.325399776868725,25.39047973224247,21.16400148754184,25.39047973224247,27.38936407586463,24948542000.0,31118542000.0,7.671753382533826,9.138660073260072,12.449372255489022,12.449372255489022,1.827062760893445,1.827062760893445,11.398733333333332,24.77590923566879,15.528214570858283,15.528214570858283,0.0325870746274471,0.0803253352440395,1.0623947272061516,0.1515123031290471,4.912420382165605,0.2015210250643624,5.695067264573991,2.4649446494464944,0.0052107253401822,0.1599015990159901,0.1498168498168498,0.0,0.0237393992563813,0.0,0.0,0.0,0.2054945054945054,29.387428548261024,0.0350174156115589,0.0086975127039315,-127.3205652658981,-53966000000.0,11382000000.0,-68473000000.0,-51693000000.0,0.0,0.0,0.0,0.0,0.0,0.0,0.0,0.0,0.0,0.0595386305382643,0.0,2022-01-28,1.48,bmo,3596640000.0,2025-04-25,2021-12-31,0.0,48.08421875,5068453.28125
2021-09-30,SYF,USD,1601712,2021-10-21,2021-10-21 16:13:06,2021,Q3,2486000000.0,211000000.0,2275000000.0,0.9151246983,0,369000000.0,110000000.0,479000000.0,0.0,306000000.0,-960000000.0,3898000000.0,240000000.0,80000000.0,1702000000.0,0.6846339501,1740000000.0,0.6999195495,-147000000.0,1500000000.0,0.603378922,359000000.0,1141000000.0,0.4589702333,2.02,2.0,560600000,565600000,https://www.sec.gov/Archives/edgar/data/1601712/000160171221000289/0001601712-21-000289-index.htm,https://www.sec.gov/Archives/edgar/data/1601712/000160171221000289/syf-20210930.htm,4.434534427399215,2.035319300749197,3.2376025686764183,3.2376025686764183,27.20299678915448,24.85907955761684,20.943631823046736,24.85907955761684,23.1894398858366,27402128000.0,30356128000.0,6.003971954425942,11.022577634754626,15.097591184573004,15.097591184573004,1.9662835820895528,1.9662835820895528,12.21083185840708,17.835562867215042,16.725139393939394,16.725139393939394,0.0416391018974876,0.0662357317650658,0.9156142365097588,0.1387906936271577,1.735605170387779,0.2337487162980334,7.25,1.5907099035933392,0.0049266246767404,0.1183172655565293,0.1484312148028962,0.0,0.0238750448676811,0.0,0.0,0.0,0.0100563153660498,33.74038677172715,0.0495789631405454,0.0127142252234182,-111.93542632893327,-49991000000.0,11741000000.0,-62751000000.0,-47796000000.0,0.0,0.0,0.0,0.0,0.0,0.0,0.0,0.0,0.0,0.0818742824339839,0.0,2021-10-19,1.51,bmo,3429020000.0,2025-04-25,2021-09-30,0.3245033112582781,48.5925,4904246.390625
2021-06-30,SYF,USD,1601712,2021-07-22,2021-07-22 16:50:32,2021,Q2,2395000000.0,229000000.0,2166000000.0,0.9043841336,0,359000000.0,114000000.0,473000000.0,-865000000.0,303000000.0,-703000000.0,3578000000.0,266000000.0,83000000.0,1858000000.0,0.775782881,1907000000.0,0.7962421712,-149000000.0,1641000000.0,0.685177453,399000000.0,1242000000.0,0.5185803758,2.13,2.12,577200000,581700000,https://www.sec.gov/Archives/edgar/data/1601712/000160171221000236/0001601712-21-000236-index.htm,https://www.sec.gov/Archives/edgar/data/1601712/000160171221000236/syf-20210630.htm,4.1493416493416495,2.151767151767152,2.4965349965349963,2.4965349965349963,29.183991683991685,24.59632709632709,20.77962577962578,24.59632709632709,23.775121275121275,28005744000.0,30345744000.0,5.637227053140097,11.693421294363256,19.434936849410136,19.43493684941013,1.9726522504754525,1.9726522504754525,12.670456784968684,16.332477933261572,21.058809160305344,21.058809160305344,0.0443480451724474,0.0514537303490312,0.9478763118968796,0.1462447156503689,1.2594187298170076,0.2617186893090751,7.169172932330827,1.1602254428341383,0.0049275605747163,0.1111111111111111,0.1498956158663883,0.0,0.0239412282513013,0.0,0.0,0.0,-0.0810020876826722,34.50833661233082,0.0521922175157657,0.0138285790633976,-105.63929313929314,-47518000000.0,11994000000.0,-60975000000.0,-45315000000.0,0.0,0.0,0.0,0.0,0.0,0.0,0.0,0.0,0.0,0.0874832711136155,0.0,2021-07-20,1.43,bmo,3418370000.0,2025-04-25,2021-06-30,0.4825174825174826,45.570317460317455,5808091.761904762
2021-03-31,SYF,USD,1601712,2021-04-27,2021-04-27 16:20:34,2021,Q1,2581000000.0,252000000.0,2329000000.0,0.902363425,0,364000000.0,95000000.0,459000000.0,-850000000.0,285000000.0,-704000000.0,3742000000.0,303000000.0,82000000.0,1543000000.0,0.5978302983,1618000000.0,0.6268888028,-152000000.0,1315000000.0,0.5094924448,290000000.0,1025000000.0,0.3971328942,1.74,1.73,583300000,587500000,https://www.sec.gov/Archives/edgar/data/1601712/000160171221000181/0001601712-21-000181-index.htm,https://www.sec.gov/Archives/edgar/data/1601712/000160171221000181/syf-20210331.htm,4.424824275672895,1.7572432710440598,3.152751585804903,3.152751585804903,39.722269843991086,23.039602262986456,19.142808160466316,23.039602262986456,26.509514829418823,23716978000.0,22256978000.0,5.784628780487804,9.189065478496705,12.896671016856986,12.896671016856985,1.7647874097775131,1.7647874097775131,8.623393258426965,14.424483473752428,12.102761283306142,12.102761283306142,0.0432179850232183,0.0775393897148279,1.1280601235210954,0.1581571974043858,-0.946208684381076,0.3445097018809011,5.33993399339934,1.794146341463415,0.0058607804080266,0.1356097560975609,0.1410306082913599,0.0,0.0237131470778475,0.0,0.0,0.0,0.129407206509105,30.18176909980096,0.0440986995078266,0.0109530780820893,-101.56866106634664,-44085000000.0,11166000000.0,-59245000000.0,-41812000000.0,0.0,0.0,0.0,0.0,0.0,0.0,0.0,0.0,0.0,0.0762705558449289,0.0,2021-04-27,1.38,bmo,3619210000.0,2025-04-25,2021-03-31,0.2536231884057972,38.55,6850615.24590164
2020-12-31,SYF,USD,1601712,2021-02-11,2021-02-11 16:51:56,2020,Q4,2694000000.0,-1047000000.0,3741000000.0,1.3886414254,0,347000000.0,139000000.0,486000000.0,-1047000000.0,-561000000.0,-1608000000.0,3993000000.0,334000000.0,93000000.0,1171000000.0,0.4346696362,1278000000.0,0.4743875278,-134000000.0,944000000.0,0.3504083148,206000000.0,738000000.0,0.2739420935,1.25,1.24,583900000,586600000,https://www.sec.gov/Archives/edgar/data/1601712/000160171221000057/0001601712-21-000057-index.htm,https://www.sec.gov/Archives/edgar/data/1601712/000160171221000057/syf-20201231.htm,4.613803733516013,1.2639150539475938,3.5725295427299195,3.5725295427299195,32.527830107895184,21.75201233087857,17.979106011303305,21.75201233087857,27.58862818975852,20267169000.0,24518169000.0,6.865572154471544,7.523076837416481,9.71580488974113,9.71580488974113,1.5957144319344934,1.5957144319344934,9.101027839643653,20.937804440649018,11.753676414189837,11.753676414189837,0.0364135711307287,0.1029250804589432,1.2420281867569485,0.164411973152124,3.6302305721605466,0.2814945458857007,3.8263473053892216,2.826558265582656,0.0068090417561525,0.1869918699186991,0.1288047512991833,0.0,0.0229603535248259,0.0,0.0,0.0,0.2783964365256124,24.871382277019716,0.0350861921189654,0.0078724198623926,-110.04281555060798,-48479000000.0,10498000000.0,-64254000000.0,-46276000000.0,0.0,0.0,0.0,0.0,0.0,0.0,0.0,0.0,0.0,0.058105660971577,0.0,2021-01-29,0.91,bmo,3769681318.0,2025-04-25,2020-12-31,0.3626373626373625,30.0565625,4503595.09375
2020-09-30,SYF,USD,1601712,2020-10-22,2020-10-22 16:51:00,2020,Q3,2689000000.0,-899000000.0,3588000000.0,1.3343250279,0,382000000.0,107000000.0,489000000.0,-899000000.0,294000000.0,-605000000.0,3837000000.0,380000000.0,97000000.0,598000000.0,0.2223875046,792000000.0,0.2945332837,-266000000.0,412000000.0,0.1532168092,99000000.0,313000000.0,0.1164001488,0.52,0.52,583800000,584800000,https://www.sec.gov/Archives/edgar/data/1601712/000160171220000253/0001601712-20-000253-index.htm,https://www.sec.gov/Archives/edgar/data/1601712/000160171220000253/synchrony930202010q.htm,4.60602946214457,0.5361425145597808,2.540253511476533,2.540253511476533,37.65673175745118,20.7245632065776,17.009249743062693,20.7245632065776,27.665296334361084,15278046000.000002,17497046000.0,12.20291214057508,5.681683153588695,10.30212137559002,10.30212137559002,1.2627527894867343,1.2627527894867343,6.50689698772778,29.25927424749164,11.798412677006068,11.798412677006068,0.0204869130515774,0.0970673867587517,1.303496156707166,0.1648685943674339,3.710702341137124,0.3243051867587183,2.0842105263157893,4.738019169329074,0.0090980220899976,0.4440894568690096,0.1420602454444031,0.0,0.0226745280060214,0.0,0.0,0.0,0.4499814057270361,15.81153652215279,0.0215891395905399,0.0033479874637657,-105.47276464542652,-45804000000.0,9930000000.0,-61575000000.0,-43635000000.0,0.0,0.0,0.0,0.0,0.0,0.0,0.0,0.0,0.0,0.0258699066038515,0.0,2020-10-20,0.72,bmo,4210875000.0,2025-04-25,2020-09-30,-0.1249999999999999,24.29125,5330423.84375
2020-06-30,SYF,USD,1601712,2020-07-23,2020-07-23 16:25:25,2020,Q2,2718000000.0,0.0,2718000000.0,1.0,0,327000000.0,91000000.0,418000000.0,-773000000.0,280000000.0,-493000000.0,3830000000.0,434000000.0,97000000.0,0.0,0.0,493000000.0,0.1813833701,-263000000.0,59000000.0,0.0217071376,11000000.0,48000000.0,0.0176600442,0.06,0.06,583700000,584400000,https://www.sec.gov/Archives/edgar/data/1601712/000160171220000204/0001601712-20-000204-index.htm,https://www.sec.gov/Archives/edgar/data/1601712/000160171220000204/synchrony630202010q.htm,4.656501627548399,0.0822340243275655,4.0791502484152815,4.0791502484152815,39.34726743189995,20.385471989035462,16.541031351721774,20.385471989035462,28.27308548912112,12934792000.0,12659792000.0,67.36870833333333,4.758937454010302,5.432503989920202,5.4325039899202014,1.0870486595512228,1.0870486595512228,4.657760117733628,0.0,5.317006299874002,5.317006299874002,0.0037109216754316,0.1840771772750578,1.3504496176149257,0.1664422439509446,0.0,0.3349130891273915,1.1359447004608294,49.60416666666666,0.0107462106851041,2.895833333333333,0.1203090507726269,0.0,0.0232432880344713,0.0,0.0,0.0,0.6155261221486387,6.141541865703847,0.0143408447426598,0.00050901378579,-105.6672948432414,-45609000000.0,9655000000.0,-61678000000.0,-43365000000.0,0.0,0.0,0.0,0.0,0.0,0.0,0.0,0.0,0.0,0.0040339524329775,0.0,2020-07-21,0.15,bmo,8727500000.0,2025-04-25,2020-06-30,-0.6,19.48126984126984,9670059.285714284
2020-03-31,SYF,USD,1601712,2020-04-22,2020-04-21 17:32:53,2020,Q1,3061000000.0,0.0,3061000000.0,1.0,0,324000000.0,111000000.0,435000000.0,-926000000.0,308000000.0,-618000000.0,4407000000.0,517000000.0,96000000.0,0.0,0.0,899000000.0,0.293694871,-247000000.0,382000000.0,0.1247958184,96000000.0,286000000.0,0.0934335185,0.45,0.45,604900000,607400000,https://www.sec.gov/Archives/edgar/data/1601712/000160171220000138/0001601712-20-000138-index.htm,https://www.sec.gov/Archives/edgar/data/1601712/000160171220000138/synchrony331202010q.htm,5.060340552157381,0.4728054223838651,2.540915853860142,2.540915853860142,32.815341378740285,19.788394775996032,16.009257728550175,19.788394775996032,29.36849065961316,9732841000.0,13276841000.0,8.507728146853147,3.179627899379288,6.33236239427456,6.332362394274561,0.8131028404344194,0.8131028404344194,4.337419470761189,0.0,8.638152895250489,8.638152895250489,0.0293850480039692,0.1579189467905619,1.4409356725146198,0.1759317815540912,0.0,0.2884335948852078,1.7388781431334623,5.374125874125874,0.015000758771257,0.5104895104895105,0.1058477621692257,0.0,0.0233174891368652,0.0,0.0,0.0,0.5478601764129369,14.50900954177018,0.0230362549945006,0.0029868827805163,-109.46933377417756,-48970000000.0,9684000000.0,-66218000000.0,-46684000000.0,0.0,0.0,0.0,0.0,0.0,0.0,0.0,0.0,0.0,0.0238930659983291,0.0,2020-04-21,-0.1,bmo,886000000.0,2025-04-25,2020-03-31,-5.5,29.15838709677419,8876615.306451613
2019-12-31,SYF,USD,1601712,2020-02-13,2020-02-13 17:31:54,2019,Q4,3104000000.0,0.0,3104000000.0,1.0,0,385000000.0,152000000.0,537000000.0,-1029000000.0,-492000000.0,-1521000000.0,4585000000.0,556000000.0,94000000.0,1188000000.0,0.3827319588,1477000000.0,0.4758376289,6622000000.0,921000000.0,0.2967139175,190000000.0,731000000.0,0.2355025773,1.15,1.15,633700000,637700000,https://www.sec.gov/Archives/edgar/data/1601712/000160171220000038/0001601712-20-000038-index.htm,https://www.sec.gov/Archives/edgar/data/1601712/000160171220000038/synchrony1231201910k.htm,4.898216821839988,1.1535426858134763,3.686286886539372,3.686286886539372,28.49613381726369,23.80937352059334,20.11204039766451,23.80937352059334,32.2266056493609,22819537000.0,30538537000.0,7.804219220246238,7.3516549613402065,9.76863741438356,9.768637414383562,1.512429546659597,1.512429546659597,9.838446198453608,25.705839225589227,13.073003852739726,13.073003852739726,0.0320339540631345,0.1023684222865696,1.316675503711559,0.1895140518573636,6.497474747474747,0.258444011907488,2.656474820143885,3.19562243502052,0.0061789159000027,0.1928864569083447,0.1240335051546391,0.0,0.0223513250529448,0.0,0.0,0.0,0.3556701030927835,24.85890977629216,0.0335383243259933,0.0071328903330308,-113.11346062805744,-51814000000.0,12745000000.0,-71680000000.0,-49471000000.0,0.0,0.0,0.0,0.0,0.0,0.0,0.0,0.0,0.0,0.0484490986214209,0.0,2020-01-24,1.08,bmo,4057854545.0,2025-04-25,2019-12-31,0.0185185185185185,35.78859375,4635453.59375
2019-09-30,SYF,USD,1601712,2019-10-25,2019-10-24 18:45:50,2019,Q3,3458000000.0,0.0,3458000000.0,1.0,0,359000000.0,139000000.0,498000000.0,-1016000000.0,344000000.0,-672000000.0,4981000000.0,592000000.0,94000000.0,1469000000.0,0.4248120301,1967000000.0,0.5688259109,-234000000.0,1375000000.0,0.3976286871,319000000.0,1056000000.0,0.3053788317,1.6,1.6,658300000,661700000,https://www.sec.gov/Archives/edgar/data/1601712/000160171219000242/0001601712-19-000242-index.htm,https://www.sec.gov/Archives/edgar/data/1601712/000160171219000242/synchrony930201910q.htm,5.252924198693605,1.604131854777457,3.644235151146894,3.644235151146894,24.37338599422755,22.968251557040865,19.54276165881817,22.968251557040865,31.831991493240164,22441447000.000004,31343447000.000004,5.31284256628788,6.489718623481783,9.354500625260526,9.354500625260528,1.4842226851851854,1.4842226851851854,9.064039039907462,21.33658747447243,13.065213422259276,13.065213422259276,0.0470557892278514,0.1069004151113784,1.3467592592592592,0.1922071302492849,6.059904697072839,0.2277178541016179,3.322635135135135,2.271780303030303,0.0064612589375364,0.137310606060606,0.1038172353961827,0.0,0.0212850306296782,0.0,0.0,0.0,0.294679005205321,28.79222706481389,0.0425740777273624,0.0101843993519018,-113.59258696642868,-54415000000.0,12865000000.0,-74778000000.0,-52160000000.0,0.0,0.0,0.0,0.0,0.0,0.0,0.0,0.0,0.0,0.0698412698412698,0.0,2019-10-18,1.13,bmo,4143950819.0,2025-04-25,2019-09-30,0.0796460176991151,34.29421875,4371505.109375
2019-06-30,SYF,USD,1601712,2019-07-25,2019-07-25 16:58:58,2019,Q2,3386000000.0,0.0,3386000000.0,1.0,0,358000000.0,135000000.0,493000000.0,-859000000.0,366000000.0,-493000000.0,4738000000.0,583000000.0,92000000.0,1221000000.0,0.3606024808,1712000000.0,0.5056113408,-212000000.0,1129000000.0,0.3334317779,276000000.0,853000000.0,0.2519196692,1.25,1.24,683600000,686500000,https://www.sec.gov/Archives/edgar/data/1601712/000160171219000184/0001601712-19-000184-index.htm,https://www.sec.gov/Archives/edgar/data/1601712/000160171219000184/synchrony630201910q.htm,4.953188999414863,1.2478057343475717,2.8759508484493854,2.8759508484493854,26.187829139847864,21.55354008191925,18.19923932124049,21.55354008191925,31.92949093036864,23973852000.0,33462852000.0,7.026334114888629,7.080287064382753,12.194227873855546,12.194227873855544,1.6271108999592778,1.6271108999592778,9.882708800945068,27.4061031941032,17.02077924720244,17.02077924720244,0.0355804315468369,0.082006012216977,1.441835211076422,0.1996841749069444,7.771498771498772,0.2542536571509728,2.9365351629502574,2.3048065650644785,0.0060482562418421,0.1699882766705744,0.1057294743059657,0.0,0.021553182689777,0.0,0.0,0.0,0.3538098050797401,24.59937388366733,0.0359518987614761,0.0081944377731879,-107.88765359859568,-52508000000.0,12441000000.0,-73752000000.0,-50215000000.0,0.0,0.0,0.0,0.0,0.0,0.0,0.0,0.0,0.0,0.0578933079951133,0.0,2019-07-19,0.95,bmo,4157474226.0,2025-04-25,2019-06-30,0.0210526315789473,33.8968253968254,6257848.095238095
2019-03-31,SYF,USD,1601712,2019-04-25,2019-04-25 17:01:33,2019,Q1,3364000000.0,0.0,3364000000.0,1.0,0,353000000.0,123000000.0,476000000.0,-954000000.0,355000000.0,-599000000.0,4786000000.0,560000000.0,87000000.0,1549000000.0,0.4604637337,2022000000.0,0.6010701546,-222000000.0,1462000000.0,0.4346016647,355000000.0,1107000000.0,0.3290725327,1.57,1.56,706300000,708900000,https://www.sec.gov/Archives/edgar/data/1601712/000160171219000124/0001601712-19-000124-index.htm,https://www.sec.gov/Archives/edgar/data/1601712/000160171219000124/synchrony331201910q.htm,4.762848647883335,1.5673226674217755,3.240832507433102,3.240832507433102,26.148945207418944,20.825428288262778,17.519467648308083,20.825428288262778,31.78677615744018,23011254000.0,31939254000.0,5.196760162601626,6.840444114149822,10.05297247706422,10.05297247706422,1.56443361207424,1.56443361207424,9.494427467300833,20.619273079406067,13.953365661861074,13.953365661861074,0.0481068958692994,0.0994730665264917,1.4882724862329186,0.2077260305169665,5.7637185280826335,0.2685072109792975,3.6107142857142858,2.067750677506775,0.0065185495757858,0.1355013550135501,0.1049346016646848,0.0,0.0221570636908828,0.0,0.0,0.0,0.2553507728894174,27.09988433253213,0.0418311991208988,0.0107424623237488,-102.23134645334844,-50315000000.0,12374000000.0,-72206000000.0,-47980000000.0,0.0,0.0,0.0,0.0,0.0,0.0,0.0,0.0,0.0,0.0752600448704874,0.0,2019-04-18,0.88,bmo,4015740000.0,2025-04-25,2019-03-31,0.1363636363636363,30.07983606557377,7746611.967213115
2018-12-31,SYF,USD,1601712,2019-02-15,2019-02-15 16:23:05,2018,Q4,3542000000.0,0.0,3542000000.0,1.0,0,353000000.0,166000000.0,519000000.0,-855000000.0,-336000000.0,-1191000000.0,4876000000.0,543000000.0,80000000.0,1092000000.0,0.3083003953,1555000000.0,0.4390175042,4971000000.0,1012000000.0,0.2857142857,229000000.0,783000000.0,0.2210615471,1.09,1.09,718700000,720900000,https://www.sec.gov/Archives/edgar/data/1601712/000160171219000053/0001601712-19-000053-index.htm,https://www.sec.gov/Archives/edgar/data/1601712/000160171219000053/synchrony1231201810k.htm,4.92834284124113,1.0894670933630166,3.584249339084458,3.584249339084458,21.508278836788648,20.42298594684848,17.416168081257826,20.42298594684848,34.14359259774593,16860702000.0,31460702000.0,5.383365900383142,4.760220779220779,6.545303571428572,6.545303571428572,1.1487056819730208,1.1487056819730208,8.882185770750988,28.810166666666667,12.213005434782607,12.213005434782607,0.0464393475431805,0.1527813017512556,1.634827633192533,0.2246984792868379,13.36996336996337,0.2269297395695704,2.863720073664825,3.289910600255428,0.0089557362439594,0.1928480204342273,0.0996612083568605,0.0,0.0202355981721477,0.0,0.0,0.0,0.0,22.37473688313232,0.0311094655415972,0.0074834418097886,-106.6592458605816,-52660000000.0,12517000000.0,-76656000000.0,-50499000000.0,0.0,0.0,0.0,0.0,0.0,0.0,0.0,0.0,0.0,0.0533451423899713,0.0,2019-01-23,0.93,bmo,3751568807.0,2025-04-25,2018-12-31,0.1720430107526881,27.05396825396825,6538797.222222222
2018-09-30,SYF,USD,1601712,2018-10-25,2018-10-25 16:21:03,2018,Q3,3398000000.0,-871000000.0,4269000000.0,1.2563272513,0,365000000.0,131000000.0,496000000.0,-871000000.0,363000000.0,-508000000.0,4694000000.0,488000000.0,78000000.0,971000000.0,0.2857563273,1381000000.0,0.4064155386,-221000000.0,893000000.0,0.262801648,222000000.0,671000000.0,0.1974690995,0.91,0.91,734900000,738800000,https://www.sec.gov/Archives/edgar/data/1601712/000160171218000265/0001601712-18-000265-index.htm,https://www.sec.gov/Archives/edgar/data/1601712/000160171218000265/synchrony930201810q.htm,4.623758334467275,0.9130493944754388,3.653558307252688,3.653558307252688,26.3287522111852,19.044767995645667,16.147775207511227,19.044767995645667,32.969111443733844,23134652000.0,34807652000.0,8.619467958271237,6.8083143025309,8.61625772811918,8.61625772811918,1.6529474135467277,1.6529474135467277,10.243570335491466,35.847221421215245,12.963743761638732,12.963743761638732,0.0290041103708843,0.1160596666852823,1.696270362960846,0.2270888134296236,12.0216271884655,0.289621003472638,2.829918032786886,4.001490312965723,0.0067431314722175,0.232488822652757,0.107416127133608,0.0,0.0203644363671146,0.0,0.0,0.0,0.4270158917010005,19.77999778672545,0.0274977632219171,0.0065517106702077,-96.88392978636548,-47459000000.0,11867000000.0,-71200000000.0,-45330000000.0,0.0,0.0,0.0,0.0,0.0,0.0,0.0,0.0,0.0,0.047942269219777,0.0,2018-10-19,0.8,bmo,3752967032.0,2025-04-25,2018-09-30,0.1374999999999999,31.85936507936508,6102863.206349206
2018-06-30,SYF,USD,1601712,2018-07-27,2018-07-27 16:05:55,2018,Q2,3800000000.0,0.0,3800000000.0,1.0,0,351000000.0,110000000.0,461000000.0,-653000000.0,287000000.0,287000000.0,4174000000.0,437000000.0,73000000.0,965000000.0,0.2539473684,1329000000.0,0.3497368421,-238000000.0,892000000.0,0.2347368421,196000000.0,696000000.0,0.1831578947,0.93,0.92,752200000,758300000,https://www.sec.gov/Archives/edgar/data/1601712/000160171218000209/0001601712-18-000209-index.htm,https://www.sec.gov/Archives/edgar/data/1601712/000160171218000209/synchrony630201810q.htm,5.051847912789152,0.925285828237171,2.8795533102898165,2.8795533102898165,29.85110342993885,19.220951874501463,16.71231055570327,19.220951874501463,29.4575910662058,25108436000.000004,31154436000.000004,9.018834770114944,6.6074831578947375,11.592075715604802,11.592075715604803,1.7366465624567715,1.7366465624567715,8.198535789473684,32.2843896373057,14.383396121883658,14.383396121883658,0.0277197671730728,0.0862658271506835,1.5023516392308756,0.2191339964891749,6.265284974093264,0.3567354590661392,3.0411899313501145,3.112068965517241,0.0045004794404557,0.1623563218390804,0.0923684210526315,0.0,0.0190371461431367,0.0,0.0,0.0,0.3368421052631579,20.00399143748217,0.0286624168295236,0.0071579163881318,-82.70406806700346,-40489000000.0,12571000000.0,-62210000000.0,-38602000000.0,0.0,0.0,0.0,0.0,0.0,0.0,0.0,0.0,0.0,0.0481394383732189,0.0,2018-07-27,0.82,bmo,3386956521.0,2025-04-25,2018-06-30,0.1219512195121952,34.3578125,4823090.078125
2018-03-31,SYF,USD,1601712,2018-04-26,2018-04-26 17:27:38,2018,Q1,3197000000.0,0.0,3197000000.0,1.0,0,358000000.0,121000000.0,479000000.0,-720000000.0,287000000.0,-433000000.0,4244000000.0,402000000.0,71000000.0,918000000.0,0.2871441977,1249000000.0,0.3906787613,-239000000.0,847000000.0,0.2649358774,207000000.0,640000000.0,0.2001876759,0.84,0.83,763700000,770300000,https://www.sec.gov/Archives/edgar/data/1601712/000160171218000155/0001601712-18-000155-index.htm,https://www.sec.gov/Archives/edgar/data/1601712/000160171218000155/synchrony331201810q.htm,4.18619876915019,0.8380254026450177,2.5075291344768886,2.5075291344768886,25.27563179258871,18.797957313081053,16.478983894199292,18.797957313081053,28.043734450700537,25606861000.0,33577861000.0,10.002680078125,8.009653112292774,13.37172898172324,13.371728981723235,1.7837044441348566,1.7837044441348566,10.502928057553955,36.57719063180828,17.534131070496084,17.534131070496084,0.024993301599911,0.0747846446309838,1.4638478684870435,0.2199164913822874,8.683006535947712,0.3207117697879976,3.106965174129354,2.9921875,0.0044519318474841,0.178125,0.1119799812324053,0.0,0.0185330528783264,0.0,0.0,0.0,0.4260243978730059,18.826742397171863,0.0266815873848856,0.0068239007122446,-81.0527694120728,-40885000000.0,12585000000.0,-61900000000.0,-39114000000.0,0.0,0.0,0.0,0.0,0.0,0.0,0.0,0.0,0.0,0.0445806631373641,0.0,2018-04-20,0.75,bmo,3539457831.0,2025-04-25,2018-03-31,0.1066666666666666,37.11245901639344,6892575.049180328
2017-12-31,SYF,USD,1601712,2018-02-22,2018-02-22 16:56:29,2017,Q4,3199000000.0,0.0,3199000000.0,1.0,0,333000000.0,156000000.0,489000000.0,-779000000.0,-290000000.0,-1069000000.0,4291000000.0,375000000.0,67000000.0,942000000.0,0.2944670209,1250000000.0,0.3907471085,4340000000.0,875000000.0,0.2735229759,490000000.0,385000000.0,0.1203501094,0.49,0.49,778700000,784000000,https://www.sec.gov/Archives/edgar/data/1601712/000160171218000107/0001601712-18-000107-index.htm,https://www.sec.gov/Archives/edgar/data/1601712/000160171218000107/synchrony1231201710k.htm,4.108128932836779,0.4944137665339668,3.1719532554257097,3.1719532554257097,20.64337999229485,18.27918325414152,16.044689867728266,18.27918325414152,27.191472967766792,30065607000.0,39262607000.0,19.52312142857143,9.39843919974992,12.172310526315789,12.172310526315789,2.1122387944358576,2.1122387944358576,12.273400125039077,41.680049893842885,15.895792307692307,15.895792307692307,0.0128053293585591,0.0821536714691973,1.4612196150063228,0.2170904308617234,9.763269639065818,0.2645002056766762,3.333333333333333,6.415584415584416,0.003924750296909,0.3064935064935065,0.1040950296967802,0.0,0.0181613226452905,0.0,0.0,0.0,0.4232572678962176,14.259849103041246,0.0156994833442753,0.0040927839435302,-84.11326569924233,-44700000000.0,12494000000.0,-65499000000.0,-42960000000.0,0.0,0.0,0.0,0.0,0.0,0.0,0.0,0.0,0.0,0.0270479134466769,0.0,2018-01-19,0.63,bmo,3580200000.0,2025-04-25,2017-12-31,0.111111111111111,34.219206349206345,6187108.888888889
2017-09-30,SYF,USD,1601712,2017-10-26,2017-10-26 16:31:02,2017,Q3,3147000000.0,0.0,3147000000.0,1.0,0,335000000.0,124000000.0,459000000.0,-805000000.0,285000000.0,-520000000.0,4233000000.0,357000000.0,69000000.0,948000000.0,0.3012392755,1236000000.0,0.3927550048,-244000000.0,879000000.0,0.279313632,324000000.0,555000000.0,0.1763584366,0.7,0.7,787300000,790900000,https://www.sec.gov/Archives/edgar/data/1601712/000160171217000148/0001601712-17-000148-index.htm,https://www.sec.gov/Archives/edgar/data/1601712/000160171217000148/synchrony930201710q.htm,3.997205639527499,0.7049409373809221,3.7190397561285407,3.7190397561285407,21.868411025022223,18.292899784072144,16.053600914517972,18.292899784072144,25.728438968626957,24445665000.0,30429665000.0,11.011560810810812,7.767926596758818,8.34892930327869,8.34892930327869,1.6973798777947509,1.6973798777947509,9.669420082618366,32.09880274261604,10.392645150273225,10.392645150273225,0.0227034118319137,0.1197758375564747,1.3816830995695042,0.2150127501404676,6.312236286919831,0.295586038765945,3.46218487394958,5.275675675675676,0.0048270317048032,0.2126126126126126,0.1064505878614553,0.0,0.0190495742749708,0.0,0.0,0.0,0.4162694629806164,17.033696405272092,0.0227518018808196,0.0061133447155367,-77.38981328591389,-41030000000.0,12639000000.0,-60929000000.0,-39267000000.0,0.0,0.0,0.0,0.0,0.0,0.0,0.0,0.0,0.0,0.0385363144007776,0.0,2017-10-20,0.64,bmo,3613257142.0,2025-04-25,2017-09-30,0.0937499999999999,29.907777777777778,6240656.19047619
2017-06-30,SYF,USD,1601712,2017-07-28,2017-07-28 09:00:14,2017,Q2,3025000000.0,0.0,3025000000.0,1.0,0,321000000.0,124000000.0,445000000.0,-669000000.0,282000000.0,-387000000.0,3970000000.0,333000000.0,59000000.0,847000000.0,0.28,1121000000.0,0.3705785124,-223000000.0,788000000.0,0.2604958678,292000000.0,496000000.0,0.1639669421,0.62,0.61,804000000,807400000,https://www.sec.gov/Archives/edgar/data/1601712/000160171217000089/0001601712-17-000089-index.htm,https://www.sec.gov/Archives/edgar/data/1601712/000160171217000089/synchrony630201710q.htm,3.762437810945274,0.6169154228855721,2.199004975124378,2.199004975124378,19.902985074626866,17.82587064676617,15.614427860696518,17.82587064676617,26.171641791044777,23975280000.0,32664280000.0,12.084314516129034,7.925712396694215,13.560678733031674,13.560678733031674,1.6728495674016188,1.6728495674016188,10.79810909090909,38.56467532467533,18.47527149321267,18.47527149321267,0.0206879752812063,0.0737426215668805,1.4449483672899806,0.2272218564845293,10.258559622195984,0.2852457263052817,3.3663663663663663,3.564516129032258,0.0043795108962231,0.2116935483870967,0.1061157024793388,0.0,0.0195084485407066,0.0,0.0,0.0,0.4383471074380165,15.730026283765335,0.0201365275224367,0.0055504576889505,-75.62935323383084,-40097000000.0,12554000000.0,-60806000000.0,-38319000000.0,0.0,0.0,0.0,0.0,0.0,0.0,0.0,0.0,0.0,0.0346078704995813,0.0,2017-07-21,0.57,bmo,3451770491.0,2025-04-25,2017-06-30,0.0701754385964913,29.645396825396823,9731817.0
2017-03-31,SYF,USD,1601712,2017-05-01,2017-05-01 17:30:54,2017,Q1,2996000000.0,0.0,2996000000.0,1.0,0,325000000.0,94000000.0,419000000.0,-684000000.0,245000000.0,-439000000.0,3913000000.0,326000000.0,59000000.0,841000000.0,0.2807076101,1108000000.0,0.3698264352,-250000000.0,782000000.0,0.2610146862,283000000.0,499000000.0,0.1665554072,0.61,0.61,813100000,817100000,https://www.sec.gov/Archives/edgar/data/1601712/000160171217000056/0001601712-17-000056-index.htm,https://www.sec.gov/Archives/edgar/data/1601712/000160171217000056/synchrony331201710q.htm,3.6846636330094698,0.6137006518263436,2.152256794982167,2.152256794982167,20.544828434386915,17.664493912187922,15.428606567457877,17.664493912187922,25.23674824744804,27889330000.0,36691330000.0,13.97261022044088,9.308855140186914,15.936759999999998,15.936759999999998,1.941748242010722,1.941748242010722,12.246772363150868,43.62821640903686,20.966474285714284,20.966474285714284,0.0178921472835668,0.062748011515515,1.405973682378333,0.226771476698484,10.466111771700357,0.3065531352650799,3.398773006134969,3.5070140280561124,0.0037648806909309,0.2104208416833667,0.1084779706275033,0.0,0.0204154969118472,0.0,0.0,0.0,0.4359145527369826,15.617810574215408,0.02045961796171,0.0057203778429933,-71.30980199237486,-37788000000.0,12545000000.0,-57982000000.0,-35970000000.0,0.0,0.0,0.0,0.0,0.0,0.0,0.0,0.0,0.0,0.0347420455336628,0.0,2017-04-28,0.73,bmo,4403934426.0,2025-04-25,2017-03-31,-0.1643835616438356,35.87387096774193,5710568.612903226
2016-12-31,SYF,USD,1601712,2017-02-23,2017-02-23 16:54:20,2016,Q4,2902000000.0,0.0,2902000000.0,1.0,0,315000000.0,130000000.0,445000000.0,-811000000.0,-366000000.0,-1177000000.0,3947000000.0,319000000.0,55000000.0,963000000.0,0.3318401103,1227000000.0,0.4228118539,4499000000.0,908000000.0,0.3128876637,332000000.0,576000000.0,0.1984838043,0.7,0.7,820500000,823800000,https://www.sec.gov/Archives/edgar/data/1601712/000160171217000031/0001601712-17-000031-index.htm,https://www.sec.gov/Archives/edgar/data/1601712/000160171217000031/synchrony1231201610k.htm,3.536867763558805,0.7020109689213894,2.481413772090189,2.481413772090189,17.569774527726995,17.30164533820841,15.277269957343083,17.30164533820841,24.94332723948812,29759535000.000004,40585535000.0,12.91646484375,10.254836319779464,14.616667485265229,14.616667485265229,2.096332417582418,2.096332417582418,13.985366988283944,42.14489615784008,19.93395628683693,19.93395628683693,0.0193551411337576,0.0684150474797405,1.4192025922795153,0.2233418692562661,11.241952232606438,0.2580552771015323,3.846394984326019,3.5347222222222223,0.0035954862870001,0.1857638888888889,0.1085458304617505,0.0,0.0184132051836332,0.0,0.0,0.0,0.3707787732598208,16.531296324720675,0.0226643343179156,0.0065050933977819,-75.07007921998782,-41448000000.0,12535000000.0,-61595000000.0,-39787000000.0,0.0,0.0,0.0,0.0,0.0,0.0,0.0,0.0,0.0,0.040574809805579,0.0,2017-01-20,0.67,bmo,3553871428.0,2025-04-25,2016-12-31,0.0447761194029849,31.924920634920635,7426383.73015873
2016-09-30,SYF,USD,1601712,2016-10-27,2016-10-27 16:56:07,2016,Q3,2808000000.0,0.0,2808000000.0,1.0,0,311000000.0,92000000.0,403000000.0,-757000000.0,266000000.0,-491000000.0,3796000000.0,315000000.0,56000000.0,1019000000.0,0.3628917379,1278000000.0,0.4551282051,-195000000.0,963000000.0,0.3429487179,359000000.0,604000000.0,0.2150997151,0.73,0.73,828400000,830600000,https://www.sec.gov/Archives/edgar/data/1601712/000160171216000175/0001601712-16-000175-index.htm,https://www.sec.gov/Archives/edgar/data/1601712/000160171216000175/synchrony930201610q.htm,3.389666827619508,0.7291163689039112,2.1909705456301305,2.1909705456301305,20.43577981651376,16.877112506035733,14.846692419121196,16.877112506035733,24.72477064220184,23195200000.0,29774200000.0,9.60066225165563,8.26039886039886,12.779724517906336,12.779724517906336,1.6590515699878403,1.6590515699878403,10.60334757834758,29.219038272816487,16.40451790633609,16.40451790633609,0.0260398703179968,0.0782489480582189,1.442457621057149,0.2313817276471735,6.456329735034347,0.3193488143970119,4.057142857142857,3.0049668874172184,0.0046130233841484,0.1771523178807947,0.1107549857549857,0.0,0.019298064456912,0.0,0.0,0.0,0.3511396011396011,16.6394419146085,0.0234734125997992,0.0070662283421271,-67.90077257363592,-36082000000.0,12299000000.0,-56249000000.0,-34400000000.0,0.0,0.0,0.0,0.0,0.0,0.0,0.0,0.0,0.0,0.0432014877333524,0.0,2016-10-21,0.67,bmo,3271986301.0,2025-04-25,2016-09-30,0.08955223880597,27.46890625,6405731.65625
2016-06-30,SYF,USD,1601712,2016-07-28,2016-07-28 17:14:25,2016,Q2,2631000000.0,0.0,2631000000.0,1.0,0,301000000.0,107000000.0,408000000.0,-664000000.0,261000000.0,-403000000.0,3515000000.0,303000000.0,54000000.0,0.0,0.0,1074000000.0,0.4082098062,-196000000.0,771000000.0,0.2930444698,282000000.0,489000000.0,0.1858608894,0.59,0.58,833900000,836200000,https://www.sec.gov/Archives/edgar/data/1601712/000160171216000143/0001601712-16-000143-index.htm,https://www.sec.gov/Archives/edgar/data/1601712/000160171216000143/synchrony630201610q.htm,3.15505456289723,0.5864012471519366,1.7651996642283247,1.7651996642283247,17.382180117520086,16.446816165007796,14.464564096414438,16.446816165007796,23.50161889914858,21080992000.0,28588992000.0,10.777603271983642,8.012539718738122,14.321326086956525,14.32132608695652,1.5370756106452788,1.5370756106452788,10.866207525655645,0.0,19.421869565217392,19.421869565217392,0.0231962518651873,0.0698259360849812,1.4068538096974117,0.2342080986599339,0.0,0.2935755660874144,3.5445544554455446,3.010224948875256,0.0,0.0,0.1144051691372101,0.0,0.0200645756457564,0.0,0.0,0.0,0.3880653743823641,14.730911512662145,0.0206354164579298,0.0060571527665952,-64.96462405564216,-34879000000.0,12062000000.0,-54174000000.0,-33226000000.0,0.0,0.0,0.0,0.0,0.0,0.0,0.0,0.0,0.0,0.0356543930003645,0.0,2016-07-22,0.54,bmo,3067758620.0,2025-04-25,2016-06-30,0.0740740740740739,29.108125,8805150.21875
2016-03-31,SYF,USD,1601712,2016-04-28,2016-04-28 17:18:46,2016,Q1,2631000000.0,0.0,2631000000.0,1.0,0,280000000.0,94000000.0,374000000.0,-670000000.0,240000000.0,-430000000.0,3520000000.0,311000000.0,54000000.0,0.0,0.0,1239000000.0,0.4709236032,-198000000.0,928000000.0,0.3527175979,346000000.0,582000000.0,0.2212086659,0.7,0.7,833800000,835500000,https://www.sec.gov/Archives/edgar/data/1601712/000160171216000109/0001601712-16-000109-index.htm,https://www.sec.gov/Archives/edgar/data/1601712/000160171216000109/synchrony331201610q.htm,3.155432957543776,0.6980091148956584,1.798992564164068,1.798992564164068,18.51043415687215,15.835931878148235,13.855840729191652,15.835931878148235,24.930438954185657,23896708000.0,31872708000.0,10.264908934707904,9.082747244393769,15.931138666666667,15.931138666666667,1.8098082399272948,1.8098082399272948,12.114294184720638,0.0,21.248472,21.248472,0.0243548190821932,0.0627701522736939,1.5507421993335353,0.2507592828451063,0.0,0.3217025179256295,3.9839228295819935,2.577319587628866,0.0,0.0,0.1064234131508932,0.0,0.0202189673753306,0.0,0.0,0.0,0.3432155074116305,15.770433027054754,0.023071415042182,0.0072745453409161,-63.58599184456704,-32542000000.0,11553000000.0,-53018000000.0,-30891000000.0,0.0,0.0,0.0,0.0,0.0,0.0,0.0,0.0,0.0,0.0440775522568918,0.0,2016-04-22,0.69,bmo,3253842857.0,2025-04-25,2016-03-31,0.0144927536231884,27.7772131147541,9710181.786885248
2015-12-31,SYF,USD,1601712,2016-02-25,2016-02-25 17:26:46,2015,Q4,2561000000.0,0.0,2561000000.0,1.0,0,285000000.0,128000000.0,413000000.0,-734000000.0,-321000000.0,-1055000000.0,3509000000.0,301000000.0,47000000.0,0.0,0.0,1169000000.0,0.4564623194,4365000000.0,868000000.0,0.3389301054,321000000.0,547000000.0,0.213588442,0.66,0.65,833800000,835800000,https://www.sec.gov/Archives/edgar/data/1601712/000160171216000069/0001601712-16-000069-index.htm,https://www.sec.gov/Archives/edgar/data/1601712/000160171216000069/synchrony1231201510k.htm,3.071479971216119,0.6560326217318302,2.2655313024706163,2.2655313024706163,18.53202206764212,15.116334852482607,13.137443031902135,15.116334852482607,29.47949148476853,25355858000.0,37309858000.0,11.588600548446069,9.90076454509957,13.42289994706194,13.422899947061936,2.011731037765789,2.011731037765789,14.568472471690743,0.0,19.751115934356804,19.751115934356804,0.0215729240950947,0.0744995495715428,1.9262932402411928,0.2890701273961186,0.0,0.3280191903538752,3.883720930232558,3.453382084095064,0.0,0.0,0.1112846544318625,0.0,0.0196451958566496,0.0,0.0,0.0,0.3213588442014838,14.937476281006578,0.0199735781761507,0.006643186786495,-67.083233389302,-31655000000.0,10954000000.0,-55934000000.0,-30005000000.0,0.0,0.0,0.0,0.0,0.0,0.0,0.0,0.0,0.0,0.0433989209774674,0.0,2016-01-22,0.63,bmo,3193615384.0,2025-04-25,2015-12-31,0.0317460317460317,31.32625,14289044.609375
2015-09-30,SYF,USD,1601712,2015-10-30,2015-10-30 09:13:39,2015,Q3,2464000000.0,0.0,2464000000.0,1.0,0,268000000.0,115000000.0,383000000.0,-723000000.0,277000000.0,-446000000.0,3392000000.0,289000000.0,46000000.0,0.0,0.0,1208000000.0,0.4902597403,-221000000.0,919000000.0,0.3729707792,345000000.0,574000000.0,0.2329545455,0.69,0.69,833800000,835800000,https://www.sec.gov/Archives/edgar/data/1601712/000160171215000032/0001601712-15-000032-index.htm,https://www.sec.gov/Archives/edgar/data/1601712/000160171215000032/synchrony930201510q.htm,2.955145118733509,0.6884144878867834,1.5795154713360515,1.5795154713360515,19.01175341808587,14.581434396737826,12.668505636843369,14.581434396737826,28.987766850563684,26097940000.0,37707940000.0,11.366698606271775,10.591696428571428,19.81620349278664,19.81620349278664,2.1465652245435107,2.1465652245435107,15.303547077922078,0.0,28.63169324221716,28.63169324221716,0.0219940730954243,0.0504637530778291,1.9642210889949008,0.3006092495153697,0.0,0.3652282100315646,4.179930795847751,2.294425087108014,0.0,0.0,0.1087662337662337,0.0,0.0200775408474106,0.0,0.0,0.0,0.2849025974025974,15.028525895440062,0.020935849299518,0.0073734376404999,-61.68385704005757,-27551000000.0,10563000000.0,-51432000000.0,-25956000000.0,0.0,0.0,0.0,0.0,0.0,0.0,0.0,0.0,0.0,0.047211712452706,0.0,2015-10-16,0.66,bmo,3048434782.0,2025-04-25,2015-09-30,0.0454545454545453,33.17515625,1321080.140625
2015-06-30,SYF,USD,1601712,2015-07-31,2015-07-31 09:00:17,2015,Q2,2406000000.0,0.0,2406000000.0,1.0,0,250000000.0,108000000.0,358000000.0,-621000000.0,264000000.0,-357000000.0,3177000000.0,270000000.0,44000000.0,0.0,0.0,1131000000.0,0.470074813,-217000000.0,861000000.0,0.3578553616,320000000.0,541000000.0,0.2248545303,0.65,0.65,833800000,835400000,https://www.sec.gov/Archives/edgar/data/1601712/000160171215000026/0001601712-15-000026-index.htm,https://www.sec.gov/Archives/edgar/data/1601712/000160171215000026/synchrony630201510q.htm,2.885584072919165,0.6488366514751739,1.5747181578316145,1.5747181578316145,17.136003837850804,13.885823938594386,12.058047493403691,13.885823938594386,28.738306548332933,27457034000.0,40528034000.0,12.688093345656192,11.411901080631754,20.91167859862909,20.91167859862909,2.37148333045431,2.37148333045431,16.844569409808813,0.0,30.866743335872048,30.866743335872048,0.0197035120399384,0.0478201687771519,2.0462946968388325,0.3127656765676567,0.0,0.3529644268774703,4.188888888888889,2.426987060998151,0.0,0.0,0.1039068994181213,0.0,0.0201188118811881,0.0,0.0,0.0,0.3075644222776392,14.23786180976822,0.0201488961708038,0.0072885511815266,-59.82729671384025,-26192000000.0,10054000000.0,-49884000000.0,-24668000000.0,0.0,0.0,0.0,0.0,0.0,0.0,0.0,0.0,0.0,0.0467265503541198,0.0,2015-07-17,0.61,bmo,2840723076.0,2025-04-25,2015-06-30,0.0655737704918033,31.94111111111111,935269.4126984128
2015-03-31,SYF,USD,1601712,2015-05-01,2015-05-01 07:59:59,2015,Q1,2316000000.0,0.0,2316000000.0,1.0,0,239000000.0,82000000.0,321000000.0,-660000000.0,244000000.0,-416000000.0,3150000000.0,275000000.0,37000000.0,0.0,0.0,1158000000.0,0.5,-200000000.0,883000000.0,0.3812607945,331000000.0,552000000.0,0.2383419689,0.66,0.66,833800000,835000000,https://www.sec.gov/Archives/edgar/data/1601712/000160171215000015/0001601712-15-000015-index.htm,https://www.sec.gov/Archives/edgar/data/1601712/000160171215000015/synchrony331201510q.htm,2.7776445190693213,0.662029263612377,1.996881746222116,1.996881746222116,17.17917965939074,13.235787958743105,11.42959942432238,13.235787958743105,29.185656032621733,25305830000.0,38147830000.0,11.46097373188406,10.926524179620037,15.1986966966967,15.198696696696697,2.293025552736499,2.293025552736499,16.471429188255613,0.0,22.91160960960961,22.91160960960961,0.0218131553084802,0.0657951151967748,2.180137731061979,0.3308535361174901,0.0,0.380704318936877,4.210909090909091,3.016304347826087,0.0,0.0,0.103195164075993,0.0,0.0207092861759326,0.0,0.0,0.0,0.2966321243523316,14.041217059153595,0.0206266791025992,0.0077511760162887,-56.80139122091629,-23301000000.0,9530000000.0,-47361000000.0,-21795000000.0,0.0,0.0,0.0,0.0,0.0,0.0,0.0,0.0,0.0,0.0500181225081551,0.0,2015-04-17,0.64,bmo,2885818181.0,2025-04-25,2015-03-31,0.03125,31.207213114754097,1097233.737704918
2014-12-31,SYF,USD,1601712,2015-02-23,2015-02-23 17:02:50,2014,Q4,2442000000.0,0.0,2442000000.0,1.0,0,227000000.0,165000000.0,392000000.0,-698000000.0,-306000000.0,-1004000000.0,3260000000.0,282000000.0,35000000.0,0.0,0.0,1135000000.0,0.4647829648,4026000000.0,853000000.0,0.3493038493,322000000.0,531000000.0,0.2174447174,0.64,0.64,833800000,834300000,https://www.sec.gov/Archives/edgar/data/1601712/000160171215000007/0001601712-15-000007-index.htm,https://www.sec.gov/Archives/edgar/data/1601712/000160171215000007/synchrony1231201410k.htm,2.928759894459103,0.6368433677140801,1.2544974814104102,1.2544974814104102,16.08419285200288,12.566562724874071,10.805948668745502,12.566562724874071,33.27176781002638,24805550000.0,40437550000.0,11.678695856873825,10.157882882882882,23.71467495219885,23.71467495219885,2.367393586562321,2.367393586562321,16.559193284193285,0.0,38.65922562141491,38.65922562141491,0.0214064997550951,0.0421679825684171,2.620729146783737,0.3627141479651815,0.0,0.3550795626042521,4.024822695035461,1.969868173258004,0.0,0.0,0.0929565929565929,0.0,0.0193905451279274,0.0,0.0,0.0,0.3263718263718264,13.418866302401565,0.0186237408267218,0.0071525747922251,-62.14679779323579,-24358000000.0,9010000000.0,-51818000000.0,-22890000000.0,0.0,0.0,0.0,0.0,0.0,0.0,0.0,0.0,0.0,0.0506776102309601,0.0,2015-01-23,0.6,bmo,2943750000.0,2025-04-25,2014-12-31,0.0666666666666667,27.720625,1220632.15625
2014-09-30,SYF,USD,1601712,2014-10-31,2014-10-31 09:19:40,2014,Q3,2282000000.0,0.0,2282000000.0,1.0,0,239000000.0,115000000.0,354000000.0,-693000000.0,274000000.0,-419000000.0,3123000000.0,244000000.0,33000000.0,0.0,0.0,1123000000.0,0.4921121823,-178000000.0,879000000.0,0.3851884312,331000000.0,548000000.0,0.2401402279,0.7,0.7,782000000,782000000,https://www.sec.gov/Archives/edgar/data/1601712/000160171214000015/0001601712-14-000015-index.htm,https://www.sec.gov/Archives/edgar/data/1601712/000160171214000015/synchrony930201410q.htm,2.918158567774936,0.7007672634271099,1.656010230179028,1.656010230179028,19.33248081841432,12.71227621483376,10.92455242966752,12.71227621483376,35.58567774936061,19198100000.0,31974100000.0,8.758257299270074,8.412839614373357,14.824787644787646,14.824787644787644,1.931204104214868,1.931204104214868,14.011437335670465,0.0,24.69042471042471,24.69042471042471,0.0285444913819596,0.0674545918606528,2.774771149783724,0.3754508704351495,0.0,0.4205987091030492,4.602459016393443,2.363138686131387,0.0,0.0,0.1047326906222611,0.0,0.0190284337611781,0.0,0.0,0.0,0.2957931638913234,14.157606006577112,0.0186573835114853,0.0076036131037449,-61.90537084398977,-20826000000.0,8543000000.0,-48410000000.0,-19428000000.0,0.0,0.0,0.0,0.0,0.0,0.0,0.0,0.0,0.0,0.0551252389095664,0.0,2014-10-31,,bmo,,2025-04-25,2014-09-30,,24.406511627906976,3484455.046511628
2014-06-30,SYF,USD,1601712,2014-09-05,2014-09-05 07:27:27,2014,Q2,2832000000.0,0.0,2832000000.0,1.0,0,207000000.0,97000000.0,304000000.0,-590000000.0,252000000.0,252000000.0,2926000000.0,206000000.0,32000000.0,0.0,0.0,970000000.0,0.3425141243,-295000000.0,764000000.0,0.2697740113,292000000.0,472000000.0,0.1666666667,0.57,0.57,830270833,830270833,https://www.sec.gov/Archives/edgar/data/1601712/000160171214000007/0001601712-14-000007-index.htm,https://www.sec.gov/Archives/edgar/data/1601712/000160171214000007/synchrony630201410q.htm,3.410935188180939,0.5684891980301565,1.4778310296250043,1.4778310296250043,8.509271576447151,7.699897125014386,5.9992472359919695,7.699897125014386,27.91739644309533,19096229159.0,35287229159.0,10.11452815625,6.743018770833333,15.56334894784026,15.56334894784026,2.987052895197873,2.987052895197873,12.460179787782486,0.0,28.75894796984515,28.75894796984515,0.024716921653485,0.0642535230271741,3.5934615986234943,0.3636406806489909,0.0,0.2089680262651956,4.70873786407767,2.5995762711864407,0.0,0.0,0.073093220338983,0.0,0.0223506133755441,0.0,0.0,0.0,0.2404661016949152,9.92418448458452,0.0204068315639449,0.0076421158298657,-59.88046071708748,-26744000000.0,4981000000.0,-49717000000.0,-25332000000.0,0.0,0.0,0.0,0.0,0.0,0.0,0.0,0.0,0.0,0.0738307523854215,0.0,2014-10-17,0.67,bmo,2847500000.0,2025-04-25,2014-06-30,0.0447761194029849,,
2014-03-31,SYF,USD,1601712,2014-03-31,2014-03-30 20:00:00,2014,Q1,2858000000.0,0.0,2858000000.0,1.0,0,193000000.0,83000000.0,276000000.0,-594000000.0,-318000000.0,-318000000.0,2933000000.0,190000000.0,31000000.0,0.0,0.0,1080000000.0,0.377886634,-152000000.0,890000000.0,0.311406578,332000000.0,558000000.0,0.1952414276,0.67,0.67,830271000,831170000,,,3.4422495787519978,0.672069721813721,2.1342429158672287,2.1342429158672287,6.721901644161966,7.277142041574377,5.575288068594471,7.277142041574377,27.57412941075865,19096233000.0,36469233000.0,8.55565994623656,6.681677046885934,10.77665519187359,10.776655191873587,3.1605814299900694,3.1605814299900694,12.760403428971308,0.0,20.58083126410835,20.58083126410835,0.029220422687553,0.0927931702550969,3.757696127110228,0.3832222128449658,0.0,0.1829896062165972,5.684210526315789,3.175627240143369,0.0,0.0,0.0675297410776767,0.0,0.0238501139336652,0.0,0.0,0.0,0.2673198040587823,10.490081201701733,0.0235554023344332,0.0096486374325632,-57.3571761509194,-24918000000.0,4629000000.0,-47622000000.0,-23505000000.0,0.0,0.0,0.0,0.0,0.0,0.0,0.0,0.0,0.0,0.0923535253227408,0.0,2014-03-30,,bmo,,2025-04-25,2014-03-31,,,
2013-12-31,SYF,USD,1601712,2013-12-31,2013-12-30 19:00:00,2013,Q4,2979000000.0,0.0,2979000000.0,1.0,0,190000000.0,117000000.0,307000000.0,-662000000.0,-355000000.0,-355000000.0,3037000000.0,188000000.0,27000000.0,0.0,0.0,880000000.0,0.2954011413,-291000000.0,692000000.0,0.2322927157,249000000.0,443000000.0,0.14870762,0.53,0.53,830271000,831170000,,,3.587985127747446,0.5335607289668072,1.3790677983453594,1.3790677983453594,3.0592421028796624,7.178379107544404,5.674051002624444,7.178379107544404,29.519277440739227,19096233000.0,41098233000.0,10.77665519187359,6.410282980866063,16.677932751091703,16.677932751091703,3.204065939597315,3.204065939597315,13.795982880161128,0.0,35.89365327510917,35.89365327510917,0.0231982925637742,0.0599594694932765,4.080704697986577,0.4116273165778116,0.0,0.0881821969170948,4.680851063829787,2.584650112866817,0.0,0.0,0.0637797918764686,0.0,0.0211390369806211,0.0,0.0,0.0,0.2745887881839543,9.283171697323256,0.0186041610632432,0.0076595891832076,-60.92589046227075,-26264000000.0,4711000000.0,-50585000000.0,-25015000000.0,,,,0.0,0.0,0.0,0.0,0.0,0.0,0.0743288590604026,0.0,2013-12-30,,bmo,,2025-04-25,2013-12-31,,,
2013-09-30,SYF,USD,1601712,2013-09-30,2013-09-29 20:00:00,2013,Q3,2817000000.0,0.0,2817000000.0,1.0,0,173000000.0,54000000.0,227000000.0,-680000000.0,-453000000.0,-453000000.0,2886000000.0,183000000.0,25000000.0,0.0,0.0,1204000000.0,0.4274050408,-181000000.0,1021000000.0,0.3624423145,380000000.0,641000000.0,0.2275470359,0.77,0.77,830271000,831170000,,,3.392868111737011,0.7720370818684502,2.124607507669183,2.124607507669183,,,,,,19096233000.0,,7.447828783151325,6.778925452609158,10.825528911564623,10.825528911564628,0.0,0.0,,0.0,,,0.0335668296464543,0.0923742394638775,0.0,0.0,0.0,0.0,6.579234972677596,2.7519500780031203,0.0,0.0,0.0614128505502307,0.0,0.0,0.0,0.0,0.0,0.1920482783102591,,0.0,0.0,,,,,,,,,,0.0,0.0,0.0,0.0,0.0,0.0,0.0,2013-09-29,,bmo,,2025-04-25,2013-09-30,,,
2013-06-30,SYF,USD,1601712,2013-06-30,2013-06-29 20:00:00,2013,Q2,2632000000.0,0.0,2632000000.0,1.0,0,173000000.0,53000000.0,226000000.0,-547000000.0,-321000000.0,-321000000.0,2686000000.0,178000000.0,25000000.0,0.0,0.0,1034000000.0,0.3928571429,0.0,856000000.0,0.3252279635,320000000.0,536000000.0,0.2036474164,0.65,0.64,830271000,831170000,,,3.170049297157193,0.645572349269094,1.4260404133108346,1.4260404133108346,,,,,,19096233000.0,,8.906825093283583,7.255407674772036,16.128575168918918,16.128575168918918,0.0,0.0,,0.0,,,0.0280683630116997,0.062001757100471,0.0,0.0,0.0,0.0,5.808988764044944,2.208955223880597,0.0,0.0,0.0657294832826747,0.0,0.0,0.0,0.0,0.0,0.2530395136778115,,0.0,0.0,,,,,,,,,,0.0,0.0,0.0,0.0,0.0,0.0,0.0,2013-06-29,,bmo,,2025-04-25,2013-06-30,,,
2013-03-31,SYF,USD,1601712,2013-03-31,2013-03-30 20:00:00,2013,Q1,2643000000.0,0.0,2643000000.0,1.0,0,162000000.0,45000000.0,207000000.0,-484000000.0,-277000000.0,-277000000.0,2704000000.0,193000000.0,27000000.0,0.0,0.0,766000000.0,0.2898221718,-33000000.0,573000000.0,0.2167990919,214000000.0,359000000.0,0.1358304956,0.43,0.43,830271000,831170000,,,3.1832979834295068,0.4323889428873223,1.9102196752626552,4.02278292268428,0.0,0.0,0.0,5.5186800454309495,0.2324542227778641,19096233000.0,19096233000.0,13.298212395543176,7.225211123723042,12.0405,5.71743502994012,4.167663247490179,4.167663247490179,7.225211123723042,0.0,12.0405,5.71743502994012,0.0187995192559705,0.1749036053340991,0.0,0.0,0.0,0.0,3.9689119170984455,4.417827298050139,0.0,0.0,0.061293984108967,0.0,0.0,1.1059268600252208,0.6636398032538782,64.96296296296296,0.3961407491486947,7.327336842058518,0.0,0.0,0.0,0.0,0.0,0.0,0.0,,,,0.0,0.0,0.0,0.0,0.0,0.0,0.0783500654735923,2.112563247421625,2013-03-30,,bmo,,2025-04-25,2013-03-31,,,
