date,symbol,reportedCurrency,cik,fillingDate,acceptedDate,calendarYear,period,revenue,costOfRevenue,grossProfit,grossProfitRatio,researchAndDevelopmentExpenses,generalAndAdministrativeExpenses,sellingAndMarketingExpenses,sellingGeneralAndAdministrativeExpenses,otherExpenses,operatingExpenses,costAndExpenses,interestIncome,interestExpense,depreciationAndAmortization,ebitda,ebitdaratio,operatingIncome,operatingIncomeRatio,totalOtherIncomeExpensesNet,incomeBeforeTax,incomeBeforeTaxRatio,incomeTaxExpense,netIncome,netIncomeRatio,eps,epsdiluted,weightedAverageShsOut,weightedAverageShsOutDil,link,finalLink,revenuePerShare,netIncomePerShare,operatingCashFlowPerShare,freeCashFlowPerShare,cashPerShare,bookValuePerShare,tangibleBookValuePerShare,shareholdersEquityPerShare,interestDebtPerShare,marketCap,enterpriseValue,peRatio,priceToSalesRatio,pocfratio,pfcfRatio,pbRatio,ptbRatio,evToSales,enterpriseValueOverEBITDA,evToOperatingCashFlow,evToFreeCashFlow,earningsYield,freeCashFlowYield,debtToEquity,debtToAssets,netDebtToEBITDA,currentRatio,interestCoverage,incomeQuality,dividendYield,payoutRatio,salesGeneralAndAdministrativeToRevenue,researchAndDdevelopementToRevenue,intangiblesToTotalAssets,capexToOperatingCashFlow,capexToRevenue,capexToDepreciation,stockBasedCompensationToRevenue,grahamNumber,roic,returnOnTangibleAssets,grahamNetNet,workingCapital,tangibleAssetValue,netCurrentAssetValue,investedCapital,averageReceivables,averagePayables,averageInventory,daysSalesOutstanding,daysPayablesOutstanding,daysOfInventoryOnHand,receivablesTurnover,payablesTurnover,inventoryTurnover,roe,capexPerShare,report_date,epsEstimated,time,revenueEstimated,updatedFromDate,fiscalDateEnding,surprise(%),QuarterAvgPrice,QuarterAvgVolume
2025-03-31,SYK,USD,310764,2025-05-02,2025-05-02 11:35:10,2025,Q1,5866000000.0,2122000000.0,3744000000.0,0.6382543471,405000000,0.0,0.0,2300000000.0,0.0,2705000000.0,4827000000.0,0.0,0.0,0.0,837000000.0,0.1426866689,837000000.0,0.1426866689,-73000000.0,764000000.0,0.130242073,110000000.0,654000000.0,0.111489942,1.71,1.69,381700000,386400000,https://www.sec.gov/Archives/edgar/data/310764/000031076425000075/0000310764-25-000075-index.htm,https://www.sec.gov/Archives/edgar/data/310764/000031076425000075/syk-20250331.htm,15.368090123133353,1.7133874770762378,0.6549646319098769,0.3327220330102174,6.311239193083574,120.52921142258316,54.45375949698716,120.52921142258316,37.68142520303903,142087825000.0,154150825000.0,54.31491781345566,24.22226815547221,568.3513,1118.8017716535433,3.0884629178802765,3.0884629178802765,26.27869502216161,184.17063918757464,616.6033,1213.7860236220472,0.0046027870438582,0.0008938133861926,0.3126331348085032,0.3126331348085032,14.412186379928317,1.6423256400554924,0.0,0.382262996941896,0.0022521282171783,0.4892966360856269,0.0,0.0690419365837027,0.5482111028996218,0.492,0.0209682918513467,0.4522058823529412,0.0143198090692124,68.1655920032232,0.0136578255584409,0.0314649987972095,20.78137280586848,5093000000.0,20785000000.0,13022000000.0,33850000000.0,3974000000.0,839500000.0,4939500000.0,60.77224684623253,0.0,216.5174363807729,1.4809391567785912,0.0,0.4156709108716944,0.014215537103856,0.3222425988996594,2025-05-01,2.71,amc,5691202906.0,2025-05-12,2025-03-31,0.047970479704797,380.55675,1450774.4166666667
2024-12-31,SYK,USD,310764,2025-02-12,2025-02-12 11:47:17,2024,Q4,6436000000.0,2262000000.0,4174000000.0,0.6485394655,369000000,0.0,0.0,2135000000.0,1089000000.0,3593000000.0,5855000000.0,0.0,0.0,264000000.0,1822000000.0,0.2830950901,581000000.0,0.0902734618,-53000000.0,528000000.0,0.0820385333,-18000000.0,546000000.0,0.0848353014,1.43,1.42,381000000,386100000,https://www.sec.gov/Archives/edgar/data/310764/000031076425000023/0000310764-25-000023-index.htm,https://www.sec.gov/Archives/edgar/data/310764/000031076425000023/syk-20241231.htm,16.89238845144357,1.4330708661417322,5.0682414698162725,4.3700787401574805,11.79265091863517,54.15748031496063,1.0078740157480317,54.15748031496063,35.68766404199475,137179050000.0,147124050000.0,62.81092032967034,21.31433343691734,71.04041947177629,82.38981981981982,6.648204419889503,6.648204419889503,22.859547855811066,80.74865532381997,76.19060072501294,88.36279279279279,0.0039801996004491,0.0121374218585126,0.6589609382572453,0.3164227036838798,5.458287596048298,1.9494485294117647,0.0,3.5366300366300365,0.0022233715716794,0.5586080586080586,0.0,0.0573337476693598,0.471248051011147,0.1377524598653547,0.0413300186451211,1.0075757575757576,0.0069919204474829,41.788262855948254,0.0163422592259225,0.0240306324545574,-32.721128608923884,7231000000.0,384000000.0,-7490000000.0,30929000000.0,3861500000.0,1508000000.0,5033000000.0,55.75357364822872,66.80371352785146,189.94694960212203,1.6142463004765488,1.3472304943418705,0.4738165060745706,0.0264611805757487,0.6981627296587927,2025-01-28,3.87,amc,6360907788.0,2025-04-28,2024-12-31,0.0361757105943151,370.5521875,1196755.59375
2024-09-30,SYK,USD,310764,2024-10-30,2024-10-30 12:35:26,2024,Q3,5494000000.0,1977000000.0,3517000000.0,0.6401528941,377000000,0.0,0.0,1896000000.0,159000000.0,2432000000.0,4409000000.0,0.0,0.0,268000000.0,1353000000.0,0.2462686567,1085000000.0,0.1974881689,-42000000.0,1043000000.0,0.1898434656,209000000.0,834000000.0,0.1518019658,2.19,2.16,381100000,385600000,https://www.sec.gov/Archives/edgar/data/310764/000031076424000115/0000310764-24-000115-index.htm,https://www.sec.gov/Archives/edgar/data/310764/000031076424000115/syk-20240930.htm,14.416163736552086,2.188401994227237,3.867751246392023,3.421674101285752,12.290737339281028,52.87063762791918,-3.1146680661243766,52.87063762791918,40.62975596956179,137676186000.0,149310186000.0,41.26983992805756,25.059371314160902,93.40311126187244,105.5798972392638,6.832904163978361,6.832904163978361,27.176954131780125,110.35490465631928,101.29591994572591,114.5016763803681,0.0060576925046427,0.0094715000312399,0.7684748622760434,0.3532498345995026,8.598669623059868,1.913287260399009,0.0,1.7673860911270982,0.0022153431821535,0.3657074340527578,0.0,0.0686203130688023,0.486756553281774,0.1153324287652645,0.0309428467419002,0.6343283582089553,0.00928285402257,51.02254108208046,0.0226387258987409,0.0370716095479397,-35.560220414589345,7004000000.0,-1187000000.0,-9011000000.0,32285000000.0,3679000000.0,1320500000.0,5168000000.0,61.20131052056789,60.8649468892261,240.91047040971168,1.470556745182013,1.4786836200448763,0.3735827664399093,0.0413916323390739,0.4460771451062713,2024-10-29,2.77,amc,5372588781.0,2025-04-25,2024-09-30,0.036101083032491,345.1621875,1213907.71875
2024-06-30,SYK,USD,310764,2024-07-31,2024-07-31 10:51:11,2024,Q2,5422000000.0,2098000000.0,3324000000.0,0.6130579122,352000000,0.0,0.0,1814000000.0,-53000000.0,2166000000.0,4264000000.0,0.0,0.0,258000000.0,1309000000.0,0.2414238288,1158000000.0,0.2135743268,-53000000.0,998000000.0,0.1840649207,173000000.0,825000000.0,0.1521578753,2.17,2.14,381000000,385400000,https://www.sec.gov/Archives/edgar/data/310764/000031076424000098/0000310764-24-000098-index.htm,https://www.sec.gov/Archives/edgar/data/310764/000031076424000098/syk-20240630.htm,14.230971128608925,2.1653543307086616,1.6614173228346456,1.26246719160105,5.136482939632546,51.86876640419948,-0.0236220472440944,51.86876640419948,33.44881889763779,128206500000.0,139076500000.0,38.85045454545454,23.645610475839177,202.53791469194312,266.54158004158006,6.487526566137031,6.487526566137031,25.65040575433419,106.24637127578303,219.71011058451816,289.14033264033264,0.0064349311462367,0.0037517598561695,0.644874000607226,0.3256836187068745,8.304048892284186,1.6813456540571758,0.0,0.7672727272727272,0.0023789745449723,0.3696969696969697,0.0,0.0649206934710439,0.5052645029389216,0.2401263823064771,0.0280339358170416,0.5891472868217055,0.0084839542604205,50.26997915398025,0.0277935232872108,0.042615837594917,-31.9488188976378,4719000000.0,-9000000.0,-7723000000.0,28318000000.0,3547500000.0,1275000000.0,5035000000.0,60.1217263002582,55.93898951382268,216.3775023832221,1.4969630038652677,1.6088957055214723,0.4159397303727201,0.0417467867624734,0.3989501312335958,2024-07-30,2.79,amc,5404883627.0,2025-04-25,2024-06-30,0.007168458781362,338.731746031746,1307395.111111111
2024-03-31,SYK,USD,310764,2024-05-01,2024-05-01 11:52:37,2024,Q1,5243000000.0,2059000000.0,3184000000.0,0.607285905,368000000,0.0,0.0,1840000000.0,-49000000.0,2208000000.0,4267000000.0,0.0,0.0,260000000.0,1232000000.0,0.2349799733,976000000.0,0.1861529659,-49000000.0,923000000.0,0.1760442495,135000000.0,788000000.0,0.1502956323,2.07,2.05,380400000,385100000,https://www.sec.gov/Archives/edgar/data/310764/000031076424000064/0000310764-24-000064-index.htm,https://www.sec.gov/Archives/edgar/data/310764/000031076424000064/syk-20240331.htm,13.78286014721346,2.071503680336488,0.5362776025236593,0.0972660357518401,6.327549947423765,50.39957939011567,-1.808622502628812,50.39957939011567,28.40956887486856,134916468000.0,143393468000.0,42.80344796954315,25.73268510394812,661.3552352941177,3646.391027027027,7.03716190277488,7.03716190277488,27.349507533854663,116.39080194805194,702.9091568627451,3875.499135135135,0.0058406509722741,0.0002742437639265,0.5636866263300647,0.2742754174914979,6.880681818181818,1.7098490294751978,0.0,0.2588832487309644,0.0022532460603697,0.3857868020304568,0.0,0.0701888231928285,0.5040353281559312,0.8186274509803921,0.031851993133702,0.6423076923076924,0.0165935533091741,48.467159699798806,0.0240392390516608,0.040323405997339,-33.39971083070452,4937000000.0,-688000000.0,-8338000000.0,28057000000.0,3619000000.0,1381500000.0,4934500000.0,59.616631699408735,54.46333171442448,219.6891694997572,1.5096458393319896,1.6524879614767256,0.4096697174691603,0.041101606509493,0.4390115667718191,2024-04-30,2.35,amc,5104534155.0,2025-04-25,2024-03-31,0.0638297872340425,336.44262295081967,1324378.1967213114
2023-12-31,SYK,USD,310764,2024-02-14,2024-02-14 10:55:50,2023,Q4,5815000000.0,2112000000.0,3703000000.0,0.6368013758,350000000,0.0,0.0,1941000000.0,-31000000.0,2440000000.0,4552000000.0,35000000.0,0.0,250000000.0,1587000000.0,0.2729148753,1257000000.0,0.2161650903,-31000000.0,1226000000.0,0.2108340499,83000000.0,1143000000.0,0.1965606191,3.01,2.98,380000000,383900000,https://www.sec.gov/Archives/edgar/data/310764/000031076424000024/0000310764-24-000024-index.htm,https://www.sec.gov/Archives/edgar/data/310764/000031076424000024/syk-20231231.htm,15.302631578947368,3.0078947368421054,4.021052631578947,3.639473684210526,8.034210526315789,48.92894736842105,-3.271052631578947,48.92894736842105,34.19736842105263,113794799999.99998,123818799999.99998,24.889501312335955,19.56918314703353,74.47303664921465,82.28112798264641,6.120303339966654,6.120303339966654,21.293000859845225,78.0206679269061,81.03324607329841,89.52913955169919,0.0100443957017368,0.0121534551666684,0.6989189479911795,0.3255913008618962,6.316320100819156,1.580356015654589,0.0,1.336832895888014,0.0025045081146062,0.2493438320209973,0.0,0.0601891659501289,0.4969933854479855,0.0948952879581151,0.0249355116079105,0.58,0.0068787618228718,57.544724115645096,0.0342380888470578,0.0569336521219366,-34.26513157894737,4597000000.0,-1243000000.0,-8801000000.0,27648000000.0,3520500000.0,1406500000.0,4863000000.0,58.27171109200344,64.64488636363636,206.3778409090909,1.544488711819389,1.3922214897824654,0.4360933305802189,0.0614747485612865,0.3815789473684211,2024-01-30,3.27,amc,5597560000.0,2025-04-25,2023-12-31,0.0581039755351681,280.66682539682535,1571028.619047619
2023-09-30,SYK,USD,310764,2023-11-03,2023-11-03 11:23:21,2023,Q3,4909000000.0,1751000000.0,3158000000.0,0.6433082094,353000000,0.0,0.0,1701000000.0,-62000000.0,2218000000.0,3969000000.0,15000000.0,0.0,262000000.0,1193000000.0,0.2430230189,931000000.0,0.1896516602,-62000000.0,869000000.0,0.1770217967,177000000.0,692000000.0,0.1409655734,1.82,1.8,379800000,384000000,https://www.sec.gov/Archives/edgar/data/310764/000031076423000116/0000310764-23-000116-index.htm,https://www.sec.gov/Archives/edgar/data/310764/000031076423000116/syk-20230930.htm,12.925223802001051,1.8220115850447605,2.764612954186414,2.3749341758820437,5.097419694576093,47.14323328067404,-5.17114270668773,47.14323328067404,27.33543970510795,103787946000.0,112309946000.0,37.49564523121387,21.142380525565287,98.84566285714286,115.06424168514413,5.796590114493158,5.796590114493158,22.87837563658586,94.14077619446772,106.96185333333334,124.51213525498892,0.0066674409376981,0.0086907972916238,0.5798380340686959,0.2729088901740182,7.143336127409891,1.4809600429069456,0.0,1.5173410404624277,0.0027459836231849,0.4118497109826589,0.0,0.0719087390507231,0.5222911518847589,0.1409523809523809,0.0301487064575269,0.5648854961832062,0.0105927887553473,43.9619055190031,0.0224508416086106,0.0380784680570076,-35.02501316482359,3587000000.0,-1964000000.0,-9092000000.0,26562000000.0,3268500000.0,1311000000.0,4738000000.0,60.061112242819306,66.61336379211879,250.98229583095377,1.4984737484737485,1.3510802469135803,0.358591030104444,0.0386484222284278,0.3896787783043707,2023-11-02,2.44,amc,4862040000.0,2025-04-25,2023-09-30,0.0081967213114754,286.7569841269841,1285935.111111111
2023-06-30,SYK,USD,310764,2023-08-04,2023-08-04 11:16:14,2023,Q2,4996000000.0,1815000000.0,3181000000.0,0.6367093675,346000000,0.0,0.0,1706000000.0,-66000000.0,2213000000.0,4028000000.0,11000000.0,0.0,259000000.0,1224000000.0,0.2449959968,965000000.0,0.1931545236,-66000000.0,899000000.0,0.1799439552,161000000.0,738000000.0,0.1477181745,1.94,1.92,379700000,383900000,https://www.sec.gov/Archives/edgar/data/310764/000031076423000106/0000310764-23-000106-index.htm,https://www.sec.gov/Archives/edgar/data/310764/000031076423000106/syk-20230630.htm,13.1577561232552,1.94363971556492,1.8119568080063209,1.41164076902818,3.892546747432183,45.72293916249671,-7.184619436397155,45.72293916249671,29.36265472741638,115842672999.99998,125590672999.99998,39.24209789972899,23.18708426741393,168.3759781976744,216.1243899253731,6.672580669316283,6.672580669316283,25.138245196156923,102.60675898692809,182.5445828488372,234.3109570895522,0.0063707093499128,0.0046269650563052,0.642186509993664,0.2980298858563447,7.9640522875816995,1.541767922235723,0.0,0.9322493224932248,0.0024602332855354,0.3861788617886179,0.0,0.0692554043234587,0.5370098104734154,0.2209302325581395,0.0304243394715772,0.5868725868725869,0.0078062449959967,44.71633605902,0.0241901856669863,0.0426096997690531,-36.41756649986832,3567000000.0,-2728000000.0,-9897000000.0,26738000000.0,3238000000.0,1346000000.0,4463000000.0,58.74499599679744,65.75206611570248,227.7520661157025,1.5320453848512725,1.3687782805429864,0.395166557805356,0.0425090720580611,0.4003160389781406,2023-08-03,2.38,amc,4824890000.0,2025-04-25,2023-06-30,0.0672268907563025,288.84032258064514,1293065.3870967743
2023-03-31,SYK,USD,310764,2023-05-02,2023-05-02 14:07:18,2023,Q1,4778000000.0,1762000000.0,3016000000.0,0.6312264546,339000000,0.0,0.0,1781000000.0,161000000.0,2281000000.0,4043000000.0,0.0,0.0,257000000.0,992000000.0,0.2076182503,735000000.0,0.1538300544,-56000000.0,679000000.0,0.1421096693,87000000.0,592000000.0,0.1239012139,1.56,1.54,379000000,383200000,https://www.sec.gov/Archives/edgar/data/310764/000031076423000067/0000310764-23-000067-index.htm,https://www.sec.gov/Archives/edgar/data/310764/000031076423000067/syk-20230331.htm,12.606860158311346,1.562005277044855,1.1741424802110818,0.8311345646437994,4.635883905013193,44.577836411609496,-7.211081794195251,44.577836411609496,34.46174142480211,108193130000.00002,119583130000.00002,45.68966638513514,22.64402051067393,243.1306292134832,343.47025396825404,6.403854986682451,6.403854986682451,25.02786312264546,120.54751008064518,268.7261348314607,379.62898412698416,0.0054716967703956,0.0029114602747882,0.7730689553122225,0.3546293782242737,11.481854838709678,1.7311626321172862,0.0,0.7516891891891891,0.0026249356128249,0.4797297297297297,0.0,0.0709501883633319,0.5329351072495249,0.2921348314606741,0.027208036835496,0.5058365758754864,0.0154876517371285,39.58147740508137,0.0199211869643136,0.0344146029531449,-35.88456464379947,4289000000.0,-2733000000.0,-9780000000.0,26954000000.0,3390000000.0,1389500000.0,4164000000.0,60.55881121808288,69.77298524404087,221.322360953462,1.486158631415241,1.2898975109809665,0.4066466651280868,0.0350399526487126,0.3430079155672823,2023-05-01,2.0,amc,4560260000.0,2025-04-25,2023-03-31,0.07,265.31580645161296,1343558.322580645
2022-12-31,SYK,USD,310764,2023-02-10,2023-02-10 16:18:01,2022,Q4,5202000000.0,1966000000.0,3236000000.0,0.6220684352,326000000,0.0,0.0,1751000000.0,158000000.0,2235000000.0,4201000000.0,33000000.0,53000000.0,253000000.0,1420000000.0,0.2729719339,1188000000.0,0.2283737024,-53000000.0,761000000.0,0.1462898885,198000000.0,563000000.0,0.1082276048,1.49,1.47,378500000,382300000,https://www.sec.gov/Archives/edgar/data/310764/000031076423000017/0000310764-23-000017-index.htm,https://www.sec.gov/Archives/edgar/data/310764/000031076423000017/syk-20221231.htm,13.743725231175691,1.4874504623513871,2.649933949801849,2.153236459709379,5.093791281373844,43.8996036988111,-8.319682959048878,43.8996036988111,34.61294583883752,92539465000.0,103743465000.0,41.09212477797513,17.78920895809304,92.26267696909272,113.54535582822086,5.569298567645642,5.569298567645642,19.94299596309112,73.05877816901409,103.43316550348952,127.29259509202454,0.0060838908026969,0.0088070532934245,0.7852672123254695,0.3537577269276651,7.890140845070422,1.6301761066158973,22.41509433962264,1.7815275310834813,0.0028420306946879,0.4671403197158081,0.0,0.0626682045367166,0.5358692115822579,0.1874376869391824,0.0361399461745482,0.7430830039525692,0.0053825451749327,38.33035260630774,0.0275578166201514,0.0328874350137274,-36.11294583883752,3972000000.0,-3149000000.0,-9993000000.0,26707000000.0,3334000000.0,1313000000.0,3939000000.0,61.67820069204152,64.68463886063073,182.88402848423195,1.4591865357643758,1.3913658881811748,0.4921151439299124,0.0338830043331728,0.4966974900924703,2023-01-31,2.84,amc,4964107702.0,2025-04-25,2022-12-31,0.0563380281690141,226.9252380952381,1438642.6825396826
2022-09-30,SYK,USD,310764,2022-11-01,2022-11-01 14:28:18,2022,Q3,4479000000.0,1697000000.0,2782000000.0,0.6211207859,364000000,0.0,0.0,1455000000.0,159000000.0,1978000000.0,3675000000.0,26000000.0,0.0,250000000.0,1031000000.0,0.2301853092,808000000.0,0.1803974101,8000000.0,816000000.0,0.1821835231,-8000000.0,816000000.0,0.1821835231,2.16,2.14,378400000,381800000,https://www.sec.gov/Archives/edgar/data/310764/000031076422000105/0000310764-22-000105-index.htm,https://www.sec.gov/Archives/edgar/data/310764/000031076422000105/syk-20220930.htm,11.836680761099366,2.156448202959831,2.349365750528541,1.9846723044397463,3.9561310782241015,43.5068710359408,-9.468816067653275,43.5068710359408,33.69714587737843,76641136000.0,87972136000.0,23.48074019607843,17.111215896405447,86.21050168728908,102.05211185086551,4.655356617870376,4.655356617870376,19.64102165661978,85.3269990300679,98.95628346456692,117.13999467376831,0.0106470238123819,0.0097989152979152,0.774524691732977,0.3543617819525887,10.990300678952474,2.038503609713411,0.0,1.0894607843137254,0.0034315775277652,0.3223039215686274,0.0,0.0812681402098682,0.5570964066364672,0.155230596175478,0.0308104487608841,0.552,0.0073677160080375,45.94515275730229,0.0258727032162433,0.0512016063249043,-36.348440803382665,4747000000.0,-3583000000.0,-10202000000.0,27591000000.0,3124000000.0,1186500000.0,3816000000.0,62.350971198928335,64.33117265763111,205.93400117855035,1.443441830486626,1.399010717230008,0.4370332217357713,0.0495656927655955,0.3646934460887949,2022-10-31,2.23,amc,4467121048.0,2025-04-25,2022-09-30,-0.0493273542600896,210.3471875,1464270.5
2022-06-30,SYK,USD,310764,2022-07-27,2022-07-27 13:17:34,2022,Q2,4493000000.0,1667000000.0,2826000000.0,0.6289784109,351000000,0.0,0.0,1539000000.0,160000000.0,2050000000.0,3717000000.0,0.0,52000000.0,253000000.0,1126000000.0,0.2506120632,772000000.0,0.1718228355,-52000000.0,720000000.0,0.1602492767,64000000.0,656000000.0,0.1460048965,1.73,1.72,378300000,382200000,https://www.sec.gov/Archives/edgar/data/310764/000031076422000092/0000310764-22-000092-index.htm,https://www.sec.gov/Archives/edgar/data/310764/000031076422000092/syk-20220630.htm,11.876817340734869,1.7340734866508063,1.3983610890827385,1.0203542162305048,2.979117102828443,41.432725350251125,-12.38699444885012,41.432725350251125,35.4903515728258,75255219000.0,87585219000.0,28.679580411585366,16.74943667927888,142.259393194707,194.961707253886,4.801277210667347,4.801277210667347,19.49370554195415,77.78438632326821,165.56752173913043,226.9047124352332,0.0087170034014517,0.0051292123673176,0.8532601760877887,0.3711700710479573,10.95026642984014,2.0038601271571297,14.846153846153848,0.8064024390243902,0.0034947742295454,0.4009146341463415,0.0,0.0781215223681282,0.5650532859680284,0.2703213610586011,0.0318272868907189,0.5652173913043478,0.0080124638326285,40.20654531870392,0.0221515377374666,0.041858090862685,-39.6451229183188,4421000000.0,-4686000000.0,-11533000000.0,27584000000.0,3068000000.0,1122000000.0,3637000000.0,62.99799688404184,62.627474505098974,202.4055188962207,1.428616852146264,1.4370689655172413,0.4446519071752467,0.0418527497767002,0.3780068728522336,2022-07-26,2.27,amc,4528332623.0,2025-04-25,2022-06-30,-0.0088105726872246,234.88193548387096,1451639.5483870967
2022-03-31,SYK,USD,310764,2022-04-29,2022-04-29 10:48:04,2022,Q1,4275000000.0,1541000000.0,2734000000.0,0.6395321637,413000000,0.0,0.0,1710000000.0,150000000.0,2273000000.0,3814000000.0,0.0,61000000.0,242000000.0,927000000.0,0.2168421053,447000000.0,0.1045614035,-61000000.0,386000000.0,0.0902923977,63000000.0,323000000.0,0.0755555556,0.86,0.84,377700000,382700000,https://www.sec.gov/Archives/edgar/data/310764/000031076422000062/0000310764-22-000062-index.htm,https://www.sec.gov/Archives/edgar/data/310764/000031076422000062/syk-20220331.htm,11.318506751389991,0.8551760656605771,0.5374635954461212,0.2223987291501191,4.050833995234313,39.83584855705586,-14.858353190362722,39.83584855705586,37.4900714853058,100978095000.00002,113619095000.00002,78.15642027863778,23.620607017543865,497.4290394088671,1202.1201785714288,6.711291705436662,6.711291705436662,26.57756608187135,122.56644552319312,559.6999753694582,1352.608273809524,0.0031987135427738,0.0008318635838792,0.937059683636847,0.3901541356504414,13.636461704422867,1.9793557168784028,7.327868852459017,0.628482972136223,0.002594622130671,0.8111455108359134,0.0,0.0966081871345029,0.5716578575974762,0.5862068965517241,0.0278362573099415,0.4917355371900826,0.0166081871345029,27.685735414264443,0.0116626353657638,0.0208669810711286,-41.18414085252847,4317000000.0,-5612000000.0,-12366000000.0,27768000000.0,3006500000.0,1106500000.0,3419500000.0,62.96842105263158,63.30953926022063,205.87280986372485,1.4292878635907724,1.421586715867159,0.4371631205673759,0.0214674996676857,0.3150648662960021,2022-04-28,1.93,amc,4184710826.0,2025-04-25,2022-03-31,0.0207253886010362,258.7827419354839,1499791.2903225806
2021-12-31,SYK,USD,310764,2022-02-11,2022-02-11 13:02:17,2021,Q4,4701000000.0,1656000000.0,3045000000.0,0.6477345246,331000000,0.0,0.0,1745000000.0,-62000000.0,2221000000.0,3877000000.0,0.0,0.0,238000000.0,1338000000.0,0.2846202936,819000000.0,0.1742182514,-62000000.0,757000000.0,0.1610295682,95000000.0,662000000.0,0.1408211019,1.75,1.73,377300000,382700000,https://www.sec.gov/Archives/edgar/data/310764/000031076422000028/0000310764-22-000028-index.htm,https://www.sec.gov/Archives/edgar/data/310764/000031076422000028/syk-20211231.htm,12.45958123509144,1.7545719586535913,2.65041081367612,2.104426186058839,8.001590246488206,39.43016167505964,-7.635833554200901,39.43016167505964,33.05592366816857,100897566000.0,110425566000.0,38.103310422960725,21.463000638162093,100.897566,127.0750201511335,6.7821177656785645,6.7821177656785645,23.489803446075303,82.53031838565022,110.425566,139.07502015113351,0.0065611097100201,0.0078693672352809,0.8383410633864354,0.3601397591753054,7.121076233183857,2.2020224225104417,0.0,1.5105740181268883,0.0023489169203546,0.3580060422960725,0.0,0.0704105509466071,0.5127775692298807,0.206,0.043820463731121,0.865546218487395,0.0063816209317166,39.454008161469936,0.0237150851514141,0.0392342796183251,-33.95573813941161,5468000000.0,-2881000000.0,-9737000000.0,26059000000.0,2919500000.0,1031500000.0,3374000000.0,57.8557753669432,61.35869565217392,180.1086956521739,1.555592322964924,1.466784765279008,0.4996982498491249,0.0444982187268938,0.5459846276172807,2022-01-27,2.72,amc,4649911853.0,2025-04-25,2021-12-31,-0.0036764705882353,262.4496875,1234779.921875
2021-09-30,SYK,USD,310764,2021-10-29,2021-10-29 10:58:06,2021,Q3,4160000000.0,1518000000.0,2642000000.0,0.6350961538,306000000,0.0,0.0,1602000000.0,-79000000.0,2052000000.0,3570000000.0,0.0,0.0,235000000.0,1125000000.0,0.2704326923,574000000.0,0.1379807692,-79000000.0,495000000.0,0.1189903846,57000000.0,438000000.0,0.1052884615,1.17,1.14,377100000,382700000,https://www.sec.gov/Archives/edgar/data/310764/000031076421000146/0000310764-21-000146-index.htm,https://www.sec.gov/Archives/edgar/data/310764/000031076421000146/syk-20210930.htm,11.031556616282153,1.1614956245027843,2.4741447891805888,2.1294086449217717,6.998143728453991,37.59745425616547,-10.005303632988598,37.59745425616547,33.48979050649695,99448812000.00002,109514812000.00002,56.76302054794522,23.905964423076927,106.59036655948556,123.84659028642592,7.014304697418537,7.014304697418537,26.325675961538465,97.34649955555555,117.37921972132906,136.38208219178085,0.0044042758399165,0.0080745057065136,0.8907462265481733,0.3698638160784888,8.947555555555555,2.1263205214654977,0.0,2.1301369863013697,0.0023931909815071,0.54337899543379,0.0,0.0735576923076923,0.5257285107629228,0.1393354769560557,0.03125,0.5531914893617021,0.0081730769230769,31.34579347770678,0.0170288684470941,0.0270470544646165,-35.794881994166005,5011000000.0,-3773000000.0,-10507000000.0,25708000000.0,2765500000.0,899000000.0,3432500000.0,60.94471153846153,55.37549407114624,203.596837944664,1.4767483138090167,1.6252676659528908,0.4420500873616773,0.0308929327126534,0.3447361442588172,2021-10-28,2.28,amc,4273400000.0,2025-04-25,2021-09-30,-0.0350877192982454,267.35984375,1149084.328125
2021-06-30,SYK,USD,310764,2021-07-28,2021-07-28 14:16:09,2021,Q2,4294000000.0,1522000000.0,2772000000.0,0.6455519329,310000000,0.0,0.0,1505000000.0,-70000000.0,1964000000.0,3486000000.0,0.0,0.0,241000000.0,1183000000.0,0.2755006986,732000000.0,0.1704704238,-70000000.0,662000000.0,0.1541686074,70000000.0,592000000.0,0.1378667909,1.57,1.55,376900000,382300000,https://www.sec.gov/Archives/edgar/data/310764/000031076421000111/0000310764-21-000111-index.htm,https://www.sec.gov/Archives/edgar/data/310764/000031076421000111/syk-20210630.htm,11.392942425046432,1.5707084107190237,2.3295303794109845,2.048288670734943,6.168745025205625,36.66755107455558,-11.25762801804192,36.66755107455558,33.786150172459536,97892237000.0,108385237000.0,41.339627111486486,22.79744690265487,111.49457517084282,126.8034158031088,7.08337460202605,7.08337460202605,25.2410891942245,91.6189661876585,123.44560022779044,140.3953847150259,0.0060474662561853,0.0078862228881336,0.9214182344428364,0.3778859279482462,8.8698224852071,2.1241768579492004,0.0,1.483108108108108,0.0024210295653985,0.4003378378378378,0.0,0.0721937587331159,0.5360258769066414,0.1207289293849658,0.0246856078248719,0.4398340248962655,0.0090824406148113,35.998134599568644,0.0221439798149987,0.037863767188999,-36.619793048554,4780000000.0,-4243000000.0,-10846000000.0,25581000000.0,2665000000.0,815500000.0,3452000000.0,56.88402421984164,51.090670170827856,202.8843626806833,1.5821665438467207,1.7615740740740742,0.4436024482658117,0.0428364688856729,0.2812417086760413,2021-07-27,2.12,amc,4283600000.0,2025-04-25,2021-06-30,0.061320754716981,255.73444444444445,1082463.825396825
2021-03-31,SYK,USD,310764,2021-04-28,2021-04-28 12:42:05,2021,Q1,3953000000.0,1444000000.0,2509000000.0,0.6347078168,288000000,0.0,0.0,1575000000.0,-92000000.0,2044000000.0,3488000000.0,0.0,0.0,276000000.0,999000000.0,0.2527194536,459000000.0,0.1161143435,-92000000.0,367000000.0,0.0928408803,65000000.0,302000000.0,0.0763976727,0.8,0.79,376300000,381700000,https://www.sec.gov/Archives/edgar/data/310764/000031076421000065/0000310764-21-000065-index.htm,https://www.sec.gov/Archives/edgar/data/310764/000031076421000065/syk-20210331.htm,10.504916290193997,0.8025511559925591,1.201169279829923,0.980600584639915,6.144034015413234,35.880946053680574,-12.434228009566835,35.880946053680574,34.70369386128089,91659154000.0,102480154000.0,75.87678311258279,23.187238552997723,202.7857389380531,248.39879132791327,6.788561250185158,6.788561250185158,25.924653174803947,102.58273673673672,226.72600442477875,277.7239945799458,0.0032948154856415,0.0040257844841116,0.967190045919123,0.3903452398744582,10.831831831831831,2.2714394131039715,0.0,1.4966887417218544,0.0025965764423267,0.7880794701986755,0.0,0.0728560586896028,0.543446420564938,0.1836283185840708,0.0209967113584619,0.3007246376811594,0.0172021249683784,25.4542065581208,0.0127491298883023,0.0197721618436558,-37.05155461068296,5026000000.0,-4679000000.0,-10974000000.0,25917000000.0,2658500000.0,788500000.0,3483500000.0,59.55982797875031,47.80470914127424,216.4612188365651,1.511085626911315,1.882659713168188,0.4157788655341203,0.0223670567323359,0.2205686951900079,2021-04-27,1.98,amc,3967080000.0,2025-04-25,2021-03-31,-0.0252525252525252,239.8055737704918,1249533.1803278688
2020-12-31,SYK,USD,310764,2021-02-11,2021-02-11 11:17:32,2020,Q4,4262000000.0,1545000000.0,2717000000.0,0.6374941342,255000000,0.0,0.0,1562000000.0,-78000000.0,1947000000.0,3492000000.0,0.0,0.0,223000000.0,1327000000.0,0.3113561708,749000000.0,0.1757390896,-78000000.0,671000000.0,0.1574378226,103000000.0,568000000.0,0.1332707649,1.51,1.49,375900000,381300000,https://www.sec.gov/Archives/edgar/data/310764/000031076421000027/0000310764-21-000027-index.htm,https://www.sec.gov/Archives/edgar/data/310764/000031076421000027/syk-20201231.htm,11.338121840915138,1.5110401702580474,3.2907688214950785,2.8518222931630755,8.044692737430168,34.80712955573291,-13.961159882947593,34.80712955573291,35.19553072625698,92110536000.0,102397536000.0,40.54160915492957,21.61204504927264,74.46284236054971,85.92400746268656,7.039937022317334,7.039937022317334,24.025700610042232,77.1646842501884,82.77892966855295,95.5200895522388,0.0061665041228291,0.0116381908797056,1.0111586670742891,0.3853772210894262,7.752072343632253,1.9256099980162664,0.0,2.1778169014084505,0.0023450086100899,0.380281690140845,0.0,0.0598310652275926,0.533993591610836,0.1333872271624899,0.0387142186766776,0.7399103139013453,0.0063350539652745,34.40039021329544,0.0210228066458895,0.0355044380547568,-38.4390795424315,4666000000.0,-5248000000.0,-11539000000.0,25750000000.0,2563500000.0,728500000.0,3476500000.0,57.03660253402159,47.18446601941747,203.53398058252424,1.5779340984820436,1.9074074074074072,0.4421866056096165,0.0434118006725771,0.4389465283320032,2021-01-27,2.55,amc,3827443137.0,2025-04-25,2020-12-31,0.1019607843137255,226.50234375,1062856.21875
2020-09-30,SYK,USD,310764,2020-10-30,2020-10-30 12:48:45,2020,Q3,3737000000.0,1276000000.0,2461000000.0,0.6585496387,242000000,0.0,0.0,1244000000.0,-79000000.0,1600000000.0,2876000000.0,0.0,0.0,198000000.0,1115000000.0,0.2983676746,859000000.0,0.2298635269,-79000000.0,780000000.0,0.2087235751,159000000.0,621000000.0,0.1661760771,1.66,1.63,375700000,380200000,https://www.sec.gov/Archives/edgar/data/310764/000031076420000150/0000310764-20-000150-index.htm,https://www.sec.gov/Archives/edgar/data/310764/000031076420000150/syk-20200930.htm,9.946766036731434,1.652914559488954,2.206547777482033,2.0228906042054837,19.06042054830982,34.56481235027948,-0.1570401916422677,34.56481235027948,31.961671546446635,78284609000.0,83209609000.0,31.51554307568438,20.94851725983409,94.43258021712909,103.0060644736842,6.028385107038349,6.028385107038349,22.26641932031041,74.62745201793722,100.37347285886612,109.48632763157894,0.0079325937490471,0.009708166262924,0.9246881256738024,0.3719259121600693,4.417040358744394,2.888675623800384,0.0,1.334943639291465,0.0027591630431468,0.3478260869565217,0.0,0.0647578271340647,0.4040450969460447,0.083232810615199,0.0184640085630184,0.3484848484848485,0.0077602354830077,35.85366558031498,0.0237332091145944,0.0322748297905514,-22.863987223848817,8856000000.0,-59000000.0,-5755000000.0,24430000000.0,2314500000.0,641000000.0,3450500000.0,58.426545357238425,45.63479623824451,243.97335423197487,1.5403957131079966,1.972179289026275,0.368892743567505,0.0478207300169413,0.1836571732765504,2020-10-29,1.41,amc,2462228971.0,2025-04-25,2020-09-30,0.5177304964539009,194.38140625,1258796.546875
2020-06-30,SYK,USD,310764,2020-07-31,2020-07-31 12:55:46,2020,Q2,2764000000.0,1216000000.0,1548000000.0,0.5600578871,233000000,1225000000.0,0.0,1225000000.0,-67000000.0,1568000000.0,2784000000.0,0.0,0.0,193000000.0,173000000.0,0.0625904486,-20000000.0,-0.00723589,-67000000.0,-87000000.0,-0.0314761216,-4000000.0,-83000000.0,-0.0300289436,-0.22,-0.22,375500000,375500000,https://www.sec.gov/Archives/edgar/data/310764/000031076420000125/0000310764-20-000125-index.htm,https://www.sec.gov/Archives/edgar/data/310764/000031076420000125/syk10q6302020.htm,7.360852197070573,-0.2210386151797603,1.6511318242343542,1.3608521970705725,17.6271637816245,33.96537949400799,-0.8841544607190412,33.96537949400799,31.45406125166445,67661345000.0,72933345000.0,-203.79923192771085,24.479502532561504,109.13120161290324,132.4096771037182,5.305107809314724,5.305107809314724,26.386883140376263,421.5800289017341,117.63442741935484,142.7267025440313,-0.0012266974592361,0.0075523180924056,0.9260624117923788,0.3751548454721596,30.47398843930636,2.906015891032917,0.0,-7.469879518072289,0.0031923692915061,-2.602409638554217,0.4431982633863965,0.0842981186685962,0.4156528920369723,0.1758064516129032,0.0394356005788712,0.5647668393782384,0.0108538350217076,,-0.000674698011673,-0.004511605153014,-23.266977363515316,8396000000.0,-332000000.0,-5928000000.0,24009000000.0,2424500000.0,685500000.0,3400500000.0,71.732995658466,46.99835526315789,254.7532894736842,1.2546527462551067,1.91496062992126,0.3532829750145264,-0.0065077622706601,0.2902796271637816,2020-07-30,0.62,amc,2375312500.0,2025-04-25,2020-06-30,0.032258064516129,184.46412698412695,1893537.650793651
2020-03-31,SYK,USD,310764,2020-05-01,2020-05-01 16:49:10,2020,Q1,3588000000.0,1257000000.0,2331000000.0,0.6496655518,254000000,1330000000.0,0.0,1330000000.0,-45000000.0,1702000000.0,2959000000.0,0.0,0.0,198000000.0,914000000.0,0.2547380156,635000000.0,0.1769788183,-45000000.0,590000000.0,0.1644370123,97000000.0,493000000.0,0.1374024526,1.32,1.3,374800000,379700000,https://www.sec.gov/Archives/edgar/data/310764/000031076420000069/0000310764-20-000069-index.htm,https://www.sec.gov/Archives/edgar/data/310764/000031076420000069/syk10q3312020.htm,9.573105656350052,1.315368196371398,1.5768409818569904,1.1926360725720384,10.80042689434365,34.99199573105656,-0.0453575240128068,34.99199573105656,25.09071504802561,62400452000.0,67840452000.0,31.64323123732252,17.39143032329989,105.58452115059222,139.59832662192397,4.757945253526497,4.757945253526497,18.90759531772575,74.22368927789934,114.78925888324872,151.76834899328858,0.0079005837970532,0.0071634096496608,0.7170415554708349,0.3194293478260869,5.951859956236324,2.5795290725612685,0.0,1.1987829614604462,0.0034454878628122,0.4361054766734279,0.370680044593088,0.0707915273132664,0.4460597826086956,0.2436548223350254,0.040133779264214,0.7272727272727273,0.0156075808249721,32.180981371369015,0.0200453983723178,0.0302305616875153,-22.98025613660619,6574000000.0,-17000000.0,-5589000000.0,22313000000.0,2769500000.0,705500000.0,3320500000.0,66.37123745819399,52.69689737470167,240.50119331742243,1.356009070294785,1.7078804347826086,0.3742185174158975,0.0375905451772779,0.384204909284952,2020-04-30,1.69,amc,3295500000.0,2025-04-25,2020-03-31,0.0887573964497042,195.3925806451613,2251745.806451613
2019-12-31,SYK,USD,310764,2020-02-06,2020-02-06 10:12:26,2019,Q4,4131000000.0,1428000000.0,2703000000.0,0.6543209877,254000000,1380000000.0,0.0,1380000000.0,-8000000.0,1746000000.0,3174000000.0,0.0,0.0,195000000.0,1270000000.0,0.3074316146,944000000.0,0.2285160978,-8000000.0,936000000.0,0.2265795207,211000000.0,725000000.0,0.1755022997,1.94,1.9,374400000,380100000,https://www.sec.gov/Archives/edgar/data/310764/000031076420000014/0000310764-20-000014-index.htm,https://www.sec.gov/Archives/edgar/data/310764/000031076420000014/syk10k12312019.htm,11.033653846153848,1.936431623931624,1.963141025641025,1.4316239316239316,11.818910256410255,34.20673076923077,-1.3060897435897436,34.20673076923077,27.32638888888889,78601536000.0,84495536000.0,27.10397793103448,19.02724183006536,106.94086530612245,146.6446567164179,6.137388615600844,6.137388615600844,20.454015008472524,66.53191811023622,114.95991292517007,157.64092537313434,0.00922373832491,0.0068192051615887,0.798859998438354,0.3391454238074717,4.640944881889764,2.581818181818182,0.0,1.013793103448276,0.0024554227540795,0.2662068965517241,0.3340595497458242,0.0614863229242314,0.4407465110882753,0.2707482993197279,0.0481723553618978,1.0205128205128204,0.0077463083999031,38.6054062572744,0.0273733371217647,0.0429731491909193,-24.37032585470085,6960000000.0,-489000000.0,-6000000000.0,22823000000.0,2665500000.0,667000000.0,3275500000.0,63.028322440087145,42.54201680672269,206.84873949579836,1.4279294849637054,2.1155555555555554,0.4351005484460695,0.0566096665885843,0.531517094017094,2020-01-28,2.46,amc,4081228915.0,2025-04-25,2019-12-31,0.0121951219512196,207.55171875,1379484.953125
2019-09-30,SYK,USD,310764,2019-10-30,2019-10-30 10:33:12,2019,Q3,3587000000.0,1257000000.0,2330000000.0,0.649567884,246000000,1291000000.0,0.0,1291000000.0,-47000000.0,1653000000.0,2910000000.0,0.0,0.0,194000000.0,949000000.0,0.2645664901,628000000.0,0.1750766657,-47000000.0,581000000.0,0.1619737943,115000000.0,466000000.0,0.1299135768,1.24,1.23,374200000,380300000,https://www.sec.gov/Archives/edgar/data/310764/000031076419000140/0000310764-19-000140-index.htm,https://www.sec.gov/Archives/edgar/data/310764/000031076419000140/syk10q9302019.htm,9.585783003741314,1.2453233564938535,1.6809192944949225,1.2453233564938535,5.440940673436665,32.91020844468199,-1.1892036344200962,32.91020844468199,21.082308925708176,80939460000.0,86880460000.0,43.42245708154507,22.564666852523,128.67958664546902,173.68982832618025,6.572428745432399,6.572428745432399,24.22092556453861,91.54948366701792,138.12473767885533,186.43875536480687,0.0057573895353391,0.0057573895353391,0.6406008932196509,0.2959225777411006,6.260273972602739,2.184646773782198,0.0,1.349785407725322,0.0024092080673629,0.4184549356223176,0.3599107889601338,0.0685809868971285,0.4786376083123898,0.2591414944356121,0.0454418734318371,0.8402061855670103,0.0089211039866183,30.36670303100065,0.0215706853672359,0.0335275919130872,-23.63709246392304,4645000000.0,-445000000.0,-5778000000.0,19865000000.0,2423000000.0,637500000.0,3233500000.0,61.17089489824366,47.1837708830549,234.05727923627688,1.4712879409351929,1.9074355083459789,0.3845212603242582,0.0378400324807145,0.4355959380010689,2019-10-29,1.91,amc,3568219895.0,2025-04-25,2019-09-30,0.0,214.49234375,1035388.5625
2019-06-30,SYK,USD,310764,2019-07-26,2019-07-26 11:21:01,2019,Q2,3650000000.0,1270000000.0,2380000000.0,0.6520547945,246000000,1282000000.0,0.0,1282000000.0,-48000000.0,1650000000.0,2920000000.0,0.0,0.0,199000000.0,1026000000.0,0.2810958904,613000000.0,0.1679452055,-48000000.0,565000000.0,0.1547945205,85000000.0,480000000.0,0.1315068493,1.29,1.26,373900000,379500000,https://www.sec.gov/Archives/edgar/data/310764/000031076419000110/0000310764-19-000110-index.htm,https://www.sec.gov/Archives/edgar/data/310764/000031076419000110/syk10q6302019.htm,9.761968440759562,1.2837657127574218,1.3746991174110723,0.9334046536507088,4.918427387001872,31.9416956405456,-2.682535437282696,31.9416956405456,21.326557903182668,77225306000.0,83445306000.0,40.22151354166667,21.15761808219178,150.24378599221788,221.2759484240688,6.466156409612325,6.466156409612325,22.86172767123288,81.33070760233917,162.34495330739298,239.09829799426933,0.0062155791263552,0.0045192439897874,0.66767143933685,0.3025726644911588,6.0623781676413255,2.074252407501267,0.0,1.0708333333333333,0.0025250790200818,0.40625,0.3512328767123288,0.0673972602739726,0.4912347271761402,0.321011673151751,0.0452054794520547,0.8291457286432161,0.0076712328767123,30.3747791364806,0.0226081511205533,0.035799522673031,-24.517250601765177,4239000000.0,-1003000000.0,-6226000000.0,19572000000.0,2346000000.0,617500000.0,3131000000.0,59.37534246575343,43.653543307086615,226.6299212598425,1.51578073089701,2.061688311688312,0.3971232020012508,0.0401909068073348,0.4412944637603637,2019-07-25,1.93,amc,3576262626.0,2025-04-25,2019-06-30,0.0259067357512953,190.9823809523809,1193089.7936507936
2019-03-31,SYK,USD,310764,2019-04-24,2019-04-24 12:37:04,2019,Q1,3516000000.0,1233000000.0,2283000000.0,0.6493174061,225000000,1403000000.0,0.0,1403000000.0,-48000000.0,1742000000.0,2975000000.0,0.0,0.0,190000000.0,927000000.0,0.2636518771,528000000.0,0.1501706485,-48000000.0,480000000.0,0.1365187713,68000000.0,412000000.0,0.1171786121,1.1,1.09,373300000,379300000,https://www.sec.gov/Archives/edgar/data/310764/000031076419000071/0000310764-19-000071-index.htm,https://www.sec.gov/Archives/edgar/data/310764/000031076419000071/syk10q3312019.htm,9.418698098044468,1.1036699705330832,0.8384677203321725,0.5116528261451916,4.709349049022234,31.323332440396463,-3.3672649343691403,31.323332440396463,21.296544334315563,73204130000.0,79480130000.0,44.41998179611651,20.82028725824801,233.8790095846645,383.26769633507854,6.260508851449585,6.260508851449585,22.60527019340159,85.73908306364618,253.9301277955272,416.12633507853405,0.0056280977589652,0.0026091424076756,0.6798939536474814,0.3065119327601496,6.770226537216828,2.124427686506868,0.0,0.7597087378640777,0.0026637841334908,0.4733009708737864,0.399032992036405,0.0639931740614334,0.4992867332382311,0.389776357827476,0.0346985210466439,0.6421052631578947,0.0099544937428896,27.889764812714585,0.0198475956906367,0.0317240317240317,-24.754888829359764,4175000000.0,-1257000000.0,-6356000000.0,19422000000.0,2308000000.0,632500000.0,3009500000.0,58.4641638225256,45.18248175182482,223.6496350364964,1.539404553415061,1.9919224555735056,0.4024151436031332,0.0352347558368254,0.3268148941869809,2019-04-23,1.84,amc,3441191489.0,2025-04-25,2019-03-31,0.0217391304347825,179.96147540983603,1408365.2950819673
2018-12-31,SYK,USD,310764,2019-02-07,2019-02-07 09:31:07,2018,Q4,3796000000.0,1340000000.0,2456000000.0,0.6469968388,221000000,1431000000.0,0.0,1431000000.0,-41000000.0,1745000000.0,3085000000.0,0.0,0.0,176000000.0,1069000000.0,0.2816122234,698000000.0,0.1838777661,-41000000.0,657000000.0,0.1730769231,-1411000000.0,2068000000.0,0.5447839831,5.52,5.44,374300000,380200000,https://www.sec.gov/Archives/edgar/data/310764/000031076419000014/0000310764-19-000014-index.htm,https://www.sec.gov/Archives/edgar/data/310764/000031076419000014/syk10k123118.htm,10.141597648944696,5.524979962596848,2.794549826342506,2.3831151482767834,9.882447234838365,31.338498530590435,-2.6609671386588296,31.338498530590435,22.671653753673525,58671525000.0,63541525000.0,7.092785904255319,15.456144625922024,56.091324091778205,65.77525224215246,5.001835038363171,5.001835038363171,16.739074025289778,59.44015434985968,60.74715583173996,71.23489349775785,0.0352470811010963,0.0152032864323877,0.7234441602728048,0.3116530170039296,4.555659494855004,2.024755564801332,0.0,0.5058027079303675,0.0029827075399863,0.0846228239845261,0.3769757639620653,0.0582191780821917,0.4673693488559991,0.147227533460803,0.0405690200210748,0.875,0.0084299262381454,62.41596726708732,0.0923325603047082,0.1425911880300627,-22.90542345711996,4926000000.0,-996000000.0,-5766000000.0,19943000000.0,2204000000.0,604500000.0,2924000000.0,55.28977871443625,43.38805970149254,198.47014925373136,1.62778730703259,2.0743034055727554,0.4534686971235194,0.1763000852514919,0.4114346780657227,2019-01-29,2.15,amc,3743761467.0,2025-04-25,2018-12-31,0.0139534883720931,167.2585714285714,1446657.4761904762
2018-09-30,SYK,USD,310764,2018-10-26,2018-10-26 15:05:04,2018,Q3,3242000000.0,1087000000.0,2155000000.0,0.66471314,221000000,1242000000.0,0.0,1242000000.0,-42000000.0,1575000000.0,2662000000.0,0.0,0.0,185000000.0,810000000.0,0.2498457742,576000000.0,0.1776681061,-42000000.0,534000000.0,0.16471314,-56000000.0,590000000.0,0.1819864281,1.58,1.55,374100000,380200000,https://www.sec.gov/Archives/edgar/data/310764/000031076418000205/0000310764-18-000205-index.htm,https://www.sec.gov/Archives/edgar/data/310764/000031076418000205/syk10q93018.htm,8.666132050253943,1.5771184175354185,1.6519647153167605,1.2777332264100507,5.907511360598771,26.356589147286822,-3.30660251269714,26.356589147286822,15.846030473135524,66832965000.0,70842965000.0,28.319052966101697,20.614733189389263,108.1439563106796,139.81791841004184,6.778191176470588,6.778191176470588,21.85162399753239,87.46045061728395,114.6326294498382,148.20703974895395,0.0088279788275142,0.0071521591178844,0.6012170385395538,0.2684296323129868,4.950617283950617,1.9065735612810013,0.0,1.047457627118644,0.0026334309722754,0.2983050847457627,0.3830968537939543,0.068167797655768,0.5024904908531064,0.2265372168284789,0.0431832202344232,0.7567567567567568,0.0092535471930906,30.58215000242795,0.0331357125055723,0.0536998270683535,-18.73964180700348,3765000000.0,-1237000000.0,-4306000000.0,17040000000.0,2082500000.0,562000000.0,2816500000.0,57.63109191856879,46.61453541858326,239.5308187672493,1.5616570327552983,1.9307282415630551,0.3757345316280677,0.0598377281947261,0.3742314889067094,2018-10-25,1.68,amc,3222816568.0,2025-04-25,2018-09-30,0.0059523809523809,170.70650793650793,1133644.0
2018-06-30,SYK,USD,310764,2018-07-25,2018-07-25 16:03:24,2018,Q2,3322000000.0,1132000000.0,2190000000.0,0.6592414208,216000000,1190000000.0,0.0,1190000000.0,-49000000.0,1516000000.0,2648000000.0,0.0,0.0,186000000.0,904000000.0,0.2721252258,672000000.0,0.2022877784,-49000000.0,623000000.0,0.1875376279,171000000.0,452000000.0,0.1360626129,1.21,1.19,373900000,380100000,https://www.sec.gov/Archives/edgar/data/310764/000031076418000185/0000310764-18-000185-index.htm,https://www.sec.gov/Archives/edgar/data/310764/000031076418000185/syk10q63018.htm,8.88472853704199,1.2088793795132389,1.7357582241240974,1.3158598555763572,5.135062851029687,25.30088258892752,-4.661674244450388,25.30088258892752,15.846483016849424,63136754000.00001,67420754000.00001,34.92077101769912,19.00564539434076,97.28313405238828,128.32673577235775,6.674075475687104,6.674075475687104,20.295229981938597,74.58048008849558,103.88405855161788,137.03405284552846,0.0071590630078955,0.0077926084068243,0.6263213530655392,0.2746870653685674,4.738938053097345,1.8321799307958475,0.0,1.4358407079646018,0.0027875997552867,0.3893805309734513,0.3582179409993979,0.0650210716435882,0.5193787668057487,0.2419106317411402,0.047260686333534,0.8440860215053764,0.0084286574352799,26.2331582737935,0.025932161150883,0.0435998842480949,-19.39890345012035,3367000000.0,-1743000000.0,-4697000000.0,16671000000.0,2098500000.0,545000000.0,2702000000.0,56.59542444310656,44.602473498233216,217.84452296819788,1.5902345619913834,2.017825311942959,0.4131386861313869,0.0477801268498942,0.41989836854774,2018-07-24,1.73,amc,3265375000.0,2025-04-25,2018-06-30,0.0173410404624277,168.18671875,1453434.828125
2018-03-31,SYK,USD,310764,2018-04-27,2018-04-27 17:23:24,2018,Q1,3241000000.0,1104000000.0,2137000000.0,0.6593643937,204000000,1236000000.0,0.0,1236000000.0,-49000000.0,1542000000.0,2646000000.0,0.0,0.0,176000000.0,853000000.0,0.2631903733,591000000.0,0.1823511262,-49000000.0,542000000.0,0.1672323357,99000000.0,443000000.0,0.136686208,1.18,1.16,374000000,380700000,https://www.sec.gov/Archives/edgar/data/310764/000031076418000110/0000310764-18-000110-index.htm,https://www.sec.gov/Archives/edgar/data/310764/000031076418000110/syk10q33118.htm,8.665775401069519,1.1844919786096255,0.7941176470588235,0.4705882352941176,6.564171122994653,24.66042780748663,-5.852941176470588,24.66042780748663,15.828877005347591,60184079999.99999,63925079999.99999,33.96392776523702,18.569601974699165,202.64,341.955,6.525434240485742,6.525434240485742,19.723875347115086,74.94147713950761,215.2359595959596,363.2106818181818,0.0073607505506439,0.0029243613925808,0.6418735769272471,0.2674739077395744,4.38569753810082,1.635625,0.0,0.6704288939051919,0.0029243613925808,0.3972911963882618,0.3813637766121567,0.0629435359456957,0.5156101748520309,0.4074074074074074,0.0373341561246528,0.6875,0.0089478556001234,25.63643453873057,0.0250064614328392,0.0413207723160152,-20.16577540106952,3051000000.0,-2189000000.0,-5059000000.0,16517000000.0,2153000000.0,508000000.0,2564500000.0,58.53748842949707,43.125,217.17391304347828,1.5374762808349147,2.0869565217391304,0.4144144144144144,0.0480320936788463,0.3235294117647059,2018-04-26,1.6,amc,3086666666.0,2025-04-25,2018-03-31,0.0499999999999999,161.16049180327866,1336941.9180327868
2017-12-31,SYK,USD,310764,2018-02-08,2018-02-08 16:54:05,2017,Q4,3471000000.0,1232000000.0,2239000000.0,0.6450590608,205000000,1217000000.0,0.0,1217000000.0,-63000000.0,1518000000.0,2750000000.0,0.0,0.0,169000000.0,997000000.0,0.2872371075,712000000.0,0.2051282051,-65000000.0,649000000.0,0.1869778162,898000000.0,-249000000.0,-0.0717372515,-0.67,-0.65,374400000,380900000,https://www.sec.gov/Archives/edgar/data/310764/000031076418000031/0000310764-18-000031-index.htm,https://www.sec.gov/Archives/edgar/data/310764/000031076418000031/syk10k123117.htm,9.270833333333334,-0.6650641025641025,1.813568376068376,1.3167735042735045,7.459935897435898,26.693376068376068,-1.7013888888888888,26.693376068376068,17.601495726495727,57972096000.0,62020096000.0,-58.204915662650606,16.701842696629214,85.37863917525773,117.5904584178499,5.800690014008405,5.800690014008405,17.868077211178335,62.20671614844534,91.34034756995582,125.80141176470588,-0.0042951698693109,0.0085040913476718,0.6593956373824295,0.297074336203399,4.060180541624875,2.4302219519610824,0.0,-2.7269076305220885,0.0027426988322105,-0.6385542168674698,0.3506194180351483,0.059060789397868,0.4792408601181084,0.2739322533136966,0.0535868625756266,1.1005917159763314,0.0080668395275136,,-0.0139901174002598,-0.0215547091412742,-17.401175213675213,4704000000.0,-637000000.0,-4196000000.0,17310000000.0,2081500000.0,472500000.0,2459500000.0,56.99222126188419,35.576298701298704,180.07305194805195,1.5791628753412192,2.529774127310062,0.4997971602434077,-0.0249149489693816,0.4967948717948718,2018-01-30,1.95,amc,3453290816.0,2025-04-25,2017-12-31,0.0051282051282051,152.5815873015873,1146511.4603174604
2017-09-30,SYK,USD,310764,2017-10-27,2017-10-27 14:47:26,2017,Q3,3006000000.0,1024000000.0,1982000000.0,0.6593479707,198000000,1103000000.0,0.0,1103000000.0,-52000000.0,1393000000.0,2417000000.0,0.0,0.0,163000000.0,801000000.0,0.2664670659,523000000.0,0.1739853626,-54000000.0,471000000.0,0.1566866267,37000000.0,434000000.0,0.1443779108,1.16,1.14,374200000,380200000,https://www.sec.gov/Archives/edgar/data/310764/000031076417000164/0000310764-17-000164-index.htm,https://www.sec.gov/Archives/edgar/data/310764/000031076417000164/syk10q93017.htm,8.033137359700694,1.1598075895243185,0.2111170497060395,-0.168359166221272,7.185996793158739,27.859433458043828,-0.1897381079636558,27.859433458043828,17.618920363442008,53143884000.00001,57144884000.00001,30.61283640552996,17.679269461077848,672.7073924050633,-843.5537142857144,5.097734676258993,5.097734676258993,19.01027411842981,71.34192759051187,723.3529620253165,-907.0616507936508,0.0081665088686404,-0.0011854609648026,0.6324220623501199,0.3068652548289504,4.995006242197253,2.5521350546176764,0.0,0.1820276497695852,0.0029918776730733,0.3663594470046083,0.3669328010645376,0.0658682634730539,0.4885268792180591,1.7974683544303798,0.0472388556220891,0.8711656441717791,0.0089820359281437,26.96313415018656,0.0252364408415363,0.0394940394940394,-15.152993051843934,4689000000.0,-71000000.0,-3350000000.0,17037000000.0,1935000000.0,442500000.0,2366500000.0,58.83233532934132,40.25390625,215.68359375,1.5297709923664122,2.2358078602620086,0.4172779136104319,0.041630695443645,0.3794762159273116,2017-10-26,1.5,amc,2966447368.0,2025-04-25,2017-09-30,0.0133333333333333,143.3852380952381,1126197.0
2017-06-30,SYK,USD,310764,2017-07-28,2017-07-28 13:33:14,2017,Q2,3012000000.0,1022000000.0,1990000000.0,0.660690571,192000000,1130000000.0,0.0,1130000000.0,-57000000.0,1417000000.0,2439000000.0,0.0,0.0,160000000.0,788000000.0,0.2616201859,501000000.0,0.1663346614,-58000000.0,444000000.0,0.1474103586,53000000.0,391000000.0,0.129814077,1.04,1.03,373900000,379800000,https://www.sec.gov/Archives/edgar/data/310764/000031076417000136/0000310764-17-000136-index.htm,https://www.sec.gov/Archives/edgar/data/310764/000031076417000136/syk10q63017.htm,8.055629847552822,1.045734153516983,1.7384327360256753,1.3880716769189625,10.021396095212625,26.83872693233485,0.4867611660871891,26.83872693233485,17.630382455201925,51889842000.0,54832842000.0,33.17764833759591,17.227703187250995,79.83052615384615,99.98042774566474,5.170886098654708,5.170886098654708,18.204794820717133,69.58482487309645,84.35821846153846,105.6509479768786,0.0075351934970239,0.0100019576085816,0.6569008470353762,0.3095998497088108,3.734771573604061,2.812873258128733,0.0,1.6624040920716112,0.0030641835448255,0.4066496163682864,0.3751660026560425,0.0637450199203187,0.4627559646815705,0.2015384615384615,0.0434926958831341,0.81875,0.0086321381142098,25.12944291615553,0.0231574609461445,0.034181309555031,-13.216769189622894,5464000000.0,182000000.0,-2779000000.0,17075000000.0,1890000000.0,441500000.0,2225500000.0,56.92231075697211,37.602739726027394,200.69471624266143,1.5811023622047244,2.39344262295082,0.4484422992540588,0.0389636273044344,0.350361059106713,2017-07-27,1.51,amc,2972627450.0,2025-04-25,2017-06-30,0.0132450331125827,137.21523809523808,1087739.825396825
2017-03-31,SYK,USD,310764,2017-04-27,2017-04-27 15:16:17,2017,Q1,2955000000.0,993000000.0,1962000000.0,0.6639593909,192000000,1102000000.0,0.0,1102000000.0,-55000000.0,1382000000.0,2375000000.0,0.0,0.0,150000000.0,779000000.0,0.2636209814,554000000.0,0.1874788494,-57000000.0,499000000.0,0.1688663283,55000000.0,444000000.0,0.1502538071,1.19,1.17,373400000,379300000,https://www.sec.gov/Archives/edgar/data/310764/000031076417000102/0000310764-17-000102-index.htm,https://www.sec.gov/Archives/edgar/data/310764/000031076417000102/syk10q33117.htm,7.913765399035887,1.1890733797536155,0.404392072844135,0.0321371183717193,8.781467595072309,25.98821638993037,-0.3615425816818425,25.98821638993037,19.239421531869308,49158110000.0,53129110000.0,27.67911599099099,16.63557021996616,325.55039735099336,4096.509166666667,5.065757419620775,5.065757419620775,17.97939424703892,68.20168164313222,351.8484105960265,4427.425833333334,0.0090320803627316,0.0002441102800738,0.7403132728771641,0.3501486572110932,5.097560975609756,3.88047220855878,0.0,0.3400900900900901,0.0032344612109782,0.3581081081081081,0.3729272419627749,0.0649746192893401,0.4795535409660281,0.9205298013245032,0.0470389170896785,0.9266666666666666,0.01082910321489,26.36840280851711,0.0266179532237973,0.041580820378348,-13.502276379217998,5856000000.0,-135000000.0,-2924000000.0,17350000000.0,1921000000.0,446500000.0,2101000000.0,57.10659898477157,41.32930513595166,196.85800604229607,1.576,2.1776315789473686,0.457182320441989,0.0457543281121187,0.3722549544724156,2017-04-25,1.43,amc,2855168918.0,2025-04-25,2017-03-31,0.0349650349650349,126.32451612903226,1317915.9516129033
2016-12-31,SYK,USD,310764,2017-02-09,2017-02-09 16:56:14,2016,Q4,3157000000.0,1071000000.0,2086000000.0,0.6607538803,189000000,1093000000.0,0.0,1093000000.0,-73000000.0,1371000000.0,2442000000.0,0.0,0.0,151000000.0,928000000.0,0.2939499525,661000000.0,0.2093759899,-73000000.0,588000000.0,0.1862527716,78000000.0,510000000.0,0.1615457713,1.36,1.34,374500000,379100000,https://www.sec.gov/Archives/edgar/data/310764/000031076417000034/0000310764-17-000034-index.htm,https://www.sec.gov/Archives/edgar/data/310764/000031076417000034/syk10k123116.htm,8.429906542056075,1.3618157543391187,1.7303070761014687,1.3484646194926568,9.036048064085447,25.50066755674232,-0.8384512683578104,25.50066755674232,17.853137516688918,44868845000.0,48238845000.0,21.9945318627451,14.21249445676275,69.24204475308642,88.84919801980197,4.698308376963351,4.698308376963351,15.279963573012353,51.98151400862069,74.44266203703704,95.52246534653466,0.0113664615168944,0.0112550256196699,0.7001047120418848,0.3271837533643259,3.631465517241379,3.077916992952232,0.0,1.2705882352941176,0.0031647794811745,0.2784313725490196,0.3462147608489072,0.0598669623059867,0.4827012478590653,0.220679012345679,0.0452961672473867,0.9470198675496688,0.0082356667722521,27.952857520494447,0.0316591930272578,0.0482451991296944,-13.379839786381842,5307000000.0,-314000000.0,-3024000000.0,16740000000.0,1885000000.0,428500000.0,2061000000.0,56.07538802660754,36.72268907563025,170.58823529411765,1.604982206405694,2.450800915331808,0.5275862068965518,0.0534031413612565,0.3818424566088118,2017-01-24,1.76,amc,3121528089.0,2025-04-25,2016-12-31,0.0113636363636363,115.0436507936508,1445913.2698412698
2016-09-30,SYK,USD,310764,2016-10-28,2016-10-28 15:04:55,2016,Q3,2833000000.0,960000000.0,1873000000.0,0.6611366043,184000000,1057000000.0,0.0,1057000000.0,-67000000.0,1330000000.0,2290000000.0,0.0,0.0,89000000.0,765000000.0,0.2700317684,486000000.0,0.1715495941,-67000000.0,419000000.0,0.1478997529,64000000.0,355000000.0,0.1253088599,0.95,0.94,374400000,379000000,https://www.sec.gov/Archives/edgar/data/310764/000031076416000458/0000310764-16-000458-index.htm,https://www.sec.gov/Archives/edgar/data/310764/000031076416000458/syk10q93016.htm,7.566773504273504,0.9481837606837606,1.3167735042735045,1.001602564102564,8.071581196581196,24.92521367521368,-2.005876068376069,24.92521367521368,17.930021367521366,43583904000.0,47343904000.0,30.69289014084507,15.38436427815037,88.40548478701825,116.223744,4.670371195885126,4.670371195885126,16.711579244617013,61.88745620915033,96.03225963488843,126.25041066666668,0.0081452088367301,0.0086040938416163,0.7193527646806687,0.3325407440431961,4.915032679738562,3.040033016921172,0.0,1.388732394366197,0.003258083534692,0.4,0.3731027179668196,0.0649488175079421,0.4994798632783474,0.2393509127789046,0.0416519590540063,0.7972972972972973,0.0077656194846452,23.05987562551529,0.0230049784784179,0.0351346001583531,-14.515892094017094,4943000000.0,-751000000.0,-3489000000.0,16531000000.0,1780500000.0,422500000.0,2040500000.0,57.27850335333569,39.375,196.125,1.5712701053799225,2.2857142857142856,0.4588910133843212,0.0380411487355336,0.3151709401709401,2016-10-27,1.37,amc,2792237410.0,2025-04-25,2016-09-30,0.0145985401459852,116.51828125,1268918.203125
2016-06-30,SYK,USD,310764,2016-07-22,2016-07-22 14:26:11,2016,Q2,2840000000.0,998000000.0,1842000000.0,0.6485915493,183000000,1043000000.0,0.0,1043000000.0,-67000000.0,1314000000.0,2312000000.0,0.0,0.0,145000000.0,761000000.0,0.2679577465,500000000.0,0.176056338,-67000000.0,433000000.0,0.1524647887,53000000.0,380000000.0,0.1338028169,1.02,1.0,374200000,378500000,https://www.sec.gov/Archives/edgar/data/310764/000031076416000392/0000310764-16-000392-index.htm,https://www.sec.gov/Archives/edgar/data/310764/000031076416000392/syk10q63016.htm,7.589524318546232,1.0154997327632282,1.2506680919294495,0.946018172100481,9.770176376269374,24.31320149652592,-2.677712453233565,24.31320149652592,20.42757883484768,44840386000.0,48994386000.0,29.50025394736842,15.788868309859154,95.8127905982906,126.66775706214688,4.9285981534403165,4.9285981534403165,17.251544366197184,64.38158475689882,104.68885897435898,138.40222033898306,0.008474503319396,0.0078946688817531,0.8401846559683447,0.3725146198830409,5.458607095926412,2.1703190013869627,0.0,1.231578947368421,0.0031667880825111,0.3736842105263158,0.3672535211267606,0.0644366197183098,0.4922027290448343,0.2435897435897435,0.0401408450704225,0.7862068965517242,0.007394366197183,23.569601534660347,0.0245936036437883,0.036468330134357,-14.572421165152324,4219000000.0,-1002000000.0,-3598000000.0,15765000000.0,1674500000.0,409500000.0,1878500000.0,55.7112676056338,38.32665330661323,179.3687374749499,1.61547212741752,2.348235294117647,0.5017596782302665,0.0417674214112991,0.3046499198289684,2016-07-21,1.36,amc,2799136690.0,2025-04-25,2016-06-30,0.0220588235294116,111.8065625,1420803.0625
2016-03-31,SYK,USD,310764,2016-04-22,2016-04-22 17:00:49,2016,Q1,2495000000.0,801000000.0,1694000000.0,0.6789579158,159000000,944000000.0,0.0,944000000.0,-38000000.0,1156000000.0,1957000000.0,0.0,0.0,102000000.0,653000000.0,0.2617234469,519000000.0,0.2080160321,-38000000.0,481000000.0,0.1927855711,79000000.0,402000000.0,0.1611222445,1.08,1.07,373200000,377400000,https://www.sec.gov/Archives/edgar/data/310764/000031076416000320/0000310764-16-000320-index.htm,https://www.sec.gov/Archives/edgar/data/310764/000031076416000320/syk10q33116.htm,6.685423365487674,1.0771704180064308,0.5439442658092176,0.2357984994640943,20.05091103965702,23.60128617363344,7.671489817792069,23.60128617363344,17.968917470525188,40040628000.0,39770628000.0,24.900888059701497,16.048347895791583,197.24447290640396,455.0071363636364,4.545938692098093,4.545938692098093,15.940131462925851,60.90448392036753,195.9144236453202,451.9389545454545,0.010039802572527,0.0021977677273193,0.7613533151680291,0.3409599349196665,-0.4134762633996937,4.3895348837209305,0.0,0.5049751243781094,0.0035463979236289,0.3532338308457711,0.3783567134268537,0.0637274549098196,0.3022676428716697,0.5665024630541872,0.0460921843687374,1.1274509803921569,0.0112224448897795,23.91670261753693,0.0242893289147068,0.029293886176492,-3.482717041800643,8745000000.0,2863000000.0,465000000.0,15914000000.0,1626500000.0,402000000.0,1703500000.0,57.39078156312625,44.26966292134831,198.6516853932584,1.568196103079824,2.032994923857868,0.4530542986425339,0.0456403269754768,0.3081457663451232,2016-04-20,1.2,amc,2414516129.0,2025-04-25,2016-03-31,0.0333333333333333,98.57360655737703,1875080.4426229508
2015-12-31,SYK,USD,310764,2016-02-11,2016-02-11 17:00:24,2015,Q4,2715000000.0,895000000.0,1820000000.0,0.6703499079,164000000,970000000.0,0.0,970000000.0,-36000000.0,1192000000.0,2087000000.0,0.0,0.0,108000000.0,794000000.0,0.2924493554,648000000.0,0.2386740331,-36000000.0,612000000.0,0.2254143646,90000000.0,522000000.0,0.1922651934,1.39,1.38,374300000,378400000,https://www.sec.gov/Archives/edgar/data/310764/000031076416000226/0000310764-16-000226-index.htm,https://www.sec.gov/Archives/edgar/data/310764/000031076416000226/syk10k12312015.htm,7.253539941223617,1.3946032594175797,1.7926796687149344,1.5816190221747262,10.897675661234304,22.738445097515363,6.895538338231365,22.738445097515363,8.690889660699973,34787442000.0,34661442000.0,16.660652298850575,12.81305414364641,51.84417585692996,58.762570945945946,4.087350722594289,4.087350722594289,12.766645303867405,43.65420906801008,51.656396423248886,58.54973310810811,0.0150054148850611,0.0170176352719466,0.3822112560216191,0.2002215793684988,-0.1586901763224181,2.8280526877892487,0.0,1.28544061302682,0.0037369807185018,0.2490421455938697,0.3572744014732965,0.0604051565377532,0.3649904597771896,0.1177347242921013,0.029097605893186,0.7314814814814815,0.0077348066298342,26.71142016178396,0.0388955582232893,0.0505961035184646,-4.250601122094577,5135000000.0,2581000000.0,208000000.0,12264000000.0,1579000000.0,375000000.0,1652000000.0,55.0939226519337,41.22905027932961,164.81564245810057,1.6335740072202165,2.182926829268293,0.546064673581452,0.0613323933732816,0.2110606465402084,2016-01-26,1.55,amc,2697596153.0,2025-04-25,2015-12-31,0.0064516129032258,95.70171875,1456766.859375
2015-09-30,SYK,USD,310764,2015-10-23,2015-10-23 17:26:15,2015,Q3,2420000000.0,796000000.0,1624000000.0,0.6710743802,155000000,887000000.0,0.0,887000000.0,-33000000.0,1096000000.0,1892000000.0,0.0,0.0,101000000.0,650000000.0,0.2685950413,378000000.0,0.1561983471,-33000000.0,345000000.0,0.1425619835,44000000.0,301000000.0,0.1243801653,0.8,0.79,376300000,380700000,https://www.sec.gov/Archives/edgar/data/310764/000031076415000153/0000310764-15-000153-index.htm,https://www.sec.gov/Archives/edgar/data/310764/000031076415000153/syk10q09302015.htm,6.431039064576136,0.7998937018336434,-1.3526441668881213,-1.5572681371246346,8.960935423863939,22.545841084241296,6.545309593409514,22.545841084241296,6.67286739303747,35409830000.0,34757830000.0,29.410157807308966,14.632161157024791,-69.56744597249508,-60.42633105802048,4.173718764733616,4.173718764733616,14.362739669421488,53.47358461538462,-68.28650294695481,-59.31370307167236,0.008500464419061,-0.0165490769088696,0.2959688826025459,0.157755858516052,-1.003076923076923,2.812675070028011,0.0,-1.691029900332226,0.0036712969251758,0.4318936877076412,0.3665289256198347,0.0640495867768595,0.3782748005277376,-0.1512770137524558,0.0318181818181818,0.7623762376237624,0.0086776859504132,20.14376371066498,0.0235028010510138,0.0304163298302344,-5.5979271857560455,5177000000.0,2463000000.0,600000000.0,12326000000.0,1498000000.0,341000000.0,1642000000.0,55.63636363636364,38.44221105527638,188.25376884422116,1.6176470588235294,2.3411764705882354,0.478078078078078,0.0354785478547854,0.2046239702365134,2015-10-22,1.23,amc,2381280000.0,2025-04-25,2015-09-30,0.016260162601626,99.0621875,1441112.5
2015-06-30,SYK,USD,310764,2015-07-29,2015-07-29 16:43:36,2015,Q2,2432000000.0,827000000.0,1605000000.0,0.6599506579,154000000,861000000.0,0.0,861000000.0,-28000000.0,1064000000.0,1891000000.0,0.0,0.0,49000000.0,623000000.0,0.2561677632,429000000.0,0.1763980263,-28000000.0,401000000.0,0.1648848684,9000000.0,392000000.0,0.1611842105,1.04,1.03,377000000,381100000,https://www.sec.gov/Archives/edgar/data/310764/000031076415000109/0000310764-15-000109-index.htm,https://www.sec.gov/Archives/edgar/data/310764/000031076415000109/syk10q06302015.htm,6.450928381962865,1.039787798408488,0.946949602122016,0.76657824933687,11.344827586206897,22.55968169761273,6.5119363395225465,22.55968169761273,8.59946949602122,36029890000.0,35645890000.0,22.978246173469387,14.814921875,100.92406162464984,124.67089965397923,4.236318636096414,4.236318636096414,14.657027138157895,57.21651685393258,99.84843137254902,123.34217993079584,0.0108798555865699,0.0080211180217314,0.3811875367430923,0.1927581901421012,-0.6163723916532905,4.391154791154791,0.0,0.9107142857142856,0.0036081153730971,0.3316326530612244,0.3540296052631579,0.0633223684210526,0.3597122302158273,0.1904761904761904,0.0279605263157894,0.723404255319149,0.0086348684210526,22.973655340760043,0.0279376171522429,0.0364007800167146,-5.576923076923077,6901000000.0,2455000000.0,622000000.0,14053000000.0,1510500000.0,337500000.0,1600500000.0,55.50986842105263,37.21886336154777,176.19105199516326,1.6213333333333333,2.41812865497076,0.5108091414453366,0.0460905349794238,0.1803713527851458,2015-07-23,1.17,amc,2371200000.0,2025-04-25,2015-06-30,0.0256410256410256,94.7611111111111,1138547.253968254
2015-03-31,SYK,USD,310764,2015-04-30,2015-04-30 16:25:00,2015,Q1,2379000000.0,826000000.0,1553000000.0,0.6527952921,152000000,892000000.0,0.0,892000000.0,-29000000.0,1093000000.0,1919000000.0,0.0,0.0,49000000.0,600000000.0,0.2522068096,406000000.0,0.1706599412,-29000000.0,377000000.0,0.1584699454,153000000.0,224000000.0,0.0941572089,0.59,0.58,378900000,383500000,https://www.sec.gov/Archives/edgar/data/310764/000031076415000074/0000310764-15-000074-index.htm,https://www.sec.gov/Archives/edgar/data/310764/000031076415000074/syk10q03312015.htm,6.278701504354711,0.5911850092372658,1.0029031406703617,0.881499076273423,11.250989707046712,21.96093956188968,5.969912905779889,21.96093956188968,8.595935603061493,34953525000.0,36536525000.0,39.01063058035714,14.69252837326608,91.98296052631578,104.65127245508982,4.20063994712174,4.20063994712174,15.357934005884823,60.89420833333333,96.14875,109.39079341317364,0.0064085095852278,0.0095555455422593,0.391419300564836,0.1964414957780458,2.638333333333333,4.141907925961082,0.0,1.6964285714285714,0.0037478337306466,0.5848214285714286,0.37494745691467,0.0638923917612442,0.3654402895054282,0.1210526315789473,0.0193358554014291,0.4893617021276595,0.0096679277007145,17.09143091726034,0.0164124894020117,0.0212907518296739,-5.448007389812616,6620000000.0,2262000000.0,468000000.0,13748000000.0,1546500000.0,331000000.0,1585000000.0,57.54098360655738,36.28329297820823,172.3728813559322,1.564102564102564,2.4804804804804803,0.5221238938053098,0.0269198413652205,0.1214040643969385,2015-04-21,1.09,amc,2314702702.0,2025-04-25,2015-03-31,0.018348623853211,93.07868852459016,1269121.1147540985
2014-12-31,SYK,USD,310764,2015-02-12,2015-02-12 17:11:41,2014,Q4,2618000000.0,892000000.0,1726000000.0,0.6592818946,153000000,312000000.0,747000000.0,1059000000.0,-7000000.0,1258000000.0,2150000000.0,0.0,0.0,96000000.0,771000000.0,0.294499618,468000000.0,0.1787624141,-7000000.0,461000000.0,0.1760886173,201000000.0,260000000.0,0.0993124523,0.68,0.67,378500000,383000000,https://www.sec.gov/Archives/edgar/data/310764/000031076415000022/0000310764-15-000022-index.htm,https://www.sec.gov/Archives/edgar/data/310764/000031076415000022/syk10k12312014.htm,6.916776750330251,0.6869220607661823,1.7833553500660502,1.6221928665785998,13.21003963011889,22.7107001321004,6.319682959048877,22.7107001321004,8.575957727873183,35703905000.0,37154905000.0,34.33067788461538,13.637855233002291,52.89467407407408,58.14968241042345,4.153548743601675,4.153548743601675,14.19209511077158,48.1905382619974,55.0443037037037,60.512874592833874,0.0072821166200167,0.017196998479578,0.3776174965100046,0.1832552362671484,1.8819714656290527,2.167376204346852,0.0,2.5961538461538463,0.0032489443381613,0.4461538461538462,0.1191749427043544,0.0584415584415584,0.3502512279117032,0.0903703703703703,0.0233002291825821,0.6354166666666666,0.007257448433919,18.7352827858073,0.0188844486844439,0.0225910157268224,-5.66446499339498,5210000000.0,2392000000.0,556000000.0,12512000000.0,1550500000.0,332000000.0,1627000000.0,54.04125286478228,33.195067264573986,160.22421524663676,1.6653944020356235,2.711246200607903,0.5617128463476071,0.0302466263378315,0.1611624834874504,2015-01-27,1.45,amc,2636180555.0,2025-04-25,2014-12-31,-0.0068965517241379,88.70515625,1368809.015625
2014-09-30,SYK,USD,310764,2014-10-23,2014-10-23 14:23:55,2014,Q3,2389000000.0,822000000.0,1567000000.0,0.6559229803,153000000,910000000.0,0.0,910000000.0,-25000000.0,1113000000.0,1935000000.0,0.0,0.0,97000000.0,619000000.0,0.2591042277,450000000.0,0.1883633319,-25000000.0,425000000.0,0.1778987024,368000000.0,57000000.0,0.0238593554,0.16,0.16,378400000,382500000,https://www.sec.gov/Archives/edgar/data/310764/000031076414000187/0000310764-14-000187-index.htm,https://www.sec.gov/Archives/edgar/data/310764/000031076414000187/syk10q9302014.htm,6.313424947145878,0.1506342494714588,1.41384778012685,1.2869978858350952,12.359936575052854,22.79069767441861,5.969873150105708,22.79069767441861,8.538583509513742,30555800000.0,32430800000.0,134.01666666666665,12.790205106739222,57.113644859813085,62.742915811088295,3.543112244897959,3.543112244897959,13.57505232314776,52.39224555735056,60.61831775700934,66.59301848049282,0.0018654396219375,0.0159380543137473,0.374652133580705,0.18447045389666,3.0290791599353795,2.214675848966991,0.0,9.385964912280702,0.0037636062547863,2.017543859649123,0.3809125156969443,0.0640435328589368,0.3634027976020554,0.0897196261682242,0.0200920887400586,0.4948453608247423,0.0071159480954374,8.788847585442118,0.0043001739349106,0.0051121076233183,-5.904466173361522,5115000000.0,2259000000.0,435000000.0,12584000000.0,1516000000.0,336000000.0,1626500000.0,57.60150690665551,36.67883211678832,182.4087591240876,1.5624591236102028,2.453731343283582,0.4933973589435774,0.0066094619666048,0.1268498942917547,2014-10-16,1.14,amc,2368226086.0,2025-04-25,2014-09-30,0.0087719298245614,82.264375,1253268.21875
2014-06-30,SYK,USD,310764,2014-07-24,2014-07-24 09:28:10,2014,Q2,2363000000.0,808000000.0,1555000000.0,0.6580617859,158000000,1148000000.0,-110000000.0,1038000000.0,-30000000.0,1243000000.0,2051000000.0,0.0,0.0,94000000.0,607000000.0,0.2568768515,307000000.0,0.1299195937,-30000000.0,277000000.0,0.117223868,62000000.0,215000000.0,0.0909860347,0.57,0.56,378800000,382700000,https://www.sec.gov/Archives/edgar/data/310764/000031076414000137/0000310764-14-000137-index.htm,https://www.sec.gov/Archives/edgar/data/310764/000031076414000137/syk10q6302014.htm,6.238120380147835,0.5675818373812038,0.966209081309398,0.8236536430834214,12.526399155227033,23.994192185850057,7.650475184794087,23.994192185850057,8.545406546990497,31940416000.0,33858416000.0,37.14001860465116,13.516892086330934,87.26889617486339,102.3731282051282,3.5141837385851025,3.5141837385851025,14.32857215404147,55.77992751235584,92.50933333333332,108.5205641025641,0.0067312836501565,0.0097681883667388,0.3561447904059852,0.1881320469603626,3.1598023064250413,2.651742703315387,0.0,1.7023255813953488,0.0036317623414798,0.5395348837209303,0.4858231062209056,0.0668641557342361,0.3598163431361153,0.1475409836065573,0.0228523063901819,0.574468085106383,0.0084638171815488,17.504857124945527,0.016655147728801,0.0195188379482523,-3.8311774023231258,5829000000.0,2898000000.0,1241000000.0,13147000000.0,1466500000.0,343500000.0,1542500000.0,57.24502750740584,37.53712871287129,176.76980198019805,1.5721889554224884,2.397626112759644,0.5091367359798362,0.023654967543184,0.1425554382259767,2014-07-17,1.09,amc,2363000000.0,2025-04-25,2014-06-30,-0.0091743119266055,81.6636507936508,1590340.746031746
2014-03-31,SYK,USD,310764,2014-04-24,2014-04-24 15:20:34,2014,Q1,2305000000.0,769000000.0,1536000000.0,0.6663774403,150000000,1205000000.0,0.0,1205000000.0,-24000000.0,1400000000.0,2169000000.0,0.0,0.0,91000000.0,602000000.0,0.2611713666,131000000.0,0.0568329718,-24000000.0,107000000.0,0.0464208243,37000000.0,70000000.0,0.0303687636,0.19,0.18,378200000,382600000,https://www.sec.gov/Archives/edgar/data/310764/000031076414000091/0000310764-14-000091-index.htm,https://www.sec.gov/Archives/edgar/data/310764/000031076414000091/syk10q03312014q1.htm,6.094658910629296,0.1850872554204125,0.5446853516657852,0.3595980962453728,10.700687466948704,23.96351136964569,7.882072977260709,23.96351136964569,5.933368588048651,30811954000.0,31674954000.0,110.04269285714284,13.367442082429502,149.57259223300971,226.55848529411765,3.3997521791901137,3.3997521791901137,13.741845553145335,52.61620265780731,153.76191262135922,232.90407352941176,0.0022718455311208,0.0044138713176061,0.2476001324064879,0.1388699795779441,1.4335548172757475,2.37380550871276,0.0,2.942857142857143,0.0037323176582699,1.6428571428571428,0.5227765726681128,0.0650759219088937,0.376384677269633,0.3398058252427184,0.0303687635574837,0.7692307692307693,0.0091106290672451,9.989752868163473,0.0063855848729185,0.0069465118586881,-3.245637228979376,4888000000.0,2981000000.0,1350000000.0,12087000000.0,1474000000.0,332000000.0,1460000000.0,55.8351409978308,40.96228868660599,175.3185955786736,1.611888111888112,2.197142857142857,0.513351134846462,0.0077237117952112,0.1850872554204125,2014-04-23,1.08,amc,2348490566.0,2025-04-25,2014-03-31,-0.0185185185185185,79.53426229508197,1668844.163934426
2013-12-31,SYK,USD,310764,2014-02-13,2014-02-13 16:58:56,2013,Q4,2468000000.0,852000000.0,1616000000.0,0.6547811994,139000000,999000000.0,0.0,999000000.0,1000000.0,1174000000.0,2026000000.0,0.0,0.0,82000000.0,1200000000.0,0.4862236629,430000000.0,0.1742301459,1000000.0,431000000.0,0.1746353323,45000000.0,386000000.0,0.1564019449,1.02,1.01,378400000,382300000,https://www.sec.gov/Archives/edgar/data/310764/000031076414000021/0000310764-14-000021-index.htm,https://www.sec.gov/Archives/edgar/data/310764/000031076414000021/syk10k12312013.htm,6.5221987315010574,1.0200845665961944,1.7758985200845665,1.627906976744186,10.517970401691333,23.908562367864693,8.493657505285412,23.908562367864693,7.238372093023256,28432976000.0,29832976000.0,18.41513989637306,11.520654781199353,42.31097619047619,46.15742857142857,3.1428071183817843,3.1428071183817843,12.087915721231766,24.860813333333333,44.394309523809525,48.43015584415584,0.013575786087253,0.0216649850511603,0.3027522935779816,0.1739820872768849,1.1666666666666667,3.136996612721114,0.0,1.7409326424870466,0.0035170430277857,0.2590673575129533,0.4047811993517017,0.056320907617504,0.3705138791843994,0.0833333333333333,0.0226904376012965,0.6829268292682927,0.0076985413290113,23.42534948131255,0.0293726190490937,0.0389505549949545,-2.2899048625792813,5678000000.0,3214000000.0,1639000000.0,12592000000.0,1444000000.0,296000000.0,1413000000.0,55.35656401944895,33.16901408450705,150.21126760563382,1.6258234519104084,2.713375796178344,0.5991561181434599,0.0426660771526472,0.1479915433403805,2014-01-22,1.22,amc,2447934959.0,2025-04-25,2013-12-31,0.0081967213114754,72.95203125,1312887.84375
2013-09-30,SYK,USD,310764,2013-10-23,2013-10-23 15:59:26,2013,Q3,2151000000.0,682000000.0,1469000000.0,0.6829381683,136000000,1136000000.0,0.0,1136000000.0,-13000000.0,1306000000.0,1988000000.0,0.0,0.0,76000000.0,255000000.0,0.1185495119,150000000.0,0.069735007,-13000000.0,137000000.0,0.0636913064,34000000.0,103000000.0,0.0478847048,0.27,0.27,378300000,381700000,https://www.sec.gov/Archives/edgar/data/310764/000031076413000210/0000310764-13-000210-index.htm,https://www.sec.gov/Archives/edgar/data/310764/000031076413000210/syk09302013q3.htm,5.685963521015068,0.2722706846418186,1.6441977266719534,1.5305313243457572,13.581813375627808,23.0954269098599,12.146444620671424,23.0954269098599,7.25085910652921,25569297000.0,27202297000.0,62.0614004854369,11.887167364016737,41.10819453376206,44.16113471502591,2.9265533936133687,2.9265533936133687,12.646349139934914,106.67567450980393,43.73359646302251,46.98151468048359,0.0040282687474747,0.0226443456775522,0.3139521574911297,0.1843042397366122,6.403921568627451,3.953098106712564,0.0,6.038834951456311,0.0039109405315288,0.970873786407767,0.5281264528126453,0.0632264063226406,0.2783041053551031,0.0691318327974276,0.0199907019990702,0.5657894736842105,0.00883310088331,11.894733001583488,0.0089574044978345,0.0095894237035657,1.907216494845361,6863000000.0,4595000000.0,3041000000.0,12041000000.0,1391500000.0,277500000.0,1374500000.0,57.32217573221757,36.686217008797655,185.27859237536657,1.57007299270073,2.4532374100719423,0.4857549857549857,0.0117889435733089,0.1136664023261961,2013-10-17,0.99,amc,2172948979.0,2025-04-25,2013-09-30,-0.0101010101010101,69.04,1213383.265625
2013-06-30,SYK,USD,310764,2013-07-23,2013-07-23 10:33:08,2013,Q2,2212000000.0,730000000.0,1482000000.0,0.6699819168,132000000,1015000000.0,0.0,1015000000.0,-21000000.0,1183000000.0,1913000000.0,0.0,0.0,79000000.0,378000000.0,0.1708860759,290000000.0,0.1311030741,-21000000.0,269000000.0,0.1216094033,56000000.0,213000000.0,0.0962929476,0.56,0.56,378000000,381000000,https://www.sec.gov/Archives/edgar/data/310764/000031076413000158/0000310764-13-000158-index.htm,https://www.sec.gov/Archives/edgar/data/310764/000031076413000158/syk06302013q2.htm,5.851851851851852,0.5634920634920635,0.9417989417989416,0.8174603174603174,12.306878306878309,22.75925925925926,11.867724867724869,22.75925925925926,7.253968253968254,24354540000.000004,26125540000.000004,28.585140845070427,11.010189873417724,68.41162921348315,78.81728155339808,2.830935720097641,2.830935720097641,11.810822784810128,69.1151851851852,73.38634831460675,84.5486731391586,0.0087458026306388,0.0126875728303634,0.3187260258049517,0.1906549853984147,4.685185185185185,4.408422120750888,0.0,1.6713615023474178,0.004106010624713,0.4694835680751174,0.4588607594936709,0.0596745027124773,0.286260603532193,0.1320224719101123,0.0212477396021699,0.5949367088607594,0.0081374321880651,16.986903607776615,0.018458862764317,0.0207501217730151,1.6011904761904765,6718000000.0,4486000000.0,2910000000.0,11856000000.0,1410500000.0,287000000.0,1334000000.0,57.49095840867993,34.15068493150685,165.82191780821918,1.5654635527246992,2.6353790613718413,0.5427509293680297,0.0247588050679995,0.1243386243386243,2013-07-18,1.03,amc,2278360000.0,2025-04-25,2013-06-30,-0.029126213592233,66.37234375,1451255.296875
2013-03-31,SYK,USD,310764,2013-04-30,2013-04-30 10:25:15,2013,Q1,2190000000.0,713000000.0,1477000000.0,0.6744292237,129000000,916000000.0,0.0,916000000.0,-11000000.0,1077000000.0,1790000000.0,0.0,0.0,70000000.0,470000000.0,0.2146118721,386000000.0,0.1762557078,-11000000.0,375000000.0,0.1712328767,71000000.0,304000000.0,0.1388127854,0.8,0.79,379700000,383000000,https://www.sec.gov/Archives/edgar/data/310764/000031076413000110/0000310764-13-000110-index.htm,https://www.sec.gov/Archives/edgar/data/310764/000031076413000110/syk03312013q1.htm,5.767711351066631,0.8006320779562813,0.6215433236765868,0.4924940742691598,11.817224124308664,22.270213326310245,11.440611008691072,22.270213326310245,7.210956017908876,24805801000.0,25630801000.0,20.399507401315788,11.326849771689496,105.10932627118645,132.6513422459893,2.933514782403027,2.933514782403027,11.70356210045662,54.53361914893617,108.60508898305083,137.06310695187165,0.0122551978869781,0.0075385592265293,0.3237937559129612,0.1943360068138264,1.75531914893617,4.657632743362832,0.0,0.7763157894736842,0.0040716282453447,0.3322368421052631,0.4182648401826484,0.0589041095890411,0.2918588970118532,0.2076271186440678,0.0223744292237442,0.7,0.0091324200913242,20.02949228935677,0.0254094464744891,0.0304700811867294,1.5051356333947854,6613000000.0,4344000000.0,2788000000.0,11727000000.0,1419000000.0,292500000.0,1294000000.0,57.86301369863014,37.48948106591865,166.99859747545582,1.5553977272727273,2.4006734006734005,0.5389266817838246,0.0359508041627246,0.1290492494074269,2013-04-24,1.01,amc,2147475728.0,2025-04-25,2013-03-31,0.0198019801980198,62.897000000000006,1741982.85
2012-12-31,SYK,USD,310764,2013-02-27,2013-02-27 17:24:58,2012,Q4,2337000000.0,744000000.0,1593000000.0,0.6816431322,129000000,1033000000.0,0.0,1033000000.0,-12000000.0,1193000000.0,1937000000.0,0.0,0.0,122000000.0,439000000.0,0.187847668,370000000.0,0.1583226359,-12000000.0,358000000.0,0.1531878477,88000000.0,270000000.0,0.1155327343,0.71,0.71,380300000,382700000,https://www.sec.gov/Archives/edgar/data/310764/000031076413000054/0000310764-13-000054-index.htm,https://www.sec.gov/Archives/edgar/data/310764/000031076413000054/syk10k12312012.htm,6.145148566920852,0.7099658164606889,1.5671838022613729,1.438338154088877,11.267420457533524,22.60583749671312,13.22902971338417,22.60583749671312,4.5911122797791215,20848046000.0,21199046000.0,19.303746296296296,8.92085836542576,34.979942953020135,38.11342961608775,2.4250373386064905,2.4250373386064905,9.071050919982884,48.289398633257406,35.56886912751678,38.75511151736746,0.012950854003296,0.026237470888159,0.2030941025939281,0.1296502561817776,0.7995444191343963,4.419161676646707,0.0,2.2074074074074077,0.0038852562009888,0.3,0.4420196833547283,0.055198973042362,0.2647954258557956,0.0822147651006711,0.0209670517757809,0.4016393442622951,0.0077021822849807,19.00291733367434,0.0239610406431057,0.0272699727300272,2.945043386799895,6281000000.0,5031000000.0,3248000000.0,10795000000.0,1393000000.0,279000000.0,1290000000.0,55.07060333761232,34.83870967741935,153.0241935483871,1.6342657342657343,2.583333333333333,0.5881422924901186,0.0314063045248342,0.1288456481724954,2013-01-23,1.12,amc,2296982456.0,2025-04-25,2012-12-31,0.0178571428571426,53.91290322580645,2044537.1935483871
2012-09-30,SYK,USD,310764,2012-10-22,2012-10-22 17:10:52,2012,Q3,2052000000.0,655000000.0,1397000000.0,0.6807992203,114000000,791000000.0,0.0,791000000.0,30000000.0,935000000.0,1590000000.0,12000000.0,18000000.0,120000000.0,530000000.0,0.2582846004,450000000.0,0.2192982456,-6000000.0,444000000.0,0.216374269,91000000.0,353000000.0,0.1720272904,0.93,0.92,380200000,382500000,https://www.sec.gov/Archives/edgar/data/310764/000031076412000240/0000310764-12-000240-index.htm,https://www.sec.gov/Archives/edgar/data/310764/000031076412000240/syk09302012q3.htm,5.397159389794845,0.9284587059442398,1.496580746975276,1.3440294581799053,10.16044187269858,21.99105733824303,13.043135192004208,21.99105733824303,4.652814308258812,20872980000.0,21200980000.0,14.782563739376773,10.17201754385965,36.683620386643234,40.84731898238748,2.496469321851453,2.496469321851453,10.331861598440543,40.001849056603774,37.26007029876977,41.4891976516634,0.0169118161374178,0.0244814108958088,0.2094247099629231,0.1370431243640917,0.6188679245283019,4.847715736040609,25.0,1.611898016997167,0.003880615034365,0.2294617563739376,0.3854775828460039,0.0555555555555555,0.2662596853721531,0.101933216168717,0.0282651072124756,0.4833333333333333,0.0087719298245614,21.43362415385557,0.0318896755744959,0.0376533333333333,2.949763282482904,6064000000.0,4959000000.0,3224000000.0,10395000000.0,1362000000.0,282500000.0,1302000000.0,59.47368421052632,37.099236641221374,180.68702290076337,1.5132743362831858,2.425925925925926,0.4980988593155893,0.042219830163856,0.1525512887953708,2012-10-17,0.98,amc,2073154639.0,2025-04-25,2012-09-30,-0.010204081632653,53.713968253968254,1761245.3174603174
2012-06-30,SYK,USD,310764,2012-07-24,2012-07-24 15:17:51,2012,Q2,2106000000.0,672000000.0,1434000000.0,0.6809116809,116000000,823000000.0,0.0,823000000.0,31000000.0,970000000.0,1642000000.0,0.0,0.0,121000000.0,533000000.0,0.2530864198,445000000.0,0.2113010446,-10000000.0,435000000.0,0.2065527066,110000000.0,325000000.0,0.1543209877,0.85,0.85,381000000,383300000,https://www.sec.gov/Archives/edgar/data/310764/000031076412000178/0000310764-12-000178-index.htm,https://www.sec.gov/Archives/edgar/data/310764/000031076412000178/d10q.htm,5.52755905511811,0.8530183727034121,1.1994750656167978,1.0656167979002624,9.081364829396325,20.871391076115486,12.007874015748031,20.871391076115486,4.593175853018373,20993100000.0,21350100000.0,16.14853846153846,9.96823361823362,45.93676148796499,51.707142857142856,2.6399773641851105,2.6399773641851105,10.137749287749289,40.05647279549719,46.71794310722101,52.58645320197044,0.0154812771815501,0.0193396878021826,0.2200704225352112,0.1427173381177622,0.6697936210131332,4.834116856950974,0.0,1.406153846153846,0.0038584106206324,0.2492307692307692,0.3907882241215574,0.0550807217473884,0.2754036861849617,0.111597374179431,0.0242165242165242,0.4214876033057851,0.0085470085470085,20.01456472585907,0.0308157627553819,0.0365785030951041,2.1535433070866143,5709000000.0,4575000000.0,2888000000.0,9984000000.0,1420000000.0,303000000.0,1303500000.0,58.46153846153846,39.50892857142857,172.63392857142856,1.5394736842105263,2.2779661016949158,0.5213343677269201,0.0408702213279678,0.1338582677165354,2012-07-18,0.99,amc,2127489795.0,2025-04-25,2012-06-30,-0.0101010101010101,53.22476190476191,1725206.984126984
2012-03-31,SYK,USD,310764,2012-04-24,2012-04-24 13:30:46,2012,Q1,2161000000.0,709000000.0,1452000000.0,0.6719111522,112000000,819000000.0,0.0,819000000.0,31000000.0,962000000.0,1671000000.0,0.0,0.0,123000000.0,560000000.0,0.2591392874,476000000.0,0.2202683943,-8000000.0,468000000.0,0.2165664044,118000000.0,350000000.0,0.1619620546,0.92,0.91,381000000,383800000,https://www.sec.gov/Archives/edgar/data/310764/000031076412000129/0000310764-12-000129-index.htm,https://www.sec.gov/Archives/edgar/data/310764/000031076412000129/d10q.htm,5.671916010498688,0.9186351706036744,0.0918635170603674,-0.0446194225721784,8.653543307086615,21.055118110236226,11.850393700787402,21.055118110236226,4.595800524934384,21137880000.0,22198880000.0,15.098485714285712,9.781527070800555,603.9394285714285,-1243.404705882353,2.634988780852655,2.634988780852655,10.272503470615456,39.64085714285714,634.2537142857143,-1305.8164705882352,0.0165579518854303,-0.0008042433772923,0.2182747444527549,0.1405409743960189,1.894642857142857,4.666881859264041,0.0,0.1,0.0038319831506281,0.2314285714285714,0.3789912077741786,0.0518278574733919,0.2814832651095593,1.4857142857142858,0.0240629338269319,0.4227642276422764,0.0097177232762609,20.861312767626604,0.032560404827852,0.0390974084003574,1.6351706036745406,5680000000.0,4515000000.0,2792000000.0,10096000000.0,1444500000.0,328000000.0,1300500000.0,61.30495141138362,39.47813822284908,167.30606488011284,1.468070652173913,2.279742765273312,0.5379362670713201,0.0436300174520069,0.1364829396325459,2012-04-17,0.99,amc,2161000000.0,2025-04-25,2012-03-31,0.0,53.73758064516129,1933428.3870967743
2011-12-31,SYK,USD,310764,2012-02-13,2012-02-13 16:25:27,2011,Q4,2215000000.0,740000000.0,1475000000.0,0.6659142212,115000000,834000000.0,0.0,834000000.0,32000000.0,981000000.0,1721000000.0,0.0,0.0,122000000.0,574000000.0,0.2591422122,418000000.0,0.1887133183,14800000.0,433000000.0,0.1954853273,32000000.0,401000000.0,0.1810383747,1.05,1.04,381000000,383800000,https://www.sec.gov/Archives/edgar/data/310764/000031076412000031/0000310764-12-000031-index.htm,https://www.sec.gov/Archives/edgar/data/310764/000031076412000031/d10-k.htm,5.813648293963254,1.05249343832021,1.6456692913385826,1.4776902887139107,8.971128608923884,20.165354330708663,10.94225721784777,20.165354330708663,4.640419947506562,18939510000.0,19802510000.0,11.80767456359102,8.550568848758465,30.20655502392345,33.64033747779752,2.4651190941038656,2.4651190941038656,8.940185101580136,34.499146341463415,31.58295055821372,35.173197158081706,0.0211726702538766,0.029726217837737,0.2301184433164128,0.1425231761386537,1.5034843205574913,3.9447483588621446,0.0,1.5635910224438905,0.0036431776746072,0.1720698254364089,0.3765237020316027,0.0519187358916478,0.283272873841193,0.1020733652312599,0.0288939051918735,0.5245901639344263,0.0076749435665914,21.852638743997037,0.0365403572809743,0.0451017883252727,1.0505249343832022,5383000000.0,4169000000.0,2489000000.0,9785000000.0,1368000000.0,313500000.0,1290000000.0,57.57562076749436,41.95945945945946,156.04054054054055,1.5631616090331686,2.1449275362318843,0.5767731878409976,0.0521931537159963,0.1679790026246719,2012-01-24,1.02,amc,2215000000.0,2025-04-25,2011-12-31,0.0,48.26222222222222,2098064.1587301586
2011-09-30,SYK,USD,310764,2011-10-28,2011-10-28 09:37:54,2011,Q3,2031000000.0,669000000.0,1362000000.0,0.670605613,122000000,765000000.0,0.0,765000000.0,31000000.0,918000000.0,1587000000.0,9000000.0,22000000.0,123400000.0,577000000.0,0.2840965042,444000000.0,0.2186115214,-13000000.0,431000000.0,0.2122107336,104000000.0,327000000.0,0.1610044313,0.85,0.84,386000000,388000000,https://www.sec.gov/Archives/edgar/data/310764/000031076411000151/0000310764-11-000151-index.htm,https://www.sec.gov/Archives/edgar/data/310764/000031076411000151/d10q.htm,5.261658031088083,0.8471502590673575,1.1562176165803109,1.0095854922279792,8.323834196891191,19.577720207253886,10.520725388601036,19.577720207253886,4.603626943005182,18192180000.0,19137180000.0,13.908394495412844,8.95725258493353,40.762222720143406,46.68252501924557,2.40732830488289,2.40732830488289,9.422540620384048,33.16668977469671,42.87963253416984,49.10746728252502,0.0179747561864493,0.0214212920056859,0.2322350138944025,0.1452453860796159,1.6377816291161178,4.437259923175416,20.181818181818183,1.3648318042813457,0.0038478071347139,0.2140672782874617,0.3766617429837518,0.0600689315608074,0.289332119506745,0.1268205243110015,0.0278680452978828,0.4586709886547812,0.0093549975381585,19.31757209833254,0.0319422633272068,0.0380808198439501,0.841321243523316,5369000000.0,4061000000.0,2405000000.0,9753000000.0,1333600000.0,294500000.0,1290700000.0,58.44903988183161,37.937219730941706,174.48430493273543,1.539802880970432,2.372340425531915,0.5158057054741712,0.0432711393410083,0.1466321243523316,2011-10-19,0.89,amc,1986362637.0,2025-04-25,2011-09-30,0.0224719101123595,51.0609375,2735231.125
2011-06-30,SYK,USD,310764,2011-07-28,2011-07-28 09:14:12,2011,Q2,2045500000.0,712800000.0,1332700000.0,0.6515277438,114500000,785800000.0,0.0,785800000.0,32100000.0,932400000.0,1645200000.0,0.0,0.0,120700000.0,521000000.0,0.254705451,400300000.0,0.1956978734,9700000.0,410000000.0,0.2004399902,100900000.0,310000000.0,0.1515521877,0.8,0.79,388200000,392000000,https://www.sec.gov/Archives/edgar/data/310764/000119312511200017/0001193125-11-200017-index.htm,https://www.sec.gov/Archives/edgar/data/310764/000119312511200017/d10q.htm,5.269191138588356,0.7985574446161773,0.4023699124162803,0.2717671303451829,6.890777949510562,20.03606388459557,11.211488923235446,20.03606388459557,2.567490984028851,22783458000.0,23283058000.0,18.373756451612905,11.13833194817893,145.8608066581306,215.95694786729857,2.929218050912831,2.929218050912831,11.382575409435344,44.68917082533589,149.05927016645327,220.69249289099525,0.0136063630024906,0.0046305525702024,0.128143481614811,0.0859490876478907,0.9589251439539348,4.055316495166823,0.0,0.505338078291815,0.003028513055393,0.2225806451612903,0.3841603519921779,0.0559765338548032,0.2954106446828326,0.324583866837388,0.0247861158640919,0.420049710024855,0.0092886824737228,18.9736351144583,0.0301265956237173,0.0379404457390431,1.3136269963936116,4899200000.0,4352300000.0,2684300000.0,9210900000.0,1329250000.0,299500000.0,1252450000.0,59.319481789293576,38.76262626262626,162.17171717171718,1.517208129357662,2.321824104234528,0.5549672999065711,0.0398560041141681,0.1306027820710973,2011-07-19,0.9,bmo,2045500000.0,2025-04-25,2011-06-30,0.0,60.086666666666666,2152938.904761905
2011-03-31,SYK,USD,310764,2011-05-04,2011-05-04 09:40:00,2011,Q1,2015200000.0,688900000.0,1326300000.0,0.6581480746,110900000,765200000.0,0.0,765200000.0,26700000.0,902800000.0,1591700000.0,6600000.0,17000000.0,114900000.0,526000000.0,0.2610162763,423500000.0,0.2101528384,-11700000.0,411800000.0,0.2043469631,104400000.0,307000000.0,0.1523421993,0.79,0.78,390000000,394200000,https://www.sec.gov/Archives/edgar/data/310764/000119312511125202/0001193125-11-125202-index.htm,https://www.sec.gov/Archives/edgar/data/310764/000119312511125202/d10q.htm,5.167179487179487,0.7871794871794872,0.5243589743589744,0.3841025641025641,7.39974358974359,19.10871794871795,10.992051282051282,19.10871794871795,2.598974358974359,23712000000.0,23973500000.0,19.30944625407166,11.766574037316396,115.95110024449876,158.29105473965288,3.181793784552627,3.181793784552627,11.896337832473204,45.57699619771863,117.22982885085574,160.03671562082778,0.0129470310391363,0.0063174763832658,0.1337287316837528,0.0887365328109696,0.497148288973384,4.097050668011091,24.91176470588235,0.6652569941444372,0.0029942645074224,0.2312703583061889,0.3797141722905915,0.0550317586343787,0.2818537975247084,0.267481662591687,0.0271437078205637,0.4760661444734552,0.0099245732433505,18.396869105894304,0.0326841117837249,0.038063356270535,1.7955769230769232,4914400000.0,4286900000.0,2722600000.0,8924900000.0,1281100000.0,292000000.0,1138650000.0,58.518757443429934,38.1477718101321,159.44984758310352,1.5379684041822483,2.359246575342466,0.5644408029496109,0.0411947828887338,0.1402564102564102,2011-04-19,0.89,bmo,1992808888.0,2025-04-25,2011-03-31,0.0112359550561797,59.91790322580645,2036065.661290323
2010-12-31,SYK,USD,310764,2011-02-18,2011-02-18 09:54:01,2010,Q4,1995100000.0,624200000.0,1370900000.0,0.687133477,110700000,734400000.0,0.0,734400000.0,15900000.0,861000000.0,1485200000.0,0.0,0.0,111300000.0,621200000.0,0.311362839,386400000.0,0.1936745025,-7100000.0,379300000.0,0.1901157837,84300000.0,295000000.0,0.1478622625,0.76,0.75,390000000,394200000,https://www.sec.gov/Archives/edgar/data/310764/000119312511039845/0001193125-11-039845-index.htm,https://www.sec.gov/Archives/edgar/data/310764/000119312511039845/d10k.htm,5.115641025641025,0.7564102564102564,1.327179487179487,1.185897435897436,11.23102564102564,18.393846153846155,13.841794871794871,18.393846153846155,2.62,20943000000.0,20207200000.0,17.748305084745763,10.497218184552151,40.46174652241113,45.28216216216216,2.919454667112747,2.919454667112747,10.128414615808731,32.52929813264649,39.04018547140649,43.69124324324324,0.0140858520746788,0.0220837511340304,0.1424389427902308,0.093785279621114,-1.1844816484224083,4.754766355140187,0.0,1.7545762711864408,0.0028458196055961,0.2020338983050847,0.3681018495313518,0.0554859405543581,0.1629448100522253,0.10645285935085,0.0276176632750238,0.4950584007187781,0.007618665731041,17.693193957735147,0.0322618129957544,0.0323472005965043,5.451089743589743,6026400000.0,5398300000.0,3909900000.0,8600000000.0,1205250000.0,269900000.0,1046050000.0,56.47386095935041,42.10189041973726,152.37423902595322,1.5936576403866125,2.137671232876712,0.5906510219530658,0.041123006579681,0.1412820512820513,2011-01-25,0.91,amc,1952194623.0,2025-04-25,2010-12-31,0.0219780219780219,51.5684375,2175207.65625
2010-09-30,SYK,USD,310764,2010-11-04,2010-11-04 15:42:51,2010,Q3,1767600000.0,540800000.0,1226800000.0,0.6940484272,98600000,643300000.0,0.0,643300000.0,14400000.0,756300000.0,1297100000.0,0.0,0.0,101100000.0,572200000.0,0.3237157728,470500000.0,0.2661801313,-8600000.0,461900000.0,0.2613147771,124200000.0,337000000.0,0.1906539941,0.85,0.85,397000000,398100000,https://www.sec.gov/Archives/edgar/data/310764/000119312510248001/0001193125-10-248001-index.htm,https://www.sec.gov/Archives/edgar/data/310764/000119312510248001/d10q.htm,4.452392947103275,0.8488664987405542,1.0788413098236775,0.931486146095718,11.371788413098235,18.403022670025187,14.361460957178842,18.403022670025187,2.509823677581864,19869850000.0,19940650000.0,14.74024480712166,11.241146186920115,46.39236516460425,53.73134126554895,2.719661921708185,2.719661921708185,11.281200497850191,34.84909122684376,46.557669857576464,53.92279610600325,0.0169603696052058,0.0186111118101042,0.1363810566657541,0.0924999303744,0.1237329605033205,5.365362731152205,0.0,1.2682854604678708,0.0030095848735647,0.1774480712166172,0.3639398053858339,0.0557818510975333,0.1489523668062273,0.1365865047863647,0.0330957230142566,0.5786350148367952,0.009560986648563,18.74802554812946,0.0366529090482744,0.0367606955079957,6.134256926952141,6137700000.0,5701500000.0,4077800000.0,8673800000.0,1133400000.0,230300000.0,1001750000.0,58.9918533604888,41.23890532544379,172.29474852071004,1.5256343863283273,2.182405165456013,0.5223606684052932,0.0461264713933753,0.1473551637279597,2010-10-19,0.77,amc,1701314999.0,2025-04-25,2010-09-30,0.0389610389610389,47.88984375,2657161.390625
2010-06-30,SYK,USD,310764,2010-08-09,2010-08-09 10:35:14,2010,Q2,1758200000.0,539300000.0,1218900000.0,0.6932658401,94600000,661800000.0,0.0,661800000.0,14400000.0,770800000.0,1310100000.0,0.0,0.0,98600000.0,448100000.0,0.254862928,448100000.0,0.254862928,-5500000.0,442600000.0,0.2517347287,123600000.0,319000000.0,0.1814355591,0.8,0.8,396900000,399200000,https://www.sec.gov/Archives/edgar/data/310764/000119312510182697/0001193125-10-182697-index.htm,https://www.sec.gov/Archives/edgar/data/310764/000119312510182697/d10q.htm,4.429831191735953,0.8037288989669942,0.8231292517006803,0.7288989669942051,10.149911816578484,16.99546485260771,12.997228521038044,16.99546485260771,2.510204081632653,19868814000.0,20079914000.0,15.571170846394985,11.300656353088383,60.81669421487604,68.67892844797788,2.945491661107405,2.945491661107405,11.42072232965533,44.81123409953136,61.46285277012549,69.40862080884895,0.0160553116054133,0.0145605067318059,0.1476984656437625,0.09903480084691,0.471100200848025,5.3276194888425605,0.0,1.0241379310344827,0.0029946427602573,0.1865203761755486,0.3764076896826299,0.0538050278694119,0.1577419707557578,0.1144781144781144,0.0212717552041861,0.3793103448275862,0.0098396086907064,17.531237569034296,0.036767731408036,0.0376481140537223,5.1124968505920885,5604700000.0,5158600000.0,3585200000.0,8090300000.0,1114400000.0,221750000.0,964600000.0,56.72733477420088,35.51270165028741,161.57611718894864,1.5865367262227037,2.534304511278195,0.5570130138401157,0.047290786450226,0.0942302847064751,2010-07-20,0.8,amc,1758200000.0,2025-04-25,2010-06-30,0.0,54.71984126984127,2288437.73015873
2010-03-31,SYK,USD,310764,2010-04-29,2010-04-29 09:20:58,2010,Q1,1799100000.0,581400000.0,1217700000.0,0.6768384192,90000000,667800000.0,0.0,667800000.0,13500000.0,771300000.0,1352700000.0,13100000.0,15100000.0,99200000.0,560100000.0,0.3113223278,446400000.0,0.248124062,-600000.0,445800000.0,0.2477905619,124100000.0,321700000.0,0.178811628,0.81,0.8,397200000,400100000,https://www.sec.gov/Archives/edgar/data/310764/000119312510098095/0001193125-10-098095-index.htm,https://www.sec.gov/Archives/edgar/data/310764/000119312510098095/d10q.htm,4.529456193353474,0.8099194360523666,0.6918429003021148,0.6135448136958711,9.913393756294058,16.794561933534744,12.722306143001006,16.794561933534744,2.54607250755287,22727784000.0,22521484000.0,17.662250543985078,12.632863098215774,82.70663755458514,93.26132129667624,3.4070552257600286,3.4070552257600286,12.518194652881997,40.20975540082128,81.95590975254731,92.41478867459992,0.0141544815807823,0.0107225587853175,0.1493374108053007,0.0986492909767884,-0.3683270844492055,4.894219817767654,29.56291390728477,0.8542119987566056,0.0026267409088365,0.1855766241840223,0.3711855927963982,0.0500250125062531,0.1601738889329002,0.1131732168850072,0.0172864209882719,0.313508064516129,0.0104496692790839,17.49429758304081,0.0369367718236016,0.0379322949215295,4.609642497482376,5470600000.0,5053300000.0,3447800000.0,8013100000.0,1133850000.0,215450000.0,952000000.0,56.058029014507255,35.71207430340557,148.76160990712074,1.6054792075673747,2.5201560468140443,0.6049947970863684,0.0482251004377286,0.0782980866062437,2010-04-20,0.78,amc,1754122500.0,2025-04-25,2010-03-31,0.0256410256410256,54.37622950819672,2017921.3278688523
2009-12-31,SYK,USD,310764,2010-02-26,2010-02-26 16:32:59,2009,Q4,1834200000.0,593200000.0,1241000000.0,0.6765892487,89500000,628700000.0,0.0,628700000.0,8800000.0,727000000.0,1320200000.0,0.0,0.0,104800000.0,618800000.0,0.3373677898,514000000.0,0.2802311635,9100000.0,523100000.0,0.2851924545,217100000.0,306000000.0,0.1668302257,0.77,0.76,397200000,400100000,https://www.sec.gov/Archives/edgar/data/310764/000119312510042997/0001193125-10-042997-index.htm,https://www.sec.gov/Archives/edgar/data/310764/000119312510042997/d10k.htm,4.617824773413897,0.770392749244713,1.359768378650554,1.254783484390735,7.439073514602216,16.6039778449144,12.597180261832827,16.6039778449144,0.0453172205438066,20006964000.0,19366264000.0,16.34555882352941,10.907733071638862,37.043073504906495,40.142383627608346,3.033610407726949,3.033610407726949,10.558425471595246,31.29648351648352,35.85681170153675,38.85686998394864,0.0152946743943758,0.0249113258763298,0.0027292990250337,0.0019842800921587,-1.0353910795087269,4.060513532269257,0.0,1.765032679738562,0.00198930732319,0.1300653594771242,0.3427652382510086,0.0487951150365281,0.175443431481706,0.0772079244584336,0.0227347072293097,0.3979007633587786,0.008341511285574,16.96498285167695,0.0393128845429615,0.0409101847642985,4.557968277945619,4410200000.0,5003600000.0,3375000000.0,6949300000.0,1130300000.0,202350000.0,960150000.0,56.2855740922473,30.37424140256237,143.07147673634526,1.5989887542498475,2.963036963036963,0.6290562036055143,0.0463980834255735,0.1049848942598187,2010-01-26,0.82,amc,1834200000.0,2025-04-25,2009-12-31,0.0,48.670625,1940579.828125
2009-09-30,SYK,USD,310764,2009-11-09,2009-11-09 14:36:46,2009,Q3,1653300000.0,538700000.0,1114600000.0,0.6741668179,83700000,643900000.0,0.0,643900000.0,8600000.0,736200000.0,1274900000.0,0.0,0.0,96600000.0,475000000.0,0.2873041795,311400000.0,0.1883505716,3000000.0,314400000.0,0.1901651243,85400000.0,229000000.0,0.1385108571,0.58,0.57,397600000,399600000,https://www.sec.gov/Archives/edgar/data/310764/000119312509229142/0001193125-09-229142-index.htm,https://www.sec.gov/Archives/edgar/data/310764/000119312509229142/d10q.htm,4.158199195171026,0.5759557344064387,1.171529175050302,1.0995975855130784,7.367706237424548,16.199446680080484,13.797786720321932,16.199446680080484,0.0455231388329979,18062968000.0,17120768000.0,19.719397379912664,10.92540252827678,38.778376985830825,41.31511436413541,2.8044167740533155,2.8044167740533155,10.35551200629045,36.04372210526316,36.7556204379562,39.16003659652333,0.0126778722079339,0.0242042171585533,0.0028101662811097,0.0021396822394552,-1.983578947368421,4.809515859766277,0.0,2.034061135371179,0.0,0.0,0.3894634972479284,0.0506260206859009,0.1128830149423113,0.0613997423787033,0.0172987358616101,0.2960662525879917,0.0092542188350571,14.48891627127727,0.0311588869116787,0.0305158375864504,5.620912977867203,4563800000.0,5486000000.0,3743500000.0,6472800000.0,1105400000.0,208100000.0,984500000.0,60.61513336962439,34.165583812882865,163.27640616298496,1.4847777278850471,2.634229828850856,0.5512125243016474,0.0355540374792342,0.0719315895372233,2009-10-20,0.69,amc,1653300000.0,2025-04-25,2009-09-30,0.0,41.60265625,2567704.203125
2009-06-30,SYK,USD,310764,2009-08-07,2009-08-07 15:14:20,2009,Q2,1634300000.0,536300000.0,1098000000.0,0.6718472741,82600000,617100000.0,0.0,617100000.0,8500000.0,708200000.0,1244500000.0,0.0,0.0,92200000.0,389800000.0,0.2385119011,389800000.0,0.2385119011,10200000.0,400000000.0,0.2447531053,108700000.0,291300000.0,0.1782414489,0.73,0.73,397400000,399000000,https://www.sec.gov/Archives/edgar/data/310764/000031076409000073/0000310764-09-000073-index.htm,https://www.sec.gov/Archives/edgar/data/310764/000031076409000073/syk10q209.htm,4.112481127327629,0.7330145948666331,0.458983392048314,0.3824861600402617,6.109461499748364,15.242828384499244,12.872420734776044,15.242828384499244,0.0488173125314544,15792676000.0,15145776000.0,13.55361826295915,9.663266230190295,86.58265350877193,103.89918421052631,2.607127692942633,2.607127692942633,9.267439270635746,38.85524884556183,83.03605263157895,99.64326315789474,0.0184452590555267,0.0096247146462068,0.0032026413536937,0.0024484129488231,-1.6595690097485891,4.874244256348247,0.0,0.6261585993820803,0.0,0.0,0.3775928532093251,0.0505415162454873,0.1188868555562567,0.1666666666666666,0.0186012360031817,0.3297180043383948,0.0091782414489383,15.855514896714013,0.0413337386062494,0.0417245577597937,4.732574232511324,4165200000.0,5115500000.0,3374300000.0,6057500000.0,1076050000.0,242700000.0,990950000.0,60.42770605152053,35.52675741189633,166.42364348312512,1.489383031076278,2.5333018422295703,0.5407885449228598,0.0480891456871646,0.0764972320080523,2009-07-21,0.72,amc,1611912328.0,2025-04-25,2009-06-30,0.0138888888888889,38.62031746031746,2564000.571428572
2009-03-31,SYK,USD,310764,2009-05-04,2009-05-04 15:51:51,2009,Q1,1601300000.0,515500000.0,1085800000.0,0.6780740648,80400000,616600000.0,0.0,616600000.0,9600000.0,706600000.0,1222100000.0,0.0,0.0,91700000.0,379200000.0,0.2368075938,379200000.0,0.2368075938,7200000.0,386400000.0,0.2413039405,105300000.0,281100000.0,0.1755448698,0.71,0.71,396700000,398600000,https://www.sec.gov/Archives/edgar/data/310764/000031076409000049/0000310764-09-000049-index.htm,https://www.sec.gov/Archives/edgar/data/310764/000031076409000049/syk10q109.htm,4.036551550289891,0.7085959163095538,0.6866649861356189,0.609528611041089,5.659440383161079,14.179732795563398,11.887068313587092,14.179732795563398,0.0516763297201915,13503668000.0,12838368000.0,12.009665599430807,8.432940735652283,49.5729368575624,55.84643507030603,2.400609411388242,2.400609411388242,8.017465809030163,33.85645569620253,47.13057268722467,53.09498759305211,0.0208165662840644,0.0179062459177758,0.0036443796554727,0.0027026314401729,-1.7544831223628692,4.230749703841598,0.0,0.9690501600853788,0.0117449569998314,0.5642120241906795,0.3850621370136763,0.0502092050209205,0.1199045509676739,0.1123348017621145,0.0191094735527384,0.3336968375136314,0.0104290264160369,15.035733003388286,0.0429430893695795,0.0421079437362374,3.96067557348122,3818100000.0,4715600000.0,3039800000.0,5671900000.0,1092150000.0,274000000.0,971450000.0,59.28433148067195,47.7846750727449,172.87681862269642,1.5181076981418278,1.883449031786628,0.5206018986063422,0.0499724449343122,0.0771363750945298,2009-04-20,0.71,bmo,1601300000.0,2025-04-25,2009-03-31,0.0,37.88131147540984,3460751.3114754097
2008-12-31,SYK,USD,310764,2009-02-20,2009-02-20 17:03:01,2008,Q4,1718200000.0,556000000.0,1162200000.0,0.6764055407,99800000,647600000.0,0.0,647600000.0,9600000.0,757000000.0,1313000000.0,0.0,0.0,93100000.0,577200000.0,0.3359329531,370300000.0,0.2155162379,9800000.0,380100000.0,0.2212198813,102400000.0,277700000.0,0.1616226283,0.7,0.7,396700000,398600000,https://www.sec.gov/Archives/edgar/data/310764/000031076409000035/0000310764-09-000035-index.htm,https://www.sec.gov/Archives/edgar/data/310764/000031076409000035/syk10k08.htm,4.33123266952357,0.7000252079657172,1.0569700025207966,0.9407612805646584,5.534660952861104,13.62919082430048,11.270985631459542,13.62919082430048,0.0516763297201915,15848165000.000002,15167565000.000002,14.26734335613972,9.223702130136193,37.796720725017884,42.46560825294748,2.931208500564115,2.931208500564115,8.82758991968339,26.277832640332644,36.17353923205343,40.64192122186496,0.0175225333658502,0.0235484675986147,0.0037915919137366,0.0026961977036286,-1.179140679140679,3.40558101361056,0.0,1.5099027727763774,0.0085561956226477,0.4882967230824631,0.3769060644860901,0.0580840414387149,0.1230386805729091,0.1099451466730264,0.0268304039110697,0.4951664876476906,0.0356768711442207,14.651535266881462,0.043906737966738,0.0416479198536248,3.3336904461809933,3517200000.0,4471200000.0,2782700000.0,5416500000.0,1117300000.0,268400000.0,966950000.0,59.16365964381329,44.40107913669065,154.2140287769784,1.521204072598495,2.026977761574918,0.5836044924950141,0.0513621987533985,0.1162087219561381,2009-01-27,0.74,bmo,1718200000.0,2025-04-25,2008-12-31,0.0,46.32359375,2923456.828125
2008-09-30,SYK,USD,310764,2008-11-03,2008-11-03 17:19:06,2008,Q3,1653000000.0,541700000.0,1111300000.0,0.672292801,92600000,644800000.0,0.0,644800000.0,9800000.0,747200000.0,1288900000.0,0.0,0.0,97600000.0,364100000.0,0.2202661827,364100000.0,0.2202661827,11900000.0,376000000.0,0.2274652148,102200000.0,273800000.0,0.1656382335,0.67,0.66,409700000,415800000,https://www.sec.gov/Archives/edgar/data/310764/000031076408000099/0000310764-08-000099-index.htm,https://www.sec.gov/Archives/edgar/data/310764/000031076408000099/syk10q308.htm,4.034659506956309,0.6682938735660239,0.7944837686111789,0.7041737856968514,5.388088845496705,14.022699536246034,11.803514766902612,14.022699536246034,0.0517451793995606,25524310000.0,24877510000.0,23.305615412710008,15.441203871748336,78.41569892473119,88.47247833622184,4.442796470035335,4.442796470035335,15.049915305505142,68.32603680307608,76.42860215053763,86.23053726169844,0.0107270284681544,0.0113029500111854,0.0036901011296583,0.0027988276608665,-1.7764350453172206,4.365226517404233,0.0,1.188823959094229,0.0,0.0,0.3900786448880822,0.0560193587416817,0.1200327410028252,0.1136712749615975,0.0223835450695704,0.3790983606557377,0.0101028433151845,14.520809009691328,0.041090837715671,0.0410778047829087,4.143092506712229,3847800000.0,4835900000.0,3161700000.0,5749800000.0,1118550000.0,265350000.0,967200000.0,60.16878402903811,43.6127007568765,163.02012183865608,1.4957922359967424,2.0636190476190475,0.5520790868324501,0.0476580042122852,0.0903099829143275,2008-10-16,0.67,bmo,1678045454.0,2025-04-25,2008-09-30,-0.0149253731343283,65.2378125,1876709.6875
2008-06-30,SYK,USD,310764,2008-08-07,2008-08-07 15:56:53,2008,Q2,1712600000.0,533200000.0,1179400000.0,0.6886605162,90300000,678200000.0,0.0,678200000.0,10000000.0,778500000.0,1311700000.0,0.0,0.0,98700000.0,400900000.0,0.2340885204,400900000.0,0.2340885204,19200000.0,420100000.0,0.2452995446,114300000.0,305800000.0,0.1785589163,0.74,0.73,412000000,417900000,https://www.sec.gov/Archives/edgar/data/310764/000031076408000072/0000310764-08-000072-index.htm,https://www.sec.gov/Archives/edgar/data/310764/000031076408000072/syk10q208.htm,4.156796116504855,0.7422330097087378,0.583252427184466,0.483252427184466,6.220145631067961,15.09490291262136,12.807038834951456,15.09490291262136,0.0577669902912621,25906560000.0,25508760000.0,21.17933289731851,15.12703491766904,107.80923845193507,130.11833249623305,4.165644546638581,4.165644546638581,14.894756510568726,63.62873534547269,106.1538077403246,128.12034153691613,0.0118039600780651,0.0076853121371575,0.0038269202939332,0.0029656212228826,-0.992267398353704,4.76414590747331,0.0,0.7858077174623938,0.0,0.0,0.3960060726380941,0.0527268480672661,0.1174535531382004,0.1714523512276321,0.0240569893728833,0.4174265450861195,0.0089921756393787,15.877296446566817,0.042140026724762,0.0431756251147161,5.053640776699029,4230900000.0,5276500000.0,3548700000.0,6191300000.0,1113300000.0,272950000.0,923900000.0,59.488497022071705,45.27006751687922,160.8927231807952,1.5128975265017668,1.98806860551827,0.5593789341166596,0.0491711019279316,0.1,2008-07-17,0.73,bmo,1712600000.0,2025-04-25,2008-06-30,0.0,63.9196875,1552621.390625
2008-03-31,SYK,USD,310764,2008-05-05,2008-05-05 16:13:41,2008,Q1,1634400000.0,500500000.0,1133900000.0,0.6937714146,85100000,654500000.0,0.0,654500000.0,10600000.0,750200000.0,1250700000.0,0.0,0.0,98200000.0,383700000.0,0.2347650514,383700000.0,0.2347650514,20300000.0,404000000.0,0.2471855115,113500000.0,290500000.0,0.1777410671,0.71,0.7,411400000,417900000,https://www.sec.gov/Archives/edgar/data/310764/000031076408000058/0000310764-08-000058-index.htm,https://www.sec.gov/Archives/edgar/data/310764/000031076408000058/syk10q108.htm,3.97277588721439,0.7061254253767623,0.4637822070977151,0.3886728245017015,5.74331550802139,14.421001458434612,12.09333981526495,14.421001458434612,0.0430238210986874,26761570000.0,26355770000.0,23.03061101549053,16.37394150758688,140.25980083857442,167.36441525953722,4.5107824298813375,4.5107824298813375,16.125654674498286,68.68848058378941,138.13296645702306,164.82657911194497,0.0108551179919563,0.0059749857725088,0.0029834142394822,0.0022826633651874,-1.0575970810529058,4.40645666550644,0.0,0.6567986230636833,0.0050669672967617,0.4667814113597246,0.4004527655408713,0.0520680372001957,0.1234959569775989,0.1619496855345912,0.0189060205580029,0.3146639511201629,0.0104625550660792,15.136654361413925,0.0416608422763576,0.0427425880968145,4.399003403014098,3914700000.0,4975200000.0,3242600000.0,5895700000.0,1062650000.0,271600000.0,845400000.0,60.27533039647577,49.93606393606394,160.86713286713288,1.4931481819842864,1.802304645300684,0.5594679186228482,0.0489650755124056,0.0751093825960136,2008-04-17,0.69,bmo,1611051428.0,2025-04-25,2008-03-31,0.0144927536231884,66.80098360655738,2069201.4426229508
2007-12-31,SYK,USD,310764,2008-03-03,2008-03-03 15:41:10,2007,Q4,1658100000.0,524500000.0,1133600000.0,0.6836740848,101800000,658900000.0,0.0,658900000.0,10000000.0,770700000.0,1295200000.0,0.0,0.0,95500000.0,458400000.0,0.2764610096,362900000.0,0.2188649659,21100000.0,384000000.0,0.2315903745,107900000.0,276100000.0,0.1665158917,0.67,0.66,411400000,417900000,https://www.sec.gov/Archives/edgar/data/310764/000031076408000049/0000310764-08-000049-index.htm,https://www.sec.gov/Archives/edgar/data/310764/000031076408000049/syk10ka07.htm,4.030384054448225,0.6711229946524064,0.8932912007778318,0.7352941176470589,5.859990277102576,13.073650947982498,10.824015556635878,13.073650947982498,0.0408361691784151,30739808000.0,30466108000.0,27.83394422310757,18.539176165490623,83.64573605442177,101.6192,5.715312447708469,5.715312447708469,18.37410771364815,66.46184118673648,82.90097414965986,100.71440661157024,0.0089818387935279,0.0098406600327497,0.0031235474574695,0.0022844710361707,-0.5970767888307156,3.679594898724681,0.0,1.331039478449837,0.0014671529503372,0.1633466135458167,0.3973825462879199,0.0613955732464869,0.125849877617623,0.1768707482993197,0.0392014956878354,0.680628272251309,0.0343163862251975,14.050467072063173,0.0432158866157099,0.0429493661040678,3.904776373359261,3571900000.0,4453000000.0,2929400000.0,5489000000.0,992500000.0,252950000.0,790650000.0,55.945359146010496,45.55767397521449,136.62154432793136,1.6087125254681285,1.975517890772128,0.6587540818889727,0.0513340150599609,0.1579970831307729,2008-01-23,0.66,bmo,1658100000.0,2025-04-25,2007-12-31,0.0,72.36125,1186062.65625
2007-09-30,SYK,USD,310764,2007-11-09,2007-11-09 14:37:14,2007,Q3,1453200000.0,457000000.0,996200000.0,0.6855216075,96800000,582900000.0,0.0,582900000.0,-372400000.0,307300000.0,764300000.0,0.0,0.0,73900000.0,762800000.0,0.5249105423,688900000.0,0.474057253,-371000000.0,317900000.0,0.2187586017,89200000.0,228700000.0,0.1573768236,0.56,0.55,410000000,417500000,https://www.sec.gov/Archives/edgar/data/310764/000031076407000127/0000310764-07-000127-index.htm,https://www.sec.gov/Archives/edgar/data/310764/000031076407000127/syk10q307.htm,3.544390243902439,0.5578048780487805,0.7248780487804878,0.6204878048780488,5.057073170731707,12.588536585365851,9.61341463414634,12.588536585365851,0.0424390243902439,28753300000.0,28599800000.0,31.43124180148666,19.786195981282688,96.74730820995964,113.0239779874214,5.57094142948482,5.57094142948482,19.68056702449766,37.493183009963296,96.23082099596232,112.42059748427673,0.0079538696427888,0.008847680092372,0.0033712436789181,0.0025369239068628,-0.201232302045097,4.083432986845736,0.0,1.1457208943716268,0.0,0.0,0.4011147811725846,0.0666116157445637,0.1778471138845553,0.1440107671601615,0.0294522433250756,0.5791610284167794,0.0099779796311588,12.56955886589835,0.085610744113357,0.0405575555516146,3.620182926829268,3352000000.0,3941500000.0,2741700000.0,5529200000.0,947400000.0,235800000.0,759250000.0,59.10198183319571,47.34354485776805,154.61487964989058,1.5227915749764225,1.9009983361064893,0.5820914533180487,0.0443105419177339,0.104390243902439,2007-10-17,0.55,bmo,1453200000.0,2025-04-25,2007-09-30,0.0,66.46126984126985,1525532.5555555555
2007-06-30,SYK,USD,310764,2007-08-09,2007-08-09 10:59:17,2007,Q2,1463700000.0,444300000.0,1019400000.0,0.6964541914,92100000,581600000.0,0.0,581600000.0,30800000.0,704500000.0,1148800000.0,0.0,0.0,108200000.0,314900000.0,0.2151397144,314900000.0,0.2151397144,16900000.0,331800000.0,0.2266857963,91700000.0,509200000.0,0.3478854957,0.66,0.65,409400000,416900000,https://www.sec.gov/Archives/edgar/data/310764/000031076407000094/0000310764-07-000094-index.htm,https://www.sec.gov/Archives/edgar/data/310764/000031076407000094/syk10q207.htm,3.5752320468978995,1.243771372740596,0.5151441133365902,0.4223253541768441,4.348314606741573,11.727894479726428,9.516609672691745,11.727894479726428,0.0425012212994626,25829046000.0,25676446000.0,12.681189120188533,17.64640705062513,122.47058321479372,149.3871949103528,5.379482234348315,5.379482234348315,17.542150713944114,81.53841219434742,121.74701754385966,148.5046038172354,0.0197142395425676,0.006694014173036,0.0036239430166201,0.0027103225906945,-0.4845982851698952,3.9064333108952782,0.0,0.8846476510067114,0.0,0.0,0.3973491835758693,0.0629227300676368,0.141014657549183,0.1801801801801801,0.0259616041538566,0.3512014787430684,0.010521281683405,18.116385866644027,0.0422186006420656,0.0923367061980923,3.013617489008305,3022400000.0,3896100000.0,2443800000.0,4860400000.0,938550000.0,227700000.0,721800000.0,57.82947325271572,46.833220796758944,148.56178257933828,1.5562998405103667,1.921712802768166,0.6058085628579221,0.1060524013829299,0.0928187591597459,2007-07-19,0.61,bmo,1463700000.0,2025-04-25,2007-06-30,0.0,66.21984126984128,1381124.111111111
2007-03-31,SYK,USD,310764,2007-04-27,2007-04-27 14:53:53,2007,Q1,1489300000.0,496700000.0,992600000.0,0.6664876116,84600000,571400000.0,0.0,571400000.0,11300000.0,667300000.0,1164000000.0,0.0,0.0,89000000.0,400500000.0,0.2689182838,325300000.0,0.2184247633,13800000.0,339100000.0,0.2276908615,95600000.0,241800000.0,0.1623581548,0.6,0.59,408600000,416000000,https://www.sec.gov/Archives/edgar/data/310764/000031076407000074/0000310764-07-000074-index.htm,https://www.sec.gov/Archives/edgar/data/310764/000031076407000074/syk10q107.htm,3.6448849730788058,0.591776798825257,0.3737151248164464,0.2711698482623593,3.588350465002448,10.983847283406757,8.700440528634362,10.983847283406757,0.0372001957905041,27098352000.0,26819252000.0,28.017320099255578,18.195361579265423,177.46137524557955,244.56996389891697,6.037957219251337,6.037957219251337,18.00795810112133,66.96442446941322,175.6336083824492,242.05101083032488,0.0089230518520093,0.0040888095335096,0.0033868092691622,0.0025013576447743,-0.6968789013732833,3.4841718485019784,0.0,0.6271047227926078,0.0033101643967131,0.3709677419354839,0.3836701806217686,0.0568052105015779,0.1535372817483173,0.2743942370661427,0.0281340226952259,0.4707865168539326,0.0106761565836298,12.093373584058286,0.0464357772276261,0.0470089624200478,2.288423886441508,2636700000.0,3555000000.0,2109400000.0,4532000000.0,901900000.0,236050000.0,693900000.0,56.59974484657221,40.624119186631766,128.68532313267565,1.590113175314969,2.2154326494201606,0.6993804562095185,0.0538770053475935,0.1025452765540871,2007-04-18,0.58,bmo,1401338983.0,2025-04-25,2007-03-31,0.0172413793103448,61.76819672131148,1789339.0
2006-12-31,SYK,USD,310764,2007-02-28,2007-02-28 15:32:22,2006,Q4,1462800000.0,501600000.0,961200000.0,0.6570959803,91200000,552600000.0,0.0,552600000.0,11500000.0,655300000.0,1156900000.0,0.0,0.0,87300000.0,393200000.0,0.2687995625,305900000.0,0.2091194969,11600000.0,317500000.0,0.2170494941,89600000.0,227900000.0,0.1557971014,0.56,0.55,408600000,416000000,https://www.sec.gov/Archives/edgar/data/310764/000031076407000062/0000310764-07-000062-index.htm,https://www.sec.gov/Archives/edgar/data/310764/000031076407000062/syk10k06.htm,3.580029368575624,0.5577581987273618,0.9065100342633382,0.7479197258932941,3.462555066079295,10.25697503671072,7.963778756730298,10.25697503671072,0.0362212432697014,22517946000.0,22116146000.0,24.70156428258008,15.393728465955702,60.79359071274298,73.68437827225131,5.372929133858267,5.372929133858267,15.119049767569043,56.24655645981689,59.70881749460043,72.36958769633507,0.010120816525628,0.0135713976754362,0.0035313767597232,0.0025196635908611,-1.0218718209562565,2.6150943396226416,0.0,1.625274243089074,0.0039920159680638,0.3944361562088635,0.3777686628383921,0.0623461853978671,0.1595219449078961,0.1749460043196544,0.0442986054142739,0.7422680412371134,0.0388980038282745,11.345506521064362,0.0483951367179805,0.046163506725004,1.765051395007342,2182800000.0,3254000000.0,1851500000.0,4071500000.0,856050000.0,226300000.0,676350000.0,53.3552091878589,44.479665071770334,121.57894736842104,1.686808118081181,2.023396530859217,0.7402597402597403,0.0543784299689811,0.158590308370044,2007-01-25,0.55,bmo,1400400000.0,2025-04-25,2006-12-31,0.0,52.60984126984127,1268228.5714285714
2006-09-30,SYK,USD,310764,2006-11-08,2006-11-08 14:45:56,2006,Q3,1294000000.0,441700000.0,852300000.0,0.6586553323,80400000,506400000.0,0.0,506400000.0,11100000.0,597900000.0,1039600000.0,0.0,0.0,84800000.0,677200000.0,0.5233384853,254400000.0,0.1965996909,8000000.0,262400000.0,0.2027820711,74000000.0,187000000.0,0.1445131376,0.46,0.46,406700000,411600000,https://www.sec.gov/Archives/edgar/data/310764/000031076406000086/0000310764-06-000086-index.htm,https://www.sec.gov/Archives/edgar/data/310764/000031076406000086/syk10q306.htm,3.1817064175067618,0.4597983771821982,0.689451684288173,0.5701991640029506,2.668797639537743,9.81190066388001,6.809441849028768,9.81190066388001,0.0373739857388738,20168253000.0,20000753000.0,26.962905080213904,15.58597604327666,71.92672253922969,86.96961190168176,5.054066658313495,5.054066658313495,15.456532457496136,29.53448464264619,71.32936162624821,86.2473178094006,0.0092719979266424,0.0114982690865688,0.0038090464854028,0.0028152840288196,-0.2473419964559952,2.8015287769784174,0.0,1.4883227176220806,0.0,0.0,0.3913446676970634,0.0621329211746522,0.2261673241836602,0.1729671897289586,0.0374806800618238,0.5719339622641509,0.0114374034003091,10.075150621817604,0.0424613751681836,0.0447582575394925,1.5933734939759037,2003300000.0,2769400000.0,1706700000.0,4135100000.0,843500000.0,199000000.0,659600000.0,58.76429675425039,41.70930495811637,137.5571654969436,1.5315421943425258,2.157791890571568,0.6542734409717079,0.0468612955769953,0.1192525202852225,2006-10-17,0.46,bmo,1231100000.0,2025-04-25,2006-09-30,0.0,46.85666666666667,1247066.6666666667
2006-06-30,SYK,USD,310764,2006-08-09,2006-08-09 14:41:59,2006,Q2,1327900000.0,452500000.0,875400000.0,0.6592363883,75900000,497000000.0,0.0,497000000.0,10600000.0,583500000.0,1036000000.0,0.0,0.0,81900000.0,366800000.0,0.2762256194,291900000.0,0.2198207696,4700000.0,296600000.0,0.2233601928,82700000.0,213900000.0,0.1610814067,0.53,0.52,406400000,410700000,https://www.sec.gov/Archives/edgar/data/310764/000031076406000061/0000310764-06-000061-index.htm,https://www.sec.gov/Archives/edgar/data/310764/000031076406000061/syk10q206.htm,3.267470472440945,0.5263287401574803,0.4817913385826771,0.3531003937007874,2.1350885826771653,9.274360236220472,6.988927165354331,9.274360236220472,0.0349409448818897,17113504000.0,16998004000.0,20.00175783076204,12.88764515400256,87.40298263534218,119.2578675958188,4.540474914435807,4.540474914435807,12.800665712779576,46.3413413304253,86.81309499489275,118.45298954703831,0.0124989014523267,0.0083851910164043,0.0037674776471836,0.0027794088862791,-0.3148854961832061,2.7052930056710776,0.0,0.9153810191678354,0.0,0.0,0.3742751713231418,0.0571579185179606,0.1817968291250734,0.2671092951991828,0.0393854958957752,0.6385836385836385,0.010768883199036,10.48001205272076,0.0517924678318022,0.0511698004880149,1.1846087598425197,1804200000.0,2840300000.0,1522300000.0,3625100000.0,841950000.0,197700000.0,619850000.0,57.074327886136,38.44640883977901,128.10828729281766,1.5768911055694097,2.340920848422141,0.7025306629405372,0.0567509485022949,0.1286909448818897,2006-07-20,0.51,bmo,1237534615.0,2025-04-25,2006-06-30,0.0196078431372549,43.88984126984127,1644868.3174603174
2006-03-31,SYK,USD,310764,2006-05-03,2006-05-03 14:38:05,2006,Q1,1320900000.0,452900000.0,868000000.0,0.657127716,77100000,505700000.0,0.0,505700000.0,10400000.0,593200000.0,1046100000.0,0.0,0.0,77800000.0,352600000.0,0.2669392081,222100000.0,0.1681429328,5200000.0,227300000.0,0.1720796427,79800000.0,147500000.0,0.1116662881,0.36,0.36,405700000,411300000,https://www.sec.gov/Archives/edgar/data/310764/000031076406000051/0000310764-06-000051-index.htm,https://www.sec.gov/Archives/edgar/data/310764/000031076406000051/syk10q106.htm,3.255854079368992,0.3635691397584422,0.0510229233423712,-0.0769041163421247,2.1545476953413853,8.59896475228001,6.33744145920631,8.59896475228001,0.3386738969682031,17988738000.0,17927738000.0,30.48938644067797,13.618546445605269,869.0211594202899,-576.5621153846154,5.156434672934703,5.156434672934703,13.57236581118934,50.84440726035167,866.0742995169082,-574.6069871794872,0.0081995746449806,-0.0017344185011755,0.0393854268187811,0.0275119138200312,-0.1730005672149744,2.4893241574025056,0.0,0.1403389830508474,0.0024793290112958,0.3023728813559322,0.3828450299038534,0.0583692936634113,0.183713107204357,2.5072463768115942,0.0392913922325687,0.6670951156812339,0.0113558937088348,8.387023303919646,0.0369685540777224,0.036181225010425,0.7336701996549174,1688000000.0,2571100000.0,1315800000.0,3463100000.0,806050000.0,204300000.0,579550000.0,57.35634794458324,40.16118348421285,118.35725325678958,1.5691375623663577,2.240969816922316,0.7604096709200806,0.0422805710026944,0.1279270396844959,2006-04-20,0.48,bmo,1228310204.0,2025-04-25,2006-03-31,0.0208333333333333,46.87903225806452,1616761.2903225806
2005-12-31,SYK,USD,310764,2006-03-07,2006-03-06 17:45:35,2005,Q4,1278500000.0,447100000.0,831400000.0,0.6502933125,83000000,463400000.0,0.0,463400000.0,10500000.0,556900000.0,1004000000.0,0.0,0.0,76600000.0,351100000.0,0.2746186938,258600000.0,0.2022682831,5900000.0,264500000.0,0.2068830661,78800000.0,185700000.0,0.1452483379,0.46,0.45,405700000,411300000,https://www.sec.gov/Archives/edgar/data/310764/000031076406000040/0000310764-06-000040-index.htm,https://www.sec.gov/Archives/edgar/data/310764/000031076406000040/syk10k05.htm,3.151343357160463,0.4577273847670692,0.9405964998767562,0.7288636923835347,2.6041409908799604,8.015282228247473,5.740448607345329,8.015282228247473,0.570865171308849,18025251000.0,17765651000.0,24.26662762520193,14.098749315604223,47.23598270440252,60.95789989854583,5.543161018512824,5.543161018512824,13.895698865858428,50.599974366277415,46.5556892033543,60.07998309097058,0.0103022143769315,0.0164047646271333,0.0712220923796051,0.0468437127080762,-0.7393904870407292,2.298286354900705,0.0,2.054927302100161,0.0024758046365068,0.2403177167474421,0.3624560031286664,0.0649198279233476,0.1866669363483748,0.225104821802935,0.0671881110676574,1.1214099216710185,0.0,9.08561053982493,0.0485098275493622,0.0461802447030737,0.5513310327828445,1621300000.0,2328900000.0,1177800000.0,3375200000.0,753250000.0,188950000.0,575550000.0,54.225263981228,41.56788190561395,113.4309997763364,1.6597429572893678,2.165133171912833,0.7934338952972493,0.0571068331385694,0.2117328074932216,2006-01-26,0.48,bmo,1278500000.0,2025-04-25,2005-12-31,0.0,44.78380952380952,2149384.1428571427
2005-09-30,SYK,USD,310764,2005-11-04,2005-11-04 10:12:10,2005,Q3,1171900000.0,415500000.0,756400000.0,0.6454475638,70300000,443200000.0,0.0,443200000.0,10500000.0,524000000.0,939500000.0,0.0,0.0,70000000.0,284900000.0,0.2431094803,232400000.0,0.198310436,-600000.0,231800000.0,0.197798447,99700000.0,120700000.0,0.1029951361,0.3,0.29,403700000,411400000,https://www.sec.gov/Archives/edgar/data/310764/000031076405000045/0000310764-05-000045-index.htm,https://www.sec.gov/Archives/edgar/data/310764/000031076405000045/syk10q305.htm,2.9028981917265297,0.2989843943522418,0.6514738667327223,0.4795640326975476,1.3192965073074066,7.712905622987367,5.385434728758979,7.712905622987367,0.0222937825117661,19954891000.0,19763491000.0,41.33158864954432,17.027810393378275,75.87411026615969,103.0727840909091,6.408739120660308,6.408739120660308,16.86448587763461,69.36992277992277,75.1463536121673,102.08414772727272,0.0060486424105248,0.009701882110005,0.0028904518739762,0.002046943231441,-0.6718146718146718,2.2838933951332563,0.0,1.9909159727479184,0.0,0.0,0.3781892652956737,0.0599880535881901,0.2137008733624454,0.2638783269961977,0.0592200699718406,0.9914285714285714,0.0,7.203184321441438,0.0393084417239794,0.0349126460719657,0.2364379489720089,1329600000.0,2174100000.0,1082100000.0,3047700000.0,742900000.0,176000000.0,581950000.0,56.53895383565151,37.12635379061371,127.27797833935016,1.5918228742189622,2.424154025670945,0.7071136827773996,0.0387641712432154,0.1719098340351746,2005-10-18,0.41,bmo,1201197500.0,2025-04-25,2005-09-30,-0.0243902439024389,51.94484375,1827750.0625
2005-06-30,SYK,USD,310764,2005-08-01,2005-08-01 16:07:31,2005,Q2,1218600000.0,422200000.0,796400000.0,0.6535368456,65900000,457500000.0,0.0,457500000.0,11400000.0,534800000.0,957000000.0,0.0,0.0,69400000.0,320900000.0,0.2633349746,261600000.0,0.2146725751,-200000.0,261400000.0,0.2145084523,77100000.0,177800000.0,0.145905137,0.44,0.43,403300000,410500000,https://www.sec.gov/Archives/edgar/data/310764/000031076405000021/0000310764-05-000021-index.htm,https://www.sec.gov/Archives/edgar/data/310764/000031076405000021/syk10q205.htm,3.0215720307463427,0.4408628812298537,0.4641705926109596,0.287875030994297,0.8192412596082321,7.41086040168609,5.044879742127448,7.41086040168609,0.0228118026283163,19180948000.0,19071748000.0,26.96983689538808,15.740150992942722,102.46232905982906,165.21057708871663,6.41760840471092,6.41760840471092,15.650539963892992,59.43205983172328,101.87899572649572,164.27000861326442,0.0092696148282139,0.0060528812235974,0.0030781584582441,0.0022073995873122,-0.3402929261452165,2.2816013449616475,0.0,1.015735214324471,0.0,0.0,0.3754308222550467,0.0540784506811094,0.2289457267623206,0.3798076923076923,0.0583456425406203,1.0244956772334295,0.0,8.573878851155417,0.0571981051747324,0.0553273587254169,0.004339201586908,1219700000.0,2034600000.0,992400000.0,2912400000.0,757900000.0,178450000.0,566700000.0,55.36189069423929,38.49834201800095,122.84936049265752,1.625667022411953,2.337763012181617,0.7326045462432761,0.0594887580299785,0.1762955616166625,2005-07-19,0.44,bmo,1191520000.0,2025-04-25,2005-06-30,0.0227272727272727,47.89671875,1482229.703125
2005-03-31,SYK,USD,310764,2005-04-29,2005-04-29 12:53:30,2005,Q1,1202500000.0,429100000.0,773400000.0,0.6431600832,60600000,450200000.0,0.0,450200000.0,16400000.0,527200000.0,956300000.0,0.0,0.0,73900000.0,246200000.0,0.2047401247,246200000.0,0.2047401247,-600000.0,245600000.0,0.2042411642,72500000.0,173100000.0,0.143950104,0.41,0.41,402800000,410700000,https://www.sec.gov/Archives/edgar/data/310764/000031076405000012/0000310764-05-000012-index.htm,https://www.sec.gov/Archives/edgar/data/310764/000031076405000012/syk10q105.htm,2.985352532274081,0.4297418073485601,0.0794438927507447,-0.0330188679245283,0.6074975173783516,7.189424031777557,4.737586891757696,7.189424031777557,0.0235849056603773,17968908000.0,17733708000.0,25.95162911611785,14.942958835758835,561.528375,-1351.0457142857142,6.204947684657619,6.204947684657619,14.74736632016632,72.02968318440293,554.178375,-1333.3615037593986,0.009633306598264,-0.0007401674047193,0.0032805000172657,0.0023351850941448,-0.9553208773354996,2.190446127946128,0.0,0.1848642403235124,0.002014590981266,0.2091276718659734,0.3743866943866943,0.0503950103950103,0.242760926208151,1.415625,0.0376715176715176,0.6129905277401895,0.0,8.337620268233216,0.055498907035168,0.0561903525287281,-0.1847070506454816,1131400000.0,1908300000.0,909500000.0,2828800000.0,758650000.0,195400000.0,554800000.0,57.34553014553014,36.977394546725705,116.8468888371009,1.5694335682589402,2.4339194554736245,0.7702387363130497,0.0597741634724955,0.112462760675273,2005-04-19,0.4,bmo,1145238095.0,2025-04-25,2005-03-31,0.0499999999999999,49.03704918032787,2146860.672131148
2004-12-31,SYK,USD,310764,2005-03-02,2005-03-02 16:50:35,2004,Q4,1155500000.0,412100000.0,743400000.0,0.6433578537,56300000,442100000.0,0.0,442100000.0,12200000.0,510600000.0,922700000.0,0.0,6800000.0,66400000.0,299200000.0,0.2589355257,232800000.0,0.2014712246,-500000.0,232300000.0,0.2010385115,69600000.0,162700000.0,0.1408048464,0.4,0.4,402800000,411300000,https://www.sec.gov/Archives/edgar/data/310764/000031076405000008/0000310764-05-000008-index.htm,https://www.sec.gov/Archives/edgar/data/310764/000031076405000008/syk10k04.htm,2.868669314796425,0.403922542204568,0.7562065541211519,0.5926017874875869,0.8674280039721947,6.832174776564052,4.440913604766633,6.832174776564052,0.041708043694141,19435100000.0,19095700000.0,29.86339889366933,16.81964517524881,63.8053184504268,81.4206116464181,7.06217296511628,7.06217296511628,16.525919515361316,63.82252673796791,62.69107025607354,79.99874319229158,0.0083714516519081,0.0122819023313489,0.0036337209302325,0.0024486997404378,-1.1343582887700534,1.9242029636281992,34.23529411764706,1.872157344806392,0.0018652849740932,0.2228149969268592,0.3826049329294678,0.0487234963219385,0.2358587589989715,0.2163493105712409,0.0570315880571181,0.9924698795180724,0.0,7.879883349520649,0.0547221753641507,0.0521374094725373,-0.3545804369414101,1029100000.0,1788800000.0,810800000.0,2692800000.0,722050000.0,182250000.0,548350000.0,58.501947209000434,46.845425867507885,120.66246056782336,1.5384103315137798,1.9212121212121207,0.7458823529411764,0.0591206395348837,0.163604766633565,2005-01-26,0.4,bmo,1155500000.0,2025-04-25,2004-12-31,0.0,44.94609375,1743071.90625
2004-09-30,SYK,USD,310764,2004-10-28,2004-10-28 15:44:33,2004,Q3,1028700000.0,365100000.0,663600000.0,0.6450860309,54600000,402300000.0,0.0,402300000.0,11600000.0,468500000.0,833600000.0,0.0,1400000.0,62500000.0,257600000.0,0.2504131428,74300000.0,0.0722270827,-1900000.0,72400000.0,0.0703800914,58000000.0,14400000.0,0.0139982502,0.04,0.04,401700000,410700000,https://www.sec.gov/Archives/edgar/data/310764/000031076404000032/0000310764-04-000032-index.htm,https://www.sec.gov/Archives/edgar/data/310764/000031076404000032/syk10q304.htm,2.5608663181478715,0.0358476474981329,0.4632810555140652,0.3445357231764999,0.2280308688075678,6.230769230769231,3.904904157331342,6.230769230769231,0.0440627333831217,19313736000.0,19238436000.0,335.30791666666664,18.774896471274424,103.7814938205266,139.55011560693643,7.7165432098765425,7.7165432098765425,18.70169728783902,74.68336956521739,103.37687264911338,139.00604046242773,0.0007455833506267,0.0071658844254679,0.0065124455631467,0.0045533270015084,-0.2923136645962733,1.9444444444444444,53.07142857142857,12.92361111111111,0.0,0.0,0.3910761154855643,0.05307669874599,0.2609922342030281,0.2563138097796883,0.0463692038495188,0.7632,0.0,2.2417770692251358,0.0055001863006126,0.0054432054432054,-0.4815782922579039,855100000.0,1568600000.0,683600000.0,2429000000.0,696250000.0,152750000.0,530600000.0,60.62992125984252,36.976170912078885,134.1495480690222,1.4844155844155844,2.434,0.6708930540242558,0.0057533261416756,0.1187453323375653,2004-10-14,0.33,bmo,1028700000.0,2025-04-25,2004-09-30,0.0,48.26921875,1702382.84375
2004-06-30,SYK,USD,310764,2004-07-30,2004-07-30 10:46:06,2004,Q2,1043000000.0,364700000.0,678300000.0,0.6503355705,50500000,396500000.0,0.0,396500000.0,11200000.0,458200000.0,822900000.0,0.0,1800000.0,61000000.0,220100000.0,0.2110258869,220100000.0,0.2110258869,-1900000.0,218200000.0,0.2092042186,65500000.0,152700000.0,0.1464046021,0.38,0.37,400800000,410800000,https://www.sec.gov/Archives/edgar/data/310764/000031076404000025/0000310764-04-000025-index.htm,https://www.sec.gov/Archives/edgar/data/310764/000031076404000025/syk10q204.htm,2.602295409181637,0.3809880239520958,0.1115269461077844,0.0039920159680638,0.156187624750499,6.144211576846307,3.791167664670658,6.144211576846307,0.0441616766467065,22044000000.0,21997300000.0,36.09037328094303,21.13518696069032,493.15436241610735,13777.5,8.951514659303175,8.951514659303175,21.090412272291463,99.94229895502043,492.1096196868009,13748.3125,0.0069270549809471,7.258210851025222e-05,0.0064565905953057,0.0045826608254553,-0.2121762835074966,1.9861209964412807,122.27777777777776,0.2927308447937131,0.0,0.0,0.3801534036433365,0.048418024928092,0.2718180770117593,0.96420581655481,0.0413231064237775,0.7065573770491803,0.0,7.257382318483778,0.0583755217523277,0.0604393429645755,-0.4023827345309381,831300000.0,1519500000.0,667300000.0,2394900000.0,626200000.0,155550000.0,502100000.0,60.35953978906999,38.37400603235536,127.58431587606252,1.4910650464617583,2.345337620578778,0.7054158607350097,0.0620076342077479,0.1075349301397205,2004-07-15,0.34,bmo,958432432.0,2025-04-25,2004-06-30,0.0882352941176469,50.902580645161294,1404166.1290322582
2004-03-31,SYK,USD,310764,2004-04-30,2004-04-30 15:30:44,2004,Q1,1035100000.0,368200000.0,666900000.0,0.6442855763,49600000,411300000.0,0.0,411300000.0,12800000.0,473700000.0,841900000.0,0.0,1400000.0,61000000.0,193200000.0,0.186648633,193200000.0,0.186648633,900000.0,194100000.0,0.1875181142,58200000.0,135900000.0,0.1312916626,0.34,0.33,399800000,409100000,https://www.sec.gov/Archives/edgar/data/310764/000031076404000012/0000310764-04-000012-index.htm,https://www.sec.gov/Archives/edgar/data/310764/000031076404000012/syk10q104.htm,2.5890445222611307,0.3399199599799899,0.1448224112056028,0.0670335167583792,0.1223111555777888,5.722611305652826,3.337168584292146,5.722611305652826,0.0432716358179089,17699146000.0,17666146000.0,32.55913539367182,17.098972079992272,305.684732297064,660.415895522388,7.73597884522925,7.73597884522925,17.067091102308957,91.43967908902692,305.1147841105354,659.184552238806,0.0076783365705893,0.0015141973516688,0.0069496044407535,0.0049200111396478,-0.170807453416149,1.8270073907052489,138.0,0.4260485651214128,0.0015819972330868,0.2060338484179543,0.397352912762052,0.0479180755482562,0.2951078379800105,0.5371329879101899,0.0300454062409429,0.5098360655737705,0.0,6.615713917255439,0.055349998320899,0.0596575943810359,-0.5918584292146073,660200000.0,1334200000.0,514700000.0,2216900000.0,525750000.0,146700000.0,477550000.0,48.07361607574147,38.0336773492667,119.08745247148288,1.8721287755471152,2.366323907455013,0.7557471264367817,0.0593994492766292,0.0777888944472236,2004-04-15,0.31,bmo,972366666.0,2025-04-25,2004-03-31,0.0645161290322581,44.33887096774194,1115793.5483870967
2003-12-31,SYK,USD,310764,2004-03-12,2004-03-12 10:44:45,2003,Q4,1001300000.0,355900000.0,645400000.0,0.6445620693,48000000,386700000.0,0.0,386700000.0,16300000.0,451000000.0,806900000.0,0.0,22600000.0,68200000.0,262600000.0,0.2622590632,203400000.0,0.2031359233,-46900000.0,192900000.0,0.1926495556,58800000.0,134100000.0,0.1339258963,0.34,0.33,399800000,409100000,https://www.sec.gov/Archives/edgar/data/310764/000123933804000002/0001239338-04-000002-index.htm,https://www.sec.gov/Archives/edgar/data/310764/000123933804000002/syk10k03.htm,2.5045022511255626,0.3354177088544272,0.5070035017508754,0.3914457228614307,0.164832416208104,5.389694847423712,2.9747373686843424,5.389694847423712,0.1218109054527263,16991500000.0,16951700000.0,31.6769202087994,16.96943972835314,83.82585101134683,108.57188498402556,7.8854186003341376,7.8854186003341376,16.929691401178466,64.55331302361006,83.6295017266897,108.31757188498402,0.00789218138481,0.0092104875967395,0.0121124930387971,0.0082618467284986,-0.1515613099771515,1.6432686654908877,9.0,1.511558538404176,5.8852955889709554e-06,0.0007457121551081,0.3861979426745231,0.0479376810146809,0.3056250197841157,0.227923038973853,0.0461400179766303,0.6774193548387096,0.0,6.377733114972427,0.0610559082499324,0.0611323851203501,-0.826663331665833,547100000.0,1189300000.0,393300000.0,2117300000.0,466050000.0,132800000.0,463450000.0,44.81573953859982,34.8468670974993,118.32256251756112,2.008223024468512,2.5827285921625545,0.7606326138063689,0.062233153888992,0.1155577788894447,2004-01-29,0.33,bmo,1001300000.0,2025-04-25,2003-12-31,0.0,40.3359375,1083853.125
2003-09-30,SYK,USD,310764,2003-11-03,2003-11-03 15:15:34,2003,Q3,885400000.0,328800000.0,556600000.0,0.6286424215,44100000,343400000.0,0.0,343400000.0,10000000.0,397500000.0,726300000.0,0.0,5800000.0,55100000.0,214200000.0,0.2419245539,159100000.0,0.1796927942,-6200000.0,152900000.0,0.1726903095,45100000.0,107800000.0,0.1217528801,0.27,0.27,398200000,407200000,https://www.sec.gov/Archives/edgar/data/310764/000031076403000031/0000310764-03-000031-index.htm,https://www.sec.gov/Archives/edgar/data/310764/000031076403000031/syk10q303.htm,2.223505775991964,0.2707182320441988,0.553741838272225,0.4578101456554495,0.1137619286790557,4.904570567553993,2.507533902561527,4.904570567553993,0.4472626820693119,14996211999.999998,15123211999.999998,34.777857142857144,16.93721707702733,68.01003174603174,82.26117388919363,7.678551971326164,7.678551971326164,17.08065507115428,70.60323062558356,68.5859954648526,82.95782775644541,0.0071884819979872,0.0121564032303624,0.0882232462877624,0.0578284947138781,0.5929038281979458,1.700762734949605,27.43103448275862,2.0454545454545454,6.668350647483512e-06,0.0009276437847866,0.3878473006550711,0.0498079963858143,0.3203557643899983,0.1732426303854875,0.0431443415405466,0.6932849364791288,0.0,5.465759338110779,0.0497654050672505,0.0532345679012345,-1.071258161727775,514500000.0,998500000.0,222200000.0,2038300000.0,440100000.0,132750000.0,459700000.0,44.06482945561328,34.981751824817515,125.63868613138686,2.042445213379469,2.572769953051643,0.7163398692810458,0.0551971326164874,0.0959316926167754,2003-10-16,0.26,bmo,852607407.0,2025-04-25,2003-09-30,0.0384615384615384,37.22484375,1479684.375
2003-06-30,SYK,USD,310764,2003-08-11,2003-08-11 12:57:12,2003,Q2,891700000.0,326900000.0,564800000.0,0.6333968824,44900000,348400000.0,0.0,348400000.0,10100000.0,403400000.0,730300000.0,0.0,6400000.0,53700000.0,215100000.0,0.2412246271,161400000.0,0.1810025793,-5600000.0,155800000.0,0.1747224403,48300000.0,107500000.0,0.1205562409,0.27,0.26,397200000,406100000,https://www.sec.gov/Archives/edgar/data/310764/000031076403000026/0000310764-03-000026-index.htm,https://www.sec.gov/Archives/edgar/data/310764/000031076403000026/syk10q203.htm,2.2449647532729102,0.2706445115810674,0.3048841893252769,0.2270896273917421,0.1185800604229607,4.578549848942598,2.178247734138973,4.578549848942598,0.9360523665659616,13778868000.0,14097168000.0,32.04387906976744,15.452358416507794,113.7809083402147,152.7590687361419,7.57663477400198,7.57663477400198,15.809317034877202,65.53774058577406,116.4093146160198,156.28789356984478,0.0078018020057961,0.0065462561946307,0.2009237875288683,0.1215568862275449,1.4797768479776847,1.8058458062694152,25.21875,1.126511627906977,7.257490237949881e-06,0.0009302325581395,0.3907143658181002,0.0503532578221374,0.3171656686626746,0.2551610239471511,0.0346529101715823,0.5754189944134078,0.0,5.280254370896765,0.0483287454380789,0.0523726006041118,-1.4478222557905338,570700000.0,865200000.0,91500000.0,2079300000.0,437150000.0,133350000.0,457800000.0,45.085791185376245,37.91067604772102,126.7543591312328,1.996194313857175,2.374001452432825,0.7100347523892268,0.0591114043769932,0.0777945619335347,2003-07-15,0.26,bmo,858674074.0,2025-04-25,2003-06-30,0.0384615384615384,33.72269841269841,1846288.888888889
2003-03-31,SYK,USD,310764,2003-05-05,2003-05-05 11:22:38,2003,Q1,846900000.0,300800000.0,546100000.0,0.6448222931,43200000,337500000.0,0.0,337500000.0,9000000.0,389700000.0,690500000.0,0.0,7000000.0,52700000.0,209100000.0,0.2469004605,156400000.0,0.1846735152,-5500000.0,150900000.0,0.1781792419,46800000.0,104100000.0,0.1229188806,0.26,0.26,396600000,405600000,https://www.sec.gov/Archives/edgar/data/310764/000031076403000018/0000310764-03-000018-index.htm,https://www.sec.gov/Archives/edgar/data/310764/000031076403000018/syk10q103.htm,2.1354009077155824,0.2624810892586989,0.2627332324760464,0.18910741301059,0.0998487140695915,4.1527987897125564,1.775844679778114,4.1527987897125564,1.1495209278870395,13611312000.0,14020612000.0,32.68806916426513,16.07192348565356,130.62679462571975,181.48416,8.264306010928962,8.264306010928962,16.5552154917936,67.05218555714968,134.55481765834932,186.94149333333337,0.0076480503863257,0.0055101227567188,0.2725561627200971,0.1539807223956368,1.9574366331898616,1.7278882776132036,22.34285714285714,1.0009606147934678,0.0017485456214654,0.228626320845341,0.3985122210414453,0.0510095642933049,0.3233629472095496,0.2802303262955854,0.0344786869760302,0.5540796963946869,0.0,4.952342967768798,0.0487349178338883,0.052772989962486,-1.7155824508320727,516000000.0,704300000.0,-43400000.0,1993100000.0,417150000.0,117500000.0,440850000.0,45.441020191285865,38.59707446808511,136.1968085106383,1.9805893358278768,2.331782945736434,0.6608084358523726,0.0632058287795992,0.0736258194654563,2003-04-16,0.24,bmo,781753846.0,2025-04-25,2003-03-31,0.0833333333333334,32.84213114754098,1609809.836065574
2002-12-31,SYK,USD,310764,2003-03-14,2003-03-14 15:17:19,2002,Q4,829200000.0,309300000.0,519900000.0,0.6269898698,37500000,316000000.0,0.0,316000000.0,8600000.0,362100000.0,671400000.0,0.0,40300000.0,51600000.0,209400000.0,0.2525325615,140600000.0,0.1695610227,-37400000.0,149300000.0,0.1800530632,43200000.0,106100000.0,0.1279546551,0.27,0.26,396600000,405600000,https://www.sec.gov/Archives/edgar/data/310764/000031076403000008/0000310764-03-000008-index.htm,https://www.sec.gov/Archives/edgar/data/310764/000031076403000008/syk10k02.htm,2.090771558245083,0.267523953605648,0.4616742309631871,0.3328290468986384,0.0953101361573373,3.777609682299546,1.41981845688351,3.777609682299546,1.3666162380231972,13309896000.0,13773796000.0,31.361677662582476,16.05149059334298,72.69194975423267,100.83254545454544,8.883924709651582,8.883924709651582,16.61094548962856,65.77744030563515,75.22553795740033,104.3469393939394,0.0079715123243637,0.0099174328634874,0.3348685088773194,0.1781921505949209,2.2153772683858644,1.6272791519434628,3.488833746898263,1.7257304429783222,0.001787842669845,0.2242789820923657,0.3810902074288471,0.0452243125904486,0.3321257325519446,0.2790824685963954,0.0616256632899179,0.9903100775193798,0.0,4.768492868949726,0.0471597430604791,0.0564241650712614,-1.919377206253152,443800000.0,563100000.0,-166000000.0,1898100000.0,393500000.0,107500000.0,430900000.0,44.14254703328509,30.84384093113482,124.1028128031038,2.038849274649619,2.917924528301887,0.7252051582649472,0.0708183153117073,0.1288451840645486,2003-01-27,0.25,bmo,796032000.0,2025-04-25,2002-12-31,0.04,31.88140625,1531637.5
2002-09-30,SYK,USD,310764,2002-11-08,2002-11-08 14:12:25,2002,Q3,745600000.0,279900000.0,465700000.0,0.6245976395,35900000,284300000.0,0.0,284300000.0,8500000.0,328700000.0,608600000.0,0.0,10900000.0,49100000.0,186100000.0,0.2495976395,137000000.0,0.1837446352,-28800000.0,108200000.0,0.1451180258,35700000.0,72500000.0,0.0972371245,0.19,0.18,395400000,406800000,https://www.sec.gov/Archives/edgar/data/310764/000031076402000035/0000310764-02-000035-index.htm,https://www.sec.gov/Archives/edgar/data/310764/000031076402000035/syk10qa.htm,1.8856853818917552,0.1833586241780475,0.3743045017703591,0.2867981790591806,0.097875569044006,3.4871016691957517,1.229135053110774,3.4871016691957517,1.5875063227111783,11387520000.0,11965620000.0,39.26731034482759,15.272961373390558,76.9427027027027,100.41904761904762,8.259007832898172,8.259007832898172,16.04831008583691,64.2967221923697,80.84878378378379,105.5169312169312,0.006366618895071,0.0099582701062215,0.4473455178416013,0.2265065550291946,3.1063944116066637,1.7605721393034826,12.568807339449542,2.041379310344828,0.0,0.0,0.3813036480686695,0.0481491416309012,0.3278616282912857,0.2337837837837837,0.0464055793991416,0.7046843177189409,0.0,3.792924821260749,0.0436798615542985,0.0396109927334316,-2.0301593323217,489200000.0,486000000.0,-211900000.0,1865300000.0,379900000.0,112550000.0,435300000.0,45.90531115879829,35.048231511254016,139.967845659164,1.960557454641073,2.567889908256881,0.6430048242591316,0.0525819553234696,0.0875063227111785,2002-10-16,0.18,bmo,639085714.0,2025-04-25,2002-09-30,0.1666666666666666,26.686875,1520809.375
2002-06-30,SYK,USD,310764,2002-08-12,2002-08-12 15:00:55,2002,Q2,733900000.0,267100000.0,466800000.0,0.6360539583,34400000,287900000.0,0.0,287900000.0,5800000.0,328100000.0,595200000.0,0.0,10000000.0,45200000.0,183900000.0,0.250579098,138700000.0,0.1889903257,-10500000.0,128200000.0,0.1746831993,42300000.0,85900000.0,0.1170459191,0.22,0.21,394800000,407200000,https://www.sec.gov/Archives/edgar/data/310764/000031076402000018/0000310764-02-000018-index.htm,https://www.sec.gov/Archives/edgar/data/310764/000031076402000018/syk10q202.htm,1.8589159067882477,0.2175785207700101,0.2788753799392097,0.1985815602836879,0.1322188449848024,3.343211752786221,1.2497467071935158,3.343211752786221,1.5896656534954408,10213476000.0,10778876000.0,29.72490104772992,13.916713448698731,92.76544959128066,130.27392857142857,7.738068035457231,7.738068035457231,14.687118135985829,58.61270255573681,97.90078110808356,137.48566326530613,0.0084104569296486,0.0076761329835209,0.4679142359269642,0.2375750115402369,3.0744970092441544,1.949929725931132,13.87,1.281722933643772,0.0,0.0,0.3922877776263796,0.0468728709633465,0.3179335282351131,0.287920072661217,0.0431938956261071,0.7013274336283186,0.0,4.045583891766815,0.0452968228394291,0.0484462241272347,-1.8369427558257343,540700000.0,493400000.0,-169800000.0,1842200000.0,359250000.0,116800000.0,421450000.0,46.539038016078486,39.120179707974536,146.67540247098464,1.9338603425559948,2.300602928509905,0.6135998162186997,0.0650806879309038,0.0802938196555217,2002-07-16,0.2,bmo,698952380.0,2025-04-25,2002-06-30,0.0499999999999999,27.4784375,1211028.125
2002-03-31,SYK,USD,310764,2002-05-14,2002-05-14 16:42:11,2002,Q1,702900000.0,254900000.0,448000000.0,0.6373595106,33600000,277200000.0,0.0,277200000.0,6000000.0,316800000.0,571700000.0,0.0,10600000.0,40200000.0,171400000.0,0.2438469199,131200000.0,0.1866552852,-10200000.0,121000000.0,0.172143975,39900000.0,81100000.0,0.1153791435,0.21,0.2,394000000,407600000,https://www.sec.gov/Archives/edgar/data/310764/000031076402000016/0000310764-02-000016-index.htm,https://www.sec.gov/Archives/edgar/data/310764/000031076402000016/syk10q1-02.htm,1.784010152284264,0.2058375634517766,0.1591370558375634,0.1043147208121827,0.1545685279187817,2.8954314720812184,0.8903553299492386,2.8954314720812184,1.8172588832487309,11745140000.0,12389640000.0,36.2057336621455,16.709546165884195,187.32280701754385,285.7698296836983,10.295529453015426,10.295529453015426,17.626461801109688,72.28494749124854,197.6019138755981,301.45109489051094,0.0069049836783554,0.003499319718624,0.6183380084151473,0.2873553853674433,3.7602100350058345,2.0626859750049595,12.37735849056604,0.7731196054254007,0.0016772895001677,0.2429099876695437,0.3943661971830985,0.047801963294921,0.3218184780837543,0.3444976076555024,0.0307298335467349,0.5373134328358209,0.0,3.661931537519885,0.0450309959676463,0.0487145603075444,-2.0178934010152285,535700000.0,350800000.0,-274200000.0,1767600000.0,335550000.0,113000000.0,403700000.0,43.40588988476313,41.48685759121224,143.9152608866222,2.073451327433628,2.169361702127659,0.6253680078508341,0.0710904628330995,0.0548223350253807,2002-04-17,0.2,bmo,702900000.0,2025-04-25,2002-03-31,0.0,29.17633333333333,1365946.6666666667
2001-12-31,SYK,USD,310764,2002-03-15,2002-03-15 00:00:00,2001,Q4,709300000.0,265800000.0,443500000.0,0.6252643451,36100000,261400000.0,0.0,261400000.0,9400000.0,306900000.0,572700000.0,0.0,67900000.0,46000000.0,182600000.0,0.2574369096,137000000.0,0.1931481743,-15300000.0,121700000.0,0.1715776117,39900000.0,77000000.0,0.108557733,0.2,0.19,394000000,407600000,https://www.sec.gov/Archives/edgar/data/310764/000031076402000013/0000310764-02-000013-index.htm,https://www.sec.gov/Archives/edgar/data/310764/000031076402000013/syk10k01.htm,1.800253807106599,0.1954314720812182,0.4652284263959391,0.198984771573604,0.1271573604060913,2.680710659898477,0.6444162436548223,2.680710659898477,2.0063451776649748,11500860000.0,12173360000.0,37.34045454545455,16.214380375017623,62.74337152209493,146.69464285714287,10.888903616739254,10.888903616739254,17.16249823769914,66.66681270536692,66.41222040370977,155.27244897959184,0.0066951514930187,0.0068168815201645,0.6841507290285931,0.2981515101501898,3.682913472070098,1.8618297712785905,2.017673048600884,2.3805194805194807,2.6085005816956297e-05,0.0038961038961038,0.3685323558437896,0.0508952488368814,0.3310364746657864,0.5722858701582105,0.1478922881714366,2.280434782608696,0.0,3.4333136597134413,0.0486726638057335,0.0474927527292913,-2.2038705583756344,459700000.0,253900000.0,-374300000.0,1706000000.0,330050000.0,101750000.0,415900000.0,42.13872832369943,36.738148984198645,135.372460496614,2.135802469135802,2.449769585253456,0.6648324162081041,0.0729028593069494,0.266243654822335,2002-01-28,0.2,bmo,709300000.0,2025-04-25,2001-12-31,0.0,27.6696875,958050.0
2001-09-30,SYK,USD,310764,2001-11-13,2001-11-13 00:00:00,2001,Q3,619000000.0,229000000.0,390000000.0,0.6300484653,35000000,239000000.0,0.0,239000000.0,9000000.0,283000000.0,512000000.0,0.0,16800000.0,43300000.0,150300000.0,0.2428109855,108000000.0,0.1744749596,-18000000.0,90000000.0,0.1453957997,30000000.0,60000000.0,0.0969305331,0.16,0.15,392600000,406000000,https://www.sec.gov/Archives/edgar/data/310764/000031076401500024/0000310764-01-500024-index.htm,https://www.sec.gov/Archives/edgar/data/310764/000031076401500024/syk10q301.htm,1.576668364747835,0.1528273051451859,0.3387671930718288,0.293428425878757,0.163015792154865,2.6286296484971983,0.3234844625573102,2.6286296484971983,2.100866021395823,10368566000.0,11112566000.0,43.20235833333333,16.750510500807753,77.95914285714285,90.00491319444444,10.04706007751938,10.04706007751938,17.952449111470113,73.93590153027279,83.55312781954888,96.46324652777778,0.0057867211338578,0.011110504577007,0.7829457364341085,0.3348528802320762,4.950099800399202,1.7110016420361247,6.428571428571429,2.2093023255813957,2.893360566928927e-05,0.005,0.3861066235864297,0.0565428109854604,0.3750518027351844,0.1338345864661654,0.0287560581583198,0.4110854503464203,0.0,3.0064669749728994,0.0371134020618556,0.039787798408488,-2.177789098318899,433000000.0,127000000.0,-339000000.0,1706000000.0,333550000.0,100800000.0,426200000.0,47.68982229402262,37.33624454148472,169.7816593886463,1.8871951219512195,2.4105263157894736,0.5300925925925926,0.0581395348837209,0.0453387671930718,2001-10-17,0.15,bmo,619300000.0,2025-04-25,2001-09-30,0.0,27.559322033898304,1039681.3559322034
2001-06-30,SYK,USD,310764,2001-08-06,2001-08-06 00:00:00,2001,Q2,639000000.0,237300000.0,401700000.0,0.6286384977,35400000,242000000.0,0.0,242000000.0,9300000.0,286700000.0,524000000.0,0.0,16800000.0,40300000.0,155300000.0,0.2430359937,115000000.0,0.1799687011,-16900000.0,98100000.0,0.1535211268,32400000.0,65700000.0,0.1028169014,0.17,0.16,392400000,406200000,https://www.sec.gov/Archives/edgar/data/310764/000031076401500018/0000310764-01-500018-index.htm,https://www.sec.gov/Archives/edgar/data/310764/000031076401500018/syk10q201.htm,1.628440366972477,0.1674311926605504,0.1972477064220183,0.1399082568807339,0.1085626911314984,2.4046890927624878,0.388124362895005,2.4046890927624878,2.294597349643221,10763532000.0,11604532000.0,40.95712328767123,16.844338028169012,139.06372093023256,196.05704918032788,11.406880033912676,11.406880033912676,18.16045696400626,74.72332260141661,149.92935400516797,211.37581056466303,0.0061039443186493,0.005100556211474,0.9364137346333192,0.3696607120445132,5.4153251770766255,1.6672644277795892,6.845238095238095,1.178082191780822,0.0,0.0,0.378716744913928,0.0553990610328638,0.3310463121783876,0.2906976744186046,0.0352112676056338,0.5583126550868487,0.0,3.009808824913703,0.0402121592564366,0.0410881801125703,-2.3944317023445465,409300000.0,152300000.0,-424000000.0,1565100000.0,335300000.0,107000000.0,414950000.0,47.76056338028169,40.42983565107459,159.44374209860936,1.884399882040696,2.226078799249531,0.5644624167459562,0.0696269605765154,0.0573394495412844,2001-07-17,0.16,bmo,639000000.0,2025-04-25,2001-06-30,0.0,27.92825396825397,1064619.0476190476
2001-03-31,SYK,USD,310764,2001-05-02,2001-05-02 00:00:00,2001,Q1,634200000.0,214100000.0,420100000.0,0.6624093346,35400000,243400000.0,0.0,243400000.0,28100000.0,306900000.0,521000000.0,0.0,19500000.0,42400000.0,155600000.0,0.2453484705,95000000.0,0.1497950173,-27400000.0,95700000.0,0.1508987701,31600000.0,64100000.0,0.101072217,0.17,0.16,392000000,405200000,https://www.sec.gov/Archives/edgar/data/310764/000031076401500012/0000310764-01-500012-index.htm,https://www.sec.gov/Archives/edgar/data/310764/000031076401500012/q1-01.htm,1.6178571428571429,0.1635204081632653,0.1903061224489796,0.147704081632653,0.1558673469387755,2.2630102040816324,0.1854591836734694,2.2630102040816324,2.4989795918367346,10242960000.0,11141960000.0,39.94914196567863,16.150993377483445,137.30509383378015,176.9077720207254,11.546567467027394,11.546567467027394,17.568527278461055,71.6064267352185,149.35603217158177,192.43454231433503,0.0062579566843959,0.0056526629021298,1.0822906098523275,0.3992099792099792,5.777634961439588,1.6922948632421615,4.871794871794871,1.1638065522620904,0.0015327600615447,0.2449297971918876,0.3837906023336487,0.0558183538315988,0.3386278586278586,0.2238605898123324,0.0263323872595395,0.3938679245283019,0.0,2.8854961316217205,0.0328962099860241,0.0402992581415817,-2.5597576530612245,415100000.0,72700000.0,-503200000.0,1594700000.0,337750000.0,100700000.0,400800000.0,47.04351939451277,45.14712751050911,172.13918729565623,1.9131221719457017,1.993482309124767,0.5228327228327229,0.0722579190621125,0.0426020408163265,2001-04-18,0.16,bmo,634200000.0,2025-04-25,2001-03-31,0.0,24.94467741935484,1339645.161290323
2000-12-31,SYK,USD,310764,2001-03-16,2001-03-16 00:00:00,2000,Q4,612400000.0,197200000.0,415200000.0,0.677988243,33400000,232200000.0,0.0,232200000.0,27100000.0,292700000.0,489900000.0,0.0,96600000.0,44000000.0,166500000.0,0.2718811234,104800000.0,0.1711299804,-112400000.0,100800000.0,0.1645983018,34300000.0,66500000.0,0.1085891574,0.17,0.16,392000000,405200000,https://www.sec.gov/Archives/edgar/data/310764/000031076401500006/0000310764-01-500006-index.htm,https://www.sec.gov/Archives/edgar/data/310764/000031076401500006/syk10kuseme.htm,1.5622448979591836,0.1696428571428571,0.3022959183673469,0.2456632653061224,0.1377551020408163,2.180867346938776,0.0397959183673469,2.180867346938776,2.829336734693878,9917600000.0,10876100000.0,37.28421052631579,16.194644023514044,83.69282700421941,102.9865005192108,11.600888992864665,11.600888992864665,17.759797517962117,65.32192192192193,91.78143459915611,112.93977154724818,0.0067052512704686,0.009710010486408,1.1843490466721254,0.4165295376007898,5.756756756756757,1.614836410754778,1.0848861283643891,1.781954887218045,1.0083084617246108e-05,0.0015037593984962,0.3791639451338994,0.0545395166557805,0.3452772749712029,0.1873417721518987,0.0362508164598301,0.5045454545454545,0.0,2.8851850504163115,0.0354667533030106,0.041784480050267,-2.724107142857143,379600000.0,15600000.0,-578900000.0,1597000000.0,342300000.0,91850000.0,402400000.0,50.55519268451992,42.90060851926978,178.9503042596349,1.7802325581395348,2.097872340425532,0.5029329252741648,0.0777868756579717,0.0566326530612244,2001-01-29,0.16,bmo,574125000.0,2025-04-25,2000-12-31,0.0625,24.010317460317463,1790371.4285714286
2000-09-30,SYK,USD,310764,2000-10-31,2000-10-31 00:00:00,2000,Q3,548400000.0,177500000.0,370900000.0,0.6763311451,29400000,214800000.0,0.0,214800000.0,25800000.0,270000000.0,447500000.0,0.0,23700000.0,39800000.0,140700000.0,0.2565645514,83700000.0,0.1526258206,-33700000.0,75800000.0,0.1382202772,25800000.0,50000000.0,0.0911743253,0.13,0.13,390600000,403800000,https://www.sec.gov/Archives/edgar/data/310764/000031076400000034/0000310764-00-000034-index.htm,https://www.sec.gov/Archives/edgar/data/310764/000031076400000034/0000310764-00-000034-0001.htm,1.4039938556067588,0.1280081925243215,0.2657450076804915,0.2096774193548387,0.1630824372759856,2.0276497695852536,-0.1559139784946236,2.0276497695852536,2.914490527393754,8386182000.0,9437182000.0,41.93091,15.292089715536106,80.79173410404624,102.3953846153846,10.588613636363636,10.588613636363636,17.20857403355215,67.07307746979389,90.91697495183044,115.22810744810744,0.0059621887528794,0.0097660651772165,1.407449494949495,0.4391348881184998,7.469793887704335,1.6569093610698369,3.5316455696202533,2.076,0.0,0.0,0.3916849015317287,0.0536105032822757,0.3359990545225338,0.2109826589595375,0.0399343544857768,0.550251256281407,0.0,2.4166102492399806,0.0277763655452006,0.0296647878967665,-3.125704045058884,442100000.0,-60900000.0,-631300000.0,1664400000.0,350450000.0,104600000.0,420150000.0,55.89715536105033,45.48169014084507,209.256338028169,1.610099823840282,1.9788182831661087,0.4300944996365398,0.0631313131313131,0.0560675883256528,2000-10-17,0.13,bmo,548400000.0,2025-04-25,2000-09-30,0.0,22.261111111111116,799844.4444444445
2000-06-30,SYK,USD,310764,2000-08-10,2000-08-10 00:00:00,2000,Q2,566500000.0,183400000.0,383100000.0,0.6762577229,30800000,220000000.0,0.0,220000000.0,29100000.0,279900000.0,463300000.0,0.0,26000000.0,44400000.0,147600000.0,0.2605472198,83600000.0,0.1475728155,-32900000.0,79800000.0,0.1408649603,27100000.0,52700000.0,0.093027361,0.14,0.13,389800000,401000000,https://www.sec.gov/Archives/edgar/data/310764/000031076400000029/0000310764-00-000029-index.htm,https://www.sec.gov/Archives/edgar/data/310764/000031076400000029/0000310764-00-000029-0001.htm,1.4533093894304772,0.1351975371985633,0.2083119548486403,0.1539250897896357,0.1351975371985633,1.9232939969214984,-0.3437660338635197,1.9232939969214984,3.11852231913802,8528824000.0,9665724000.0,40.459316888045535,15.05529390997352,105.03477832512316,142.14706666666666,11.376315859677204,11.376315859677204,17.062178287731687,65.48593495934959,119.03600985221676,161.0954,0.0061790464898794,0.0070349675406597,1.5867680405495532,0.4606032446664344,7.702574525745257,1.6651969429747209,3.2153846153846155,1.540796963946869,0.0,0.0,0.3883495145631068,0.0543689320388349,0.3421613040616409,0.2610837438423645,0.0374227714033539,0.4774774774774775,0.0,2.4187917982089275,0.027336860670194,0.0310182460270747,-3.3254874294510004,452600000.0,-134000000.0,-700000000.0,1709900000.0,364150000.0,109300000.0,412000000.0,57.24095322153575,58.6423118865867,209.83642311886587,1.572300860394116,1.5347280334728033,0.4289055191768007,0.0702947845804988,0.0543868650590046,2000-07-20,0.13,bmo,566500000.0,2025-04-25,2000-06-30,0.0,18.58111111111111,1058822.2222222222
2000-03-31,SYK,USD,310764,2000-05-12,2000-05-12 00:00:00,2000,Q1,562100000.0,182400000.0,379700000.0,0.6755025796,28600000,218600000.0,0.0,218600000.0,27400000.0,274600000.0,457000000.0,0.0,26200000.0,40400000.0,145500000.0,0.2588507383,85900000.0,0.152819783,-34800000.0,78500000.0,0.1396548657,26700000.0,51800000.0,0.0921544209,0.14,0.13,389000000,399200000,https://www.sec.gov/Archives/edgar/data/310764/000031076400000027/0000310764-00-000027-index.html,https://www.sec.gov/Archives/edgar/data/310764/000031076400000027/0000310764-00-000027-d1.html,1.444987146529563,0.1331619537275064,0.0727506426735218,0.0331619537275064,0.1663239074550128,1.8051413881748075,-0.4796915167095115,1.8051413881748075,3.310539845758355,6784160000.000001,7981060000.000001,32.74208494208495,12.069311510407402,239.72296819787988,525.9038759689923,9.661293078894902,9.661293078894902,14.198647927415053,54.852646048109975,282.01625441696115,618.6868217054264,0.0076354331265772,0.0019014881724487,1.796639134149815,0.4923893528998517,8.226116838487972,1.721556420233463,3.278625954198473,0.5463320463320464,0.0018572675172755,0.2432432432432432,0.3888987724604163,0.0508806262230919,0.3468893919288112,0.5441696113074205,0.0273972602739726,0.3811881188118812,0.0,2.3256103424873564,0.0277694774274156,0.0309549420341819,-3.3961439588688944,463600000.0,-186600000.0,-753900000.0,1726600000.0,372850000.0,104750000.0,391250000.0,58.92190001779043,48.89802631578947,195.5921052631579,1.527445652173913,1.840565085771948,0.4601412714429869,0.0737681572201651,0.0395886889460154,2000-04-18,0.13,bmo,562100000.0,2025-04-25,2000-03-31,0.0,16.516349206349204,1811663.492063492
1999-12-31,SYK,USD,310764,2000-03-15,2000-03-15 00:00:00,1999,Q4,559100000.0,186000000.0,373100000.0,0.6673224826,26800000,213400000.0,0.0,213400000.0,26500000.0,266700000.0,452700000.0,0.0,122600000.0,44400000.0,150800000.0,0.2697191916,63200000.0,0.1130388124,4100000.0,67300000.0,0.1203720265,23500000.0,43800000.0,0.0783401896,0.11,0.11,389000000,399200000,https://www.sec.gov/Archives/edgar/data/310764/000031076400000019/0000310764-00-000019-index.html,https://www.sec.gov/Archives/edgar/data/310764/000031076400000019/0000310764-00-000019-d1.html,1.4372750642673522,0.1125964010282776,0.4640102827763496,0.3817480719794344,0.2146529562982005,1.7262210796915167,-0.5845758354755785,1.7262210796915167,3.6246786632390746,6772490000.0,7979890000.0,38.65576484018265,12.113199785369344,37.52072022160665,45.60599326599326,10.085614296351451,10.085614296351451,14.272741906635664,52.91704244031831,44.20991689750692,53.736632996633,0.0064673406679079,0.0219269426754413,1.9172002978406557,0.4988955628754117,8.006631299734748,1.6583034647550776,0.5154975530179445,4.121004566210046,0.0018667432510051,0.2886415525114155,0.3816848506528349,0.0479341799320336,0.3483433443131176,0.1772853185595568,0.0572348417098909,0.7207207207207207,0.0,2.09122961948928,0.0203904666524648,0.0260466222645099,-3.4683161953727506,440800000.0,-227400000.0,-798600000.0,1731200000.0,412600000.0,114100000.0,408500000.0,60.79949919513504,53.41935483870967,186.82258064516128,1.4802753508075193,1.684782608695652,0.4817404817404817,0.0652271034996277,0.0822622107969151,2000-01-27,0.13,bmo,559100000.0,2025-04-25,1999-12-31,0.0,15.32484375,1031000.0
1999-09-30,SYK,USD,310764,2000-02-22,2000-02-22 00:00:00,1999,Q3,498900000.0,170100000.0,328800000.0,0.6590499098,26900000,191100000.0,0.0,191100000.0,24000000.0,242000000.0,412100000.0,0.0,29400000.0,38800000.0,125600000.0,0.2517538585,-43400000.0,-0.086991381,-37700000.0,200000.0,0.0004008819,100000.0,100000.0,0.000200441,0.0003,0.0003,387600000,397600000,https://www.sec.gov/Archives/edgar/data/310764/000031076400000008/0000310764-00-000008-index.html,https://www.sec.gov/Archives/edgar/data/310764/000031076400000008/0000310764-00-000008-d1.html,1.2871517027863777,0.0002579979360165,0.2156862745098039,0.1777605779153766,0.2644478844169247,1.6140350877192982,-0.6811145510835913,1.6140350877192982,3.749742002063984,4953528000.0,6286428000.0,12383.82,9.928899579073963,59.25272727272727,71.8944557329463,7.91804347826087,7.91804347826087,12.600577269993988,50.05117834394905,75.1965071770335,91.2398838896952,2.018763192617464e-05,0.0139092783971343,2.2762148337595907,0.5269780179113315,10.612261146496817,1.7696071163825056,-1.4761904761904765,836.0,0.0,0.0,0.3830426939266386,0.0539186209661254,0.329213233661461,0.1758373205741626,0.0294648226097414,0.3788659793814433,0.0,0.0967956544945107,-0.0103131980419181,5.516936996579499e-05,-3.671375128998968,519100000.0,-264000000.0,-883000000.0,1805900000.0,451650000.0,108250000.0,452200000.0,80.72760072158749,62.32804232804233,227.989417989418,1.1148603351955306,1.4439728353140917,0.3947551636110466,0.0001598465473145,0.0379256965944272,1999-10-19,0.09,bmo,449009999.0,2025-04-25,1999-09-30,0.1111111111111112,14.82546875,990231.25
1999-06-30,SYK,USD,310764,1999-07-28,1999-07-28 00:00:00,1999,Q2,523300000.0,181800000.0,341500000.0,0.6525893369,26300000,201600000.0,0.0,201600000.0,24400000.0,252300000.0,434100000.0,0.0,32000000.0,38600000.0,127800000.0,0.244219377,-57500000.0,-0.1098796102,-38500000.0,-6200000.0,-0.0118478884,-2500000.0,-3700000.0,-0.007070514,-0.0095,-0.0093,387600000,397200000,https://www.sec.gov/Archives/edgar/data/310764/000095013799002659/0000950137-99-002659-index.html,https://www.sec.gov/Archives/edgar/data/310764/000095013799002659/,1.3501031991744066,-0.0095459236326109,0.1001031991744066,0.0477296181630546,0.2053663570691434,1.503611971104231,-0.7213622291021672,1.503611971104231,3.824819401444788,5825628000.0,7207928000.0,-393.6235135135135,11.132482323714886,150.14505154639176,314.8988108108108,9.995929993136585,9.995929993136585,13.7739881521116,56.40006259780908,185.7713402061856,389.6177297297297,-0.0006351246595216,0.0031756232976084,2.488846945778998,0.5461836803855857,10.816118935837244,1.9361977063479243,-1.796875,-10.486486486486486,0.0,0.0,0.3852474679915918,0.0502579782151729,0.3247354746394547,0.5231958762886598,0.0387922797630422,0.5259067357512953,0.0,,-0.0164436055822466,-0.0020632353761222,-3.6498968008255934,579600000.0,-279600000.0,-874200000.0,1828800000.0,445700000.0,113700000.0,504100000.0,78.39098031721767,48.86138613861386,234.40594059405944,1.148091268100044,1.8419452887538,0.3839493136219641,-0.0063486616334934,0.0523735810113519,1999-07-21,0.09,bmo,470969999.0,2025-04-25,1999-06-30,0.1111111111111112,14.672539682539682,907104.761904762
1999-03-31,SYK,USD,310764,2000-02-22,2000-02-22 00:00:00,1999,Q1,522400000.0,185800000.0,336600000.0,0.6443338438,25200000,202300000.0,0.0,202300000.0,26800000.0,254300000.0,440100000.0,0.0,0.0,41000000.0,123300000.0,0.2360260337,-80700000.0,-0.1544793262,-59800000.0,-31500000.0,-0.0602986217,-10700000.0,-20800000.0,-0.0398162328,-0.0537,-0.0526,387200000,395200000,https://www.sec.gov/Archives/edgar/data/310764/000031076400000007/0000310764-00-000007-index.html,https://www.sec.gov/Archives/edgar/data/310764/000031076400000007/0000310764-00-000007-d1.html,1.3491735537190082,-0.0537190082644628,-0.0488119834710743,-0.0725723140495867,0.2944214876033058,1.5519111570247934,-0.7838326446280992,1.5519111570247934,3.9039256198347103,4882592000.0,6291592000.0,-58.685,9.34646248085758,-258.33820105820104,-173.75772241992885,8.125465135629888,8.125465135629888,12.043629402756508,51.02669910786699,-332.8884656084656,-223.9000711743772,-0.004260032376246,-0.0057551398929093,2.5155599933433184,0.544858162419349,11.427412814274128,1.987367123709752,0.0,0.908653846153846,0.0023757872867526,-0.5576923076923077,0.3872511485451761,0.0482388973966309,0.3259921421619868,-0.4867724867724867,0.0176110260336906,0.224390243902439,0.0,,-0.0246930579460699,-0.0111235894967645,-3.784478305785124,640900000.0,-303500000.0,-883400000.0,1936600000.0,430600000.0,145550000.0,544350000.0,75.04594180704441,62.34122712594187,259.0043057050592,1.199265381083563,1.4436674436674437,0.3474845707873574,-0.0346147445498419,0.0237603305785123,1999-04-20,0.08,bmo,464355555.0,2025-04-25,1999-03-31,0.1249999999999999,12.432950819672133,1299960.6557377048
1998-12-31,SYK,USD,310764,1999-03-31,1999-03-31 00:00:00,1998,Q4,321400000.0,133900000.0,187500000.0,0.5833851898,19700000,117700000.0,0.0,117700000.0,13500000.0,150900000.0,284800000.0,0.0,0.0,13500000.0,50100000.0,0.1558805227,36600000.0,0.113876789,-139700000.0,-103100000.0,-0.3207840697,-36700000.0,-66400000.0,-0.2065961419,-0.17,-0.17,387200000,395200000,https://www.sec.gov/Archives/edgar/data/310764/000031076499000008/0000310764-99-000008-index.html,https://www.sec.gov/Archives/edgar/data/310764/,0.8300619834710744,-0.1714876033057851,0.2022210743801653,-4.144111570247934,0.3674018595041322,1.7272727272727273,-0.5916838842975206,1.6841425619834711,3.8817148760330578,5331744000.0,6709744000.0,-20.074337349397588,16.58912258867455,68.09379310344828,-3.3227869874111926,8.176267443643612,8.176267443643612,20.87661481020535,133.9270259481038,85.69277139208174,-4.181567992022934,-0.0124537112059393,-0.3009521837507577,2.3048612176046617,0.5208080668075817,27.50499001996008,1.8753395282344527,0.0,-1.1792168674698795,0.0005446623093681,-0.0437349397590361,0.3662103298070939,0.0612943372744243,0.311133441907204,21.49297573435505,5.236154324828874,124.65925925925926,0.0,,0.0107075851651409,-0.0334004024144869,-3.818806818181818,612300000.0,-229100000.0,-905300000.0,1939700000.0,308400000.0,107050000.0,360000000.0,119.17859365276914,109.1560866318148,372.3674383868559,0.7551691729323309,0.8245073891625616,0.241696750902527,-0.1018248734856617,4.346332644628099,1999-01-28,0.11,bmo,321400000.0,2025-04-25,1998-12-31,0.0,10.40203125,719543.75
1998-09-30,SYK,USD,310764,1998-11-02,1998-11-02 00:00:00,1998,Q3,261000000.0,103500000.0,157500000.0,0.6034482759,13000000,87100000.0,0.0,87100000.0,8300000.0,108400000.0,211900000.0,0.0,0.0,8300000.0,57400000.0,0.2199233716,49100000.0,0.1881226054,4400000.0,53500000.0,0.2049808429,18700000.0,34800000.0,0.1333333333,0.09,0.09,386666667,386666667,https://www.sec.gov/Archives/edgar/data/310764/000031076498000014/0000310764-98-000014-index.html,https://www.sec.gov/Archives/edgar/data/310764/,0.6749999994181034,0.0899999999224138,0.1259482757534928,0.0788793102768281,0.5769827581232907,1.952586205213288,1.952586205213288,1.8770689638990783,0.1944827584530321,3336933336.2100005,3189033336.2100005,23.972222242887938,12.785185196206898,68.52019170862422,109.407650367541,4.597593464053459,4.597593464053459,12.218518529540232,55.55807205940768,65.48323072299796,104.55847003967214,0.0104287369550885,0.0091401286531666,0.1036098098649765,0.0701688905477279,-2.576655052264808,2.880056278578966,0.0,1.403458213256484,0.0,0.0,0.3337164750957854,0.0498084291187739,0.0,0.3737166324435318,0.0697318007662835,2.1927710843373496,0.0,1.9496319264463369,0.0371933666300613,0.0324717738172996,0.3434482755659929,534500000.0,755000000.0,502100000.0,717500000.0,192350000.0,54000000.0,161950000.0,65.93103448275862,44.95652173913044,144.34782608695653,1.3650627615062765,2.001934235976789,0.6234939759036144,0.0479470928630476,0.0470689654766646,1998-10-12,0.09,bmo,261000000.0,2025-04-25,1998-09-30,0.0,9.62921875,958637.5
1998-06-30,SYK,USD,310764,1998-08-14,1998-08-14 00:00:00,1998,Q2,267300000.0,103600000.0,163700000.0,0.6124205013,15400000,89400000.0,0.0,89400000.0,7900000.0,112700000.0,216300000.0,0.0,0.0,7900000.0,58900000.0,0.2203516648,51000000.0,0.1907968575,3300000.0,54300000.0,0.2031425365,19000000.0,35300000.0,0.1320613543,0.095,0.09,371578947,392222222,https://www.sec.gov/Archives/edgar/data/310764/000031076498000012/0000310764-98-000012-index.html,https://www.sec.gov/Archives/edgar/data/310764/,0.7193626069455437,0.0950000000941926,0.0409065156212954,-0.0581303116723671,0.1490934845670898,1.9172237979349245,1.9172237979349245,1.825453259600308,0.2002266290937091,3563442101.73,3582442101.73,25.23684208024079,13.331246171829406,234.43698037697365,-164.97417137638888,5.25348975634675,5.25348975634675,13.4023273540217,60.82244654889644,235.68698037697368,-165.85380100601853,0.0099061522517406,-0.0060615549189121,0.1096859796550199,0.0732644017725258,0.3225806451612903,2.8611625323954093,0.0,0.4305949008498583,0.0,0.0,0.3344556677890011,0.0576131687242798,0.0,2.421052631578948,0.1376730265619154,4.658227848101266,0.0,1.9753243648232568,0.0406606526031355,0.0347612013786312,-0.0635800283916515,502700000.0,712400000.0,469700000.0,673500000.0,189050000.0,57450000.0,155000000.0,65.15151515151516,48.909266409266415,137.17181467181467,1.3813953488372093,1.8401420959147423,0.656111462951235,0.0520418693793306,0.0990368272936625,1998-07-13,0.09,bmo,267300000.0,2025-04-25,1998-06-30,0.0,10.53031746031746,575073.0158730159
1998-03-31,SYK,USD,310764,1998-05-07,1998-05-07 00:00:00,1998,Q1,253600000.0,93500000.0,160100000.0,0.6313091483,13000000,86900000.0,0.0,86900000.0,7900000.0,107800000.0,201300000.0,0.0,0.0,7900000.0,64400000.0,0.2539432177,52300000.0,0.2062302839,3100000.0,55400000.0,0.2184542587,19400000.0,36000000.0,0.141955836,0.095,0.095,378947368,378947368,https://www.sec.gov/Archives/edgar/data/310764/000031076498000010/0000310764-98-000010-index.html,https://www.sec.gov/Archives/edgar/data/310764/,0.6692222229658025,0.0950000001055555,0.0324583333693981,0.0113472222348302,0.1865694446517438,1.7994583353327316,1.7994583353327316,1.7081527796757252,0.200555555778395,4441263152.96,4446563152.96,30.84210522888889,17.512867322397476,361.0783051186992,1032.8518960372094,6.861212966105361,6.861212966105361,17.533766376025238,69.04601169192547,361.5091994276423,1034.0844541767442,0.008105802056788,0.0009681930234496,0.1174107832535146,0.0762057555399578,0.0822981366459627,2.721004243281471,0.0,0.3416666666666667,0.0023867083833875,0.2944444444444444,0.3426656151419558,0.0512618296529968,0.0,0.6504065040650406,0.0315457413249211,1.0126582278481011,0.0,1.9108052152466315,0.0432001519852383,0.0360974631505063,-0.0796944445329938,486700000.0,681900000.0,454100000.0,651100000.0,180400000.0,56800000.0,144150000.0,65.51261829652996,56.406417112299465,146.4064171122995,1.3737811484290356,1.5955631399317407,0.6147271531886916,0.0556156341727174,0.0211111111345679,1998-04-13,0.09,bmo,253600000.0,2025-04-25,1998-03-31,0.0,10.214098360655738,618596.7213114754
1997-12-31,SYK,USD,310764,1998-03-26,1998-03-26 00:00:00,1997,Q4,254400000.0,93700000.0,160700000.0,0.6316823899,14600000,86800000.0,0.0,86800000.0,8100000.0,109500000.0,203200000.0,0.0,0.0,8100000.0,59300000.0,0.2330974843,51200000.0,0.2012578616,3700000.0,54900000.0,0.2158018868,18000000.0,36900000.0,0.1450471698,0.097,0.097,378947368,378947368,https://www.sec.gov/Archives/edgar/data/310764/000031076498000008/0000310764-98-000008-index.html,https://www.sec.gov/Archives/edgar/data/310764/,0.6713333340792592,0.0973750001081944,0.1084583334538425,0.1588611112876234,0.4063888893404321,1.7113194463459105,1.589666668432963,1.6171111129079012,0.205833333562037,3527999996.0800004,3451999996.0800004,23.90243899783198,13.867924512893085,85.83941596301703,58.60465109767443,5.757180150261097,5.757180150261097,13.569182374528303,58.212478854637446,83.99026754452555,57.342192625913626,0.0104591836850907,0.0170634920824514,0.1272845953002611,0.0791797787026697,-1.281618887015177,2.497029702970297,0.0,1.113821138211382,0.002953813104189,0.2824133501355013,0.3411949685534591,0.0573899371069182,0.0467972794640138,0.4647201946472019,0.0750786163522012,2.3580246913580245,0.0,1.882283024115478,0.0455380637211834,0.0392971246006389,0.0465763889406404,453600000.0,602400000.0,420000000.0,663600000.0,174950000.0,53100000.0,134100000.0,62.33490566037736,52.828175026680896,130.82177161152617,1.4438138479001137,1.7036363636363636,0.6879588839941263,0.0602154046997389,0.0504027778337808,1998-01-14,0.09,bmo,226133333.0,2025-04-25,1997-12-31,0.1111111111111112,9.646875,394706.25
1997-09-30,SYK,USD,310764,1997-11-13,1997-11-13 00:00:00,1997,Q3,238100000.0,90000000.0,148100000.0,0.6220075598,14300000,82600000.0,0.0,82600000.0,7800000.0,104700000.0,194700000.0,0.0,0.0,7800000.0,51200000.0,0.2150356993,43400000.0,0.1822763545,2400000.0,45800000.0,0.1923561529,16800000.0,29000000.0,0.121797564,0.075,0.075,386666667,386666667,https://www.sec.gov/Archives/edgar/data/310764/000031076497000015/0000310764-97-000015-index.html,https://www.sec.gov/Archives/edgar/data/310764/,0.6157758615381242,0.0749999999353448,0.1212931033437128,0.0212068965334423,0.3974999996573276,1.6562068951239597,1.6562068951239597,1.5243103435135257,0.2190517239490933,4222400003.64,4153400003.64,36.400000031379314,17.733725340781184,90.02985082388061,514.9268297121951,7.16389549311164,7.16389549311164,17.443931136665267,81.12109382109375,88.55863547206823,506.5121955658536,0.006868131862211,0.0019420234920734,0.1437054631828978,0.0878813031749325,-1.34765625,3.437381404174573,0.0,1.6172413793103448,0.0,0.0,0.3469130617387652,0.0600587988240235,0.0,0.8251599147121536,0.1625367492650147,4.961538461538462,0.0,1.603830945723893,0.0363689112559266,0.0300892301307325,0.0687284482166134,513800000.0,640400000.0,401200000.0,681500000.0,178000000.0,51400000.0,130050000.0,65.65728685426292,51.2,132.0,1.3707541738629825,1.7578125,0.6818181818181818,0.0492025788937902,0.1000862068102705,1997-10-13,0.08,bmo,238100000.0,2025-04-25,1997-09-30,0.0,10.07453125,533318.75
1997-06-30,SYK,USD,310764,1997-08-13,1997-08-13 00:00:00,1997,Q2,248000000.0,92800000.0,155200000.0,0.6258064516,14400000,88100000.0,0.0,88100000.0,7700000.0,110200000.0,203000000.0,0.0,0.0,7700000.0,52700000.0,0.2125,45000000.0,0.1814516129,1700000.0,46700000.0,0.1883064516,17300000.0,29400000.0,0.1185483871,0.08,0.075,367500000,392000000,https://www.sec.gov/Archives/edgar/data/310764/000031076497000013/0000310764-97-000013-index.html,https://www.sec.gov/Archives/edgar/data/310764/,0.6748299319727891,0.08,0.0729251700680272,0.0497959183673469,0.4889795918367347,1.6742857142857144,1.6742857142857144,1.5254421768707482,0.2530612244897959,3204600000.0,3117900000.0,27.25,12.921774193548387,119.57462686567166,175.11475409836066,5.716375312165537,5.716375312165537,12.57217741935484,59.16318785578748,116.33955223880596,170.37704918032787,0.0091743119266055,0.0057105410971728,0.1658936853371387,0.0990626331487004,-1.6451612903225807,3.453740157480315,0.0,0.91156462585034,0.0,0.0,0.3552419354838709,0.0580645161290322,0.0,0.3171641791044776,0.034274193548387,1.103896103896104,0.0,1.6570443320464745,0.0383768144865367,0.0313165743502343,0.1550340136054421,498600000.0,615300000.0,378300000.0,664500000.0,178800000.0,50150000.0,127250000.0,66.15725806451613,50.043103448275865,124.23491379310344,1.36039495337356,1.7984496124031009,0.7244340359094458,0.0524438102033535,0.0231292517006802,1997-07-14,0.08,bmo,248000000.0,2025-04-25,1997-06-30,0.0,8.11375,1469625.0
1997-03-31,SYK,USD,310764,1997-05-07,1997-05-07 00:00:00,1997,Q1,239500000.0,88000000.0,151500000.0,0.6325678497,13700000,84000000.0,0.0,84000000.0,9700000.0,107400000.0,195400000.0,0.0,0.0,9700000.0,53800000.0,0.2246346555,44100000.0,0.1841336117,3700000.0,47800000.0,0.1995824635,17800000.0,30000000.0,0.1252609603,0.08,0.075,375000000,400000000,https://www.sec.gov/Archives/edgar/data/310764/000031076497000009/0000310764-97-000009-index.html,https://www.sec.gov/Archives/edgar/data/310764/,0.6386666666666667,0.08,-0.0610666666666666,-0.08,0.3829333333333333,1.6338666666666666,1.6338666666666666,1.4258666666666666,0.2309333333333333,2332500000.0,2275500000.0,19.4375,9.739039665970772,-101.85589519650657,-77.75,4.362259210772396,4.362259210772396,9.501043841336116,42.295539033457246,-99.36681222707423,-75.85,0.0128617363344051,-0.0128617363344051,0.1619599775575088,0.0929383987980253,-1.0594795539033457,3.4767383691845923,0.0,-0.7633333333333333,0.0041586280814576,0.3233333333333333,0.3507306889352818,0.0572025052192066,0.0,-0.3100436681222707,0.0296450939457202,0.7319587628865979,0.0,1.6020486883987015,0.0377133455072658,0.0321957501609787,0.0511333333333333,495100000.0,612700000.0,375900000.0,662800000.0,170700000.0,55550000.0,126900000.0,65.87473903966597,49.80681818181818,129.27272727272728,1.366229321163719,1.8069815195071868,0.6962025316455697,0.0561062277912848,0.0189333333333333,1997-04-14,0.08,bmo,239500000.0,2025-04-25,1997-03-31,0.0,7.16655737704918,1838675.4098360653
1996-12-31,SYK,USD,310764,1997-03-25,1997-03-25 00:00:00,1996,Q4,243500000.0,103200000.0,140300000.0,0.5761806982,16500000,91600000.0,0.0,91600000.0,13100000.0,121200000.0,224400000.0,0.0,0.0,13100000.0,32200000.0,0.132238193,19100000.0,0.0784394251,27100000.0,46200000.0,0.1897330595,15400000.0,30800000.0,0.1264887064,0.082,0.077,375000000,400000000,https://www.sec.gov/Archives/edgar/data/310764/000031076497000005/0000310764-97-000005-index.html,https://www.sec.gov/Archives/edgar/data/310764/,0.6493333333333333,0.0821333333333333,0.3354666666666667,0.3184,0.4685333333333333,1.6434666666666666,1.5224,1.4144,0.2504,2801250000.0,2719450000.0,22.73741883116883,11.5041067761807,22.267488076311604,23.46105527638191,5.281391402714932,5.281391402714932,11.168172484599587,84.45496894409938,21.61724960254372,22.775963149078727,0.0109950914770191,0.042623828647925,0.1770361990950226,0.0945143432310015,-2.540372670807453,2.993643226062773,0.0,4.084415584415584,0.0008366800535475,0.0760957792207792,0.3761806981519507,0.0677618069815195,0.045697030699547,0.0508744038155802,0.0262833675564681,0.4885496183206106,0.0,1.6167285486438348,0.0170642365764316,0.0324860246809408,-0.0352666666666666,501800000.0,570900000.0,376300000.0,719500000.0,167450000.0,53850000.0,139750000.0,61.39219712525667,54.41860465116279,111.10465116279067,1.4659843467790488,1.6538461538461535,0.8100470957613815,0.0580693815987933,0.0170666666666666,1997-01-13,0.08,bmo,243500000.0,2025-04-25,1996-12-31,0.0,7.29546875,1788787.5
1996-09-30,SYK,USD,310764,1996-10-28,1996-10-28 00:00:00,1996,Q3,223600000.0,86900000.0,136700000.0,0.6113595707,14300000,78200000.0,0.0,78200000.0,7500000.0,100000000.0,186900000.0,0.0,0.0,7500000.0,44200000.0,0.1976744186,36700000.0,0.1641323792,2300000.0,39000000.0,0.1744186047,14800000.0,24200000.0,0.1082289803,0.065,0.065,372307692,372307692,https://www.sec.gov/Archives/edgar/data/310764/000031076496000017/0000310764-96-000017-index.html,https://www.sec.gov/Archives/edgar/data/310764/,0.6005785128930401,0.065000000053719,0.1012603306621986,0.0991115703298442,0.3070041324851273,1.634938017880114,1.634938017880114,1.370371901958985,0.2629545456718632,2803476920.76,2787076920.76,28.96153843760331,12.537911094633277,74.36278304403183,75.97498430243903,5.494858723559388,5.494858723559388,12.464565835241505,63.05603893122172,73.92776978143236,75.53053985799458,0.0086321381213438,0.0131622271354374,0.1918855350842806,0.1075233388248215,-0.3710407239819004,3.4781181619256016,0.0,1.5578512396694215,0.0,0.0,0.349731663685152,0.063953488372093,0.0,0.0212201591511936,0.0035778175313059,0.1066666666666666,0.0,1.4156867267412494,0.0312384369174492,0.0265788028555738,0.0406921487939604,453000000.0,608700000.0,334000000.0,641500000.0,169250000.0,45600000.0,146250000.0,67.94275491949911,46.91599539700806,157.5258918296893,1.3246445497630333,1.9183222958057395,0.5713346482577252,0.0474323794590356,0.0021487603323543,1996-10-14,0.06,amc,,2025-04-25,1996-09-30,0.0,6.07671875,1747381.25
1996-06-30,SYK,USD,310764,1996-08-07,1996-08-07 00:00:00,1996,Q2,225400000.0,85300000.0,140100000.0,0.6215616681,13800000,80600000.0,0.0,80600000.0,7100000.0,101500000.0,186800000.0,0.0,0.0,7100000.0,45700000.0,0.2027506655,38600000.0,0.1712511091,1500000.0,40100000.0,0.177905945,15600000.0,24500000.0,0.1086956522,0.065,0.065,376923077,376923077,https://www.sec.gov/Archives/edgar/data/310764/000031076496000010/0000310764-96-000010-index.html,https://www.sec.gov/Archives/edgar/data/310764/,0.5979999998779592,0.0649999999867347,0.046693877541491,0.0246734693827197,0.2204693877101083,1.553102040499367,1.553102040499367,1.2880612242269265,0.2462040815824073,2227615385.07,2237315385.07,22.730769235408165,9.882943145829636,126.56905596988636,239.52853602903227,4.5882912153862,4.5882912153862,9.925977750976044,48.95657297746171,127.12019233352274,240.57154678172049,0.0109983079503781,0.0041748679158578,0.1911431513903192,0.1071098799630655,0.212253829321663,3.788347205707491,0.0,0.7183673469387755,0.0,0.0,0.3575865128660159,0.0612244897959183,0.0,0.4715909090909091,0.0368234250221827,1.1690140845070425,0.0,1.372512127468254,0.0337100359450145,0.0282779316712834,-0.001127551020178,469000000.0,585400000.0,356200000.0,650300000.0,167250000.0,48150000.0,139650000.0,67.75953859804791,48.429073856975386,148.13599062133648,1.3282262816735415,1.85838779956427,0.6075498575498576,0.0504634397528321,0.0220204081587713,1996-07-15,0.06,amc,,2025-04-25,1996-06-30,0.0,6.053015873015872,2743200.0
1996-03-31,SYK,USD,310764,1996-05-15,1996-05-15 00:00:00,1996,Q1,217600000.0,82300000.0,135300000.0,0.6217830882,12300000,76200000.0,0.0,76200000.0,7000000.0,95500000.0,177800000.0,0.0,0.0,7000000.0,46800000.0,0.2150735294,39800000.0,0.1829044118,1100000.0,40900000.0,0.1879595588,15900000.0,25000000.0,0.1148897059,0.065,0.065,384615385,384615385,https://www.sec.gov/Archives/edgar/data/310764/000031076496000006/0000310764-96-000006-index.html,https://www.sec.gov/Archives/edgar/data/310764/,0.56575999943424,0.064999999935,0.06031999993968,0.0311999999688,0.16613999983386,1.50461999849538,1.50461999849538,1.23941999876058,0.24985999975014,2357692310.05,2389892310.05,23.5769231005,10.834983042509192,101.62466853663793,196.47435917083337,4.9458617790014685,4.9458617790014685,10.982960983685665,51.06607500106838,103.0125995711207,199.15769250416668,0.010603588896411,0.0050897226702773,0.2015942941053073,0.1102064220183486,0.688034188034188,3.621606334841629,0.0,0.928,0.0018662316457683,0.176,0.3501838235294117,0.0565257352941176,0.0,0.4827586206896552,0.0514705882352941,1.6,0.0,1.346347557792822,0.0348633252534511,0.0286697247706422,-0.09450999990549,463500000.0,578700000.0,347000000.0,646200000.0,164200000.0,49700000.0,136250000.0,68.16176470588235,55.11543134872418,151.8955042527339,1.3203883495145632,1.632936507936508,0.5925125989920806,0.0524438850430039,0.02911999997088,1996-04-15,0.06,amc,,2025-04-25,1996-03-31,0.1666666666666668,6.574920634920636,2062273.015873016
1995-12-31,SYK,USD,310764,1996-03-28,1996-03-28 00:00:00,1995,Q4,224100000.0,86100000.0,138000000.0,0.6157965194,11500000,75100000.0,0.0,75100000.0,9400000.0,96000000.0,182100000.0,0.0,0.0,9400000.0,51400000.0,0.229361892,42000000.0,0.187416332,1300000.0,43300000.0,0.1932173137,17600000.0,25700000.0,0.114680946,0.067,0.067,384615385,384615385,https://www.sec.gov/Archives/edgar/data/310764/000031076496000004/0000310764-96-000004-index.html,https://www.sec.gov/Archives/edgar/data/310764/,0.58265999941734,0.06681999993318,0.1221999998778,0.11621999988378,0.1793999998206,1.45417999854582,1.40685999859314,1.18117999881882,0.26025999973974,2523076925.6,2554176925.6,24.54354985992218,11.258710065149486,53.6824877787234,56.444673950783,5.55376827118644,5.55376827118644,11.397487396697905,49.69215808560311,54.34418990638298,57.14042339149888,0.0101859755995701,0.0177164633969176,0.2203389830508474,0.1170897180956837,0.6050583657587548,3.573967889908257,0.0,1.828793774319066,0.0004192073170731,0.0411553427529182,0.3351182507809014,0.0513163766175814,0.0212890396537606,0.0489361702127659,0.0102632753235162,0.2446808510638297,0.0,1.3326083698702744,0.0364663640528272,0.0307159077327596,-0.09645999990354,448900000.0,541100000.0,327700000.0,649700000.0,160850000.0,47500000.0,131150000.0,65.70281124497993,51.21951219512195,139.65156794425087,1.369804400977995,1.7571428571428571,0.6444610778443114,0.0565705480959718,0.00597999999402,1996-01-12,0.07,amc,,2025-04-25,1995-12-31,0.0,6.161746031746032,2437587.301587302
1995-09-30,SYK,USD,310764,1995-11-07,1995-11-07 00:00:00,1995,Q3,205400000.0,82300000.0,123100000.0,0.5993184031,9700000,72300000.0,0.0,72300000.0,6500000.0,88500000.0,170800000.0,0.0,0.0,6500000.0,41100000.0,0.200097371,34600000.0,0.1684518014,-100000.0,34500000.0,0.1679649464,14400000.0,20100000.0,0.0978578384,0.055,0.055,365454545,365454545,https://www.sec.gov/Archives/edgar/data/310764/000031076495000013/0000310764-95-000013-index.html,https://www.sec.gov/Archives/edgar/data/310764/,0.5620398016940794,0.0550000000684079,0.1045273633140887,0.0883830846870436,0.203308457964314,1.4699502505845152,1.4699502505845152,1.173333334792703,0.2848507466229487,2130599997.35,2160399997.3500004,26.4999999670398,10.372930853700096,55.77486904057592,65.96284821517028,4.968749993819963,4.968749993819963,10.51801361903603,52.56447682116789,56.55497375261781,66.88544883436533,0.0094339622758847,0.0151600488313968,0.2427705223880597,0.1261818181818181,0.7250608272506083,3.697994987468672,0.0,1.900497512437811,0.0,0.0,0.3519961051606621,0.0472249269717624,0.0,0.1544502617801047,0.0287244401168451,0.9076923076923076,0.0,1.204989628010109,0.0302767510807528,0.0243636363636363,-0.0836629354274414,430600000.0,537200000.0,302400000.0,618400000.0,171600000.0,47150000.0,129500000.0,69.27458617332036,50.30376670716889,140.7411907654921,1.299177735610373,1.7891304347826087,0.6394716394716394,0.046875,0.0161442786270451,1995-10-13,0.05,amc,,2025-04-25,1995-09-30,0.0,5.400317460317461,2474552.380952381
1995-06-30,SYK,USD,310764,1995-08-10,1995-08-10 00:00:00,1995,Q2,228500000.0,91400000.0,137100000.0,0.6,11700000,80500000.0,0.0,80500000.0,6200000.0,98400000.0,189800000.0,0.0,0.0,6200000.0,44900000.0,0.1964989059,38700000.0,0.1693654267,-1400000.0,37300000.0,0.163238512,16900000.0,20400000.0,0.0892778993,0.055,0.055,370909091,370909091,https://www.sec.gov/Archives/edgar/data/310764/000031076495000011/0000310764-95-000011-index.html,https://www.sec.gov/Archives/edgar/data/310764/,0.6160539214176338,0.0549999999865196,0.0579656862603025,0.1590686274119929,0.1779411764269752,1.4173284310251646,1.4173284310251646,1.0773529409124134,0.3356617646236123,1780363636.8,1838863636.8,21.81818182352941,7.791525762800875,82.80761101395349,30.175654861016948,4.455364456456457,4.455364456456457,8.047543268271335,40.954646699331846,85.52854124651162,31.16718028474576,0.0114583333305249,0.0331392973774985,0.3115615615615615,0.147827119449062,1.3028953229398663,3.534813925570228,0.0,1.053921568627451,0.0,0.0,0.3522975929978118,0.0512035010940919,0.0,1.744186046511628,0.1641137855579868,6.048387096774194,0.0,1.1546533090293123,0.0312086164053562,0.0242222749940631,-0.1254350489888639,422300000.0,525700000.0,272400000.0,624100000.0,174350000.0,45950000.0,129450000.0,72.90590809628009,47.5601750547046,128.30415754923413,1.234467855213398,1.8923395445134576,0.7014581734458941,0.051051051051051,0.1011029411516904,1995-07-17,0.05,amc,,2025-04-25,1995-06-30,0.0,5.307142857142858,3469904.761904762
1995-03-31,SYK,USD,310764,1995-05-12,1995-05-12 00:00:00,1995,Q1,214000000.0,81000000.0,133000000.0,0.6214953271,10800000,73500000.0,0.0,73500000.0,6600000.0,90900000.0,171900000.0,0.0,0.0,6600000.0,48700000.0,0.2275700935,42100000.0,0.196728972,-3300000.0,38800000.0,0.1813084112,18000000.0,20800000.0,0.0971962617,0.055,0.055,378181818,378181818,https://www.sec.gov/Archives/edgar/data/310764/000031076495000006/0000310764-95-000006-index.html,https://www.sec.gov/Archives/edgar/data/310764/,0.5658653848874353,0.0550000000264423,0.0126923076984097,-0.1607692308465236,0.1647355770022767,1.3057211544739045,1.3057211544739045,0.9976682697104174,0.3260336540029008,2163199998.96,2224199998.96,25.9999999875,10.108411210093458,450.66666645,-35.57894735131579,5.733368669387755,5.733368669387755,10.39345793906542,45.67145788418891,463.37499978333335,-36.582236825,0.0096153846200073,-0.0281065088892523,0.3267956533262656,0.1536831609123769,1.2525667351129364,3.4428659666460777,0.0,0.2307692307692307,0.0018028846162513,0.1875,0.3434579439252336,0.0504672897196261,0.0,13.666666666666666,0.3065420560747663,9.93939393939394,0.0,1.111132073319912,0.035012522750463,0.0259254642901657,-0.1565384616137204,395500000.0,493800000.0,248900000.0,589400000.0,159100000.0,47000000.0,122200000.0,68.80373831775701,48.44444444444444,142.88888888888889,1.3080684596577017,1.8577981651376148,0.6298600311041991,0.0551285449244632,0.1734615385449334,1995-04-17,0.05,amc,,2025-04-25,1995-03-31,0.0,5.236825396825397,2475580.9523809524
1994-12-31,SYK,USD,310764,1995-05-05,1995-05-05 00:00:00,1994,Q4,204600000.0,77700000.0,126900000.0,0.6202346041,10400000,69100000.0,0.0,69100000.0,6800000.0,86300000.0,164000000.0,0.0,0.0,6800000.0,47400000.0,0.2316715543,40600000.0,0.1984359726,-1400000.0,39200000.0,0.1915933529,17900000.0,21300000.0,0.1041055718,0.056,0.056,378181818,378181818,https://www.sec.gov/Archives/edgar/data/310764/000031076495000005/0000310764-95-000005-index.html,https://www.sec.gov/Archives/edgar/data/310764/,0.5410096156447162,0.0563221154116933,0.0933413461987218,0.1763701923924856,0.3088461539946375,1.2118509621210822,1.166105769791397,0.9474278850708788,0.2668028847436552,1735854544.62,1719954544.62,20.37387963169014,8.484137559237537,49.17434970594901,26.02480576641679,4.844695910186994,4.844695910186994,8.406424949266862,36.28596085696202,48.72392477677054,25.786424956821588,0.0122706133794538,0.0384248785168814,0.2816075914038515,0.1313802083333333,-0.3354430379746835,3.0161830357142856,0.0,1.6572769953051645,0.0004901960784313,0.0399487835915492,0.3377321603128054,0.0508308895405669,0.0225260416666666,0.8895184135977338,0.1534701857282502,4.617647058823529,0.0,1.095730674236337,0.0371142568736781,0.0283735180498201,-0.0503725961780637,361300000.0,441000000.0,230800000.0,559300000.0,147150000.0,42200000.0,130850000.0,68.00586510263929,58.37837837837838,134.13127413127413,1.3234152652005176,1.5416666666666667,0.6709844559585493,0.059447390454926,0.0830288461937638,1995-01-13,0.05,amc,,2025-04-25,1994-12-31,0.1999999999999999,4.414603174603175,1681587.3015873015
1994-09-30,SYK,USD,310764,1994-11-09,1994-11-09 00:00:00,1994,Q3,174300000.0,73100000.0,101200000.0,0.5806081469,10200000,57100000.0,0.0,57100000.0,4700000.0,72000000.0,145100000.0,0.0,0.0,5500000.0,34700000.0,0.1990820425,29200000.0,0.1675272519,-600000.0,28600000.0,0.1640849111,11900000.0,16700000.0,0.0958118187,0.045,0.045,371111111,371111111,https://www.sec.gov/Archives/edgar/data/310764/000031076494000010/0000310764-94-000010-index.html,https://www.sec.gov/Archives/edgar/data/310764/,0.4696706588232547,0.045000000013473,0.1196407185986948,0.0059281437143497,0.2834730539770877,1.1858982039478738,1.1400898207006256,0.9210179643476102,0.2907485030810624,1610622221.74,1613322221.74,24.111111103892213,9.240517623293172,36.27527526441441,732.1010098818182,4.712177360269164,4.712177360269164,9.256008156855996,46.49343578501441,36.336086075225225,733.3282826090909,0.0103686635975744,0.0013659317314169,0.3156816851960211,0.1474849644614543,0.0778097982708933,3.2710997442455243,0.0,2.658682634730539,0.0,0.0,0.327596098680436,0.0585197934595524,0.023236741388737,0.9504504504504504,0.2421113023522662,7.672727272727273,0.0,0.9656762859163291,0.0292058061842234,0.0233697173243772,-0.0231062874320677,355200000.0,423100000.0,220100000.0,546200000.0,119550000.0,32450000.0,113100000.0,72.1342512908778,41.860465116279066,179.63064295485634,1.2476735862562631,2.15,0.5010281014393421,0.0488589818607372,0.113712574884345,1994-10-17,0.04028,amc,,2025-04-25,1994-09-30,-0.0069513406156902,4.13890625,2274225.0
1994-06-30,SYK,USD,310764,1994-08-12,1994-08-12 00:00:00,1994,Q2,154200000.0,66200000.0,88000000.0,0.5706874189,9800000,48600000.0,0.0,48600000.0,4300000.0,62700000.0,128900000.0,0.0,0.0,4300000.0,29600000.0,0.1919584955,25300000.0,0.1640726329,2100000.0,27400000.0,0.17769131,10400000.0,17000000.0,0.1102464332,0.045,0.045,377777778,377777778,https://www.sec.gov/Archives/edgar/data/310764/000031076494000006/0000310764-94-000006-index.html,https://www.sec.gov/Archives/edgar/data/310764/,0.4081764703481315,0.0449999999735294,0.0622058823163494,0.0439411764447404,0.1612058822581142,0.8549999994970588,0.8549999994970588,0.8549999994970588,0.0976764705307785,1250444445.18,1226444445.18,18.388888899705883,8.109237647081713,53.2104019225532,75.32797862530121,3.871345031517028,3.871345031517028,7.953595623735409,41.43393395878378,52.18912532680852,73.88219549277109,0.0135951661551448,0.0132752798926708,0.1142414860681114,0.0753676470588235,-0.8108108108108109,2.892682926829268,0.0,1.3742690058479532,0.0,0.0,0.3151750972762646,0.0635538261997405,0.0,0.2936170212765957,0.0447470817120622,1.6046511627906976,0.0,0.930423290218782,0.0426435215755794,0.0347222222222222,0.0238235293977508,232800000.0,323000000.0,189200000.0,308300000.0,102250000.0,31800000.0,80750000.0,58.01556420233463,42.00906344410876,109.16918429003022,1.551307847082495,2.142394822006473,0.8244084682440846,0.0526315789473684,0.0182647058716089,1994-07-15,0.0403,amc,,2025-04-25,1994-06-30,-0.0074441687344913,3.376774193548387,1915225.8064516129
1994-03-31,SYK,USD,310764,1994-05-06,1994-05-06 00:00:00,1994,Q1,148800000.0,63200000.0,85600000.0,0.5752688172,9200000,46600000.0,0.0,46600000.0,4300000.0,60100000.0,123300000.0,0.0,0.0,4300000.0,29800000.0,0.2002688172,25500000.0,0.1713709677,2400000.0,27900000.0,0.1875,10600000.0,17300000.0,0.1162634409,0.045,0.045,384444444,384444444,https://www.sec.gov/Archives/edgar/data/310764/000031076494000005/0000310764-94-000005-index.html,https://www.sec.gov/Archives/edgar/data/310764/,0.3870520235688462,0.0450000000520231,-0.014306358398042,-0.0442196532303117,0.1131502891481506,0.8008959546831167,0.8008959546831167,0.8008959546831167,0.0907803469257576,1322488887.36,1313888887.36,19.111111089017346,8.887694135483871,-240.45252497454544,-77.79346396235293,4.29518963091913,4.29518963091913,8.829898436559139,44.09023111946309,-238.88888861090908,-77.28758160941176,0.0130813953639602,-0.0128545503576487,0.1133484897694056,0.0745248772154601,-0.2885906040268456,2.81965881397238,0.0,-0.3179190751445087,0.0025709100715297,0.1965317919075144,0.3131720430107527,0.0618279569892473,0.0,-2.090909090909091,0.0772849462365591,2.6744186046511627,0.0,0.90050383400301,0.0456857207656435,0.0369421311125347,0.0065679190827374,224000000.0,307900000.0,186700000.0,296500000.0,96500000.0,37950000.0,78900000.0,63.568548387096776,46.56645569620253,115.63291139240506,1.4157944814462418,1.9327217125382263,0.7783251231527094,0.0561870737252354,0.0299132948322697,1994-04-18,0.04979,amc,,2025-04-25,1994-03-31,0.004217714400482,3.986190476190476,2730565.0793650798
1993-12-31,SYK,USD,310764,1994-03-24,1994-03-24 00:00:00,1993,Q4,145200000.0,61600000.0,83600000.0,0.5757575758,0,0.0,0.0,52200000.0,4900000.0,57100000.0,118700000.0,0.0,0.0,4900000.0,31400000.0,0.2162534435,26500000.0,0.1825068871,1200000.0,27700000.0,0.1907713499,9900000.0,17800000.0,0.1225895317,0.046,0.046,384444444,384444444,https://www.sec.gov/Archives/edgar/data/310764/000031076494000004/0000310764-94-000004-index.html,https://www.sec.gov/Archives/edgar/data/310764/,0.3776878617083096,0.0463005780882087,0.1256358382955327,0.0239306358658157,0.1292774567968525,0.7501734112718768,0.7298843939073808,0.7501734112718768,0.0858381503882522,1357088887.32,1340388887.32,19.06023718146067,9.346342199173554,28.09707841242236,147.50966166521738,4.705578666158114,4.705578666158114,9.23132842506887,42.6875441821656,27.75132271884058,145.69444427391304,0.0131163110731469,0.0067792169591546,0.1144244105409154,0.0726552179656539,-0.5318471337579618,2.647421093148576,0.0,2.713483146067416,0.0006019830028328,0.0458957552528089,0.0,0.0,0.0171730515191545,0.8095238095238095,0.2692837465564738,7.979591836734694,0.0,0.8840265316643828,0.0522358308786073,0.0398745519713261,-0.0308887283594089,214000000.0,280600000.0,178100000.0,289500000.0,88750000.0,36750000.0,80850000.0,54.48347107438017,63.11688311688311,111.9155844155844,1.651877133105802,1.4259259259259258,0.804177545691906,0.0617198335644937,0.1017052024297169,1994-01-14,0.04846,amc,,2025-04-25,1993-12-31,0.0317787866281469,3.375,2101162.5
1993-09-30,SYK,USD,310764,1993-09-30,1993-09-29 20:00:00,1993,Q3,136900000.0,60100000.0,76800000.0,0.5609934259,0,0.0,0.0,51700000.0,3800000.0,55500000.0,115600000.0,0.0,0.0,3600000.0,25100000.0,0.1833455077,21300000.0,0.1555880205,1300000.0,22600000.0,0.1650840029,8600000.0,14000000.0,0.1022644266,0.04,0.04,350000000,350000000,,,0.3911428571428571,0.04,0.0782857142857142,0.0657142857142857,0.1268571428571428,0.7854285714285715,0.7854285714285715,0.7854285714285715,0.1028571428571428,1214500000.0,1206100000.0,21.6875,8.87143900657414,44.324817518248175,52.80434782608695,4.417970170971262,4.417970170971262,8.810080350620892,48.05179282868526,44.018248175182485,52.43913043478261,0.0115273775216138,0.0189378344997941,0.1309567115314659,0.0859188544152744,-0.3346613545816733,2.894439208294062,0.0,1.971223021582733,0.0,0.0,0.0,0.0,0.0,0.1605839416058394,0.0321402483564645,1.2222222222222223,0.0,0.8407649578126543,0.0417553489414136,0.0334128878281622,0.0287142857142857,201000000.0,274900000.0,163000000.0,267600000.0,91000000.0,30300000.0,86550000.0,58.90430971512053,45.374376039933445,127.43760399334442,1.5279017857142858,1.9834983498349832,0.7062279670975323,0.0509276100400145,0.0125714285714285,1993-10-15,0.04009,amc,,2025-04-25,1993-09-30,-0.0022449488650536,3.37171875,2143512.5
1993-06-30,SYK,USD,310764,1993-06-30,1993-06-29 20:00:00,1993,Q2,140000000.0,61000000.0,79000000.0,0.5642857143,0,0.0,0.0,53400000.0,3800000.0,57200000.0,118200000.0,0.0,0.0,4000000.0,25800000.0,0.1842857143,21800000.0,0.1557142857,800000.0,22600000.0,0.1614285714,8600000.0,14000000.0,0.1,0.04,0.04,350000000,350000000,,,0.4,0.04,0.0625714285714285,0.0468571428571428,0.1045714285714285,0.7434285714285714,0.7434285714285714,0.7434285714285714,0.014,1130500000.0,1098800000.0,20.1875,8.075,51.62100456621005,68.9329268292683,4.344734819369716,4.344734819369716,7.848571428571429,42.58914728682171,50.17351598173516,67.0,0.0123839009287925,0.0145068553737284,0.0188316679477325,0.0133297062023939,-1.2286821705426356,2.903096903096903,0.0,1.5642857142857145,0.0,0.0,0.0,0.0,0.0,0.2511415525114155,0.0392857142857142,1.375,0.0,0.8179765976393911,0.0499793663166582,0.0380848748639825,0.1214285714285714,190500000.0,260200000.0,183200000.0,255500000.0,94050000.0,32650000.0,87350000.0,59.4,44.704918032786885,129.8360655737705,1.5151515151515151,2.013201320132014,0.6931818181818182,0.05380476556495,0.0157142857142857,1993-07-19,0.0406,amc,,2025-04-25,1993-06-30,-0.0147783251231526,3.199523809523809,2818666.6666666665
1993-03-31,SYK,USD,310764,1993-03-31,1993-03-30 19:00:00,1993,Q1,135200000.0,57800000.0,77400000.0,0.5724852071,0,0.0,0.0,51400000.0,3700000.0,55100000.0,112900000.0,0.0,0.0,3700000.0,26000000.0,0.1923076923,22300000.0,0.1649408284,1100000.0,23400000.0,0.1730769231,8900000.0,14500000.0,0.1072485207,0.04,0.04,362500000,362500000,,,0.3729655172413793,0.04,-0.0317241379310344,-0.0477241379310344,0.0816551724137931,0.6830344827586207,0.6830344827586207,0.6830344827586207,0.0082758620689655,1210750000.0,1184150000.0,20.875,8.955251479289942,-105.28260869565216,-69.98554913294798,4.889943457189014,4.889943457189014,8.758505917159763,45.54423076923077,-102.9695652173913,-68.44797687861272,0.0119760479041916,-0.0142886640512079,0.0121163166397415,0.0085397096498719,-1.023076923076923,2.849230769230769,0.0,-0.7931034482758621,0.0023952095808383,0.2,0.0,0.0,0.0,-0.5043478260869565,0.0428994082840236,1.5675675675675675,0.0,0.7840478521638578,0.0541048397352234,0.0412752633077142,0.1131724137931034,180300000.0,247600000.0,174100000.0,242700000.0,86300000.0,36650000.0,83050000.0,63.705621301775146,54.49826989619377,135.0,1.412748171368861,1.6514285714285717,0.6666666666666666,0.058562197092084,0.016,1993-04-20,0.03949,amc,,2025-04-25,1993-03-31,0.0129146619397316,3.7845161290322578,3652993.5483870967
1992-12-31,SYK,USD,310764,1992-12-31,1992-12-30 19:00:00,1992,Q4,130000000.0,56400000.0,73600000.0,0.5661538462,0,0.0,0.0,47300000.0,3500000.0,50800000.0,107200000.0,0.0,0.0,3500000.0,26300000.0,0.2023076923,22800000.0,0.1753846154,700000.0,23500000.0,0.1807692308,8900000.0,14600000.0,0.1123076923,0.04,0.04,362500000,362500000,,,0.3586206896551724,0.0402758620689655,0.0860689655172413,0.0576551724137931,0.1188965517241379,0.6408275862068965,0.6148965517241379,0.6408275862068965,0.0071724137931034,1772625000.0,1732125000.0,30.353167808219176,13.635576923076924,56.81490384615384,84.81459330143541,7.630757640981489,7.630757640981489,13.324038461538462,65.86026615969581,55.51682692307692,82.87679425837321,0.0082363726112403,0.0117904238065016,0.0111924235901851,0.007640317367029,-1.5399239543726235,2.6587771203155817,0.0,2.136986301369863,0.0002044989775051,0.0248287671232876,0.0,0.0,0.0276226858654128,0.3301282051282051,0.0792307692307692,2.942857142857143,0.0,0.7620514274780175,0.0589966946396448,0.0441220912662435,0.0895862068965517,168200000.0,222900000.0,161600000.0,237200000.0,73500000.0,33250000.0,84100000.0,53.238461538461536,61.11702127659575,126.70212765957449,1.6905071521456436,1.4725848563968669,0.7103274559193955,0.0628497632371932,0.0284137931034482,1992-12-30,,amc,,2025-04-25,1992-12-31,,4.1946875,2238350.0
1992-09-30,SYK,USD,310764,1992-09-30,1992-09-29 20:00:00,1992,Q3,117400000.0,52200000.0,65200000.0,0.5553662692,0,0.0,0.0,45700000.0,2800000.0,48500000.0,100700000.0,0.0,0.0,2800000.0,19500000.0,0.1660988075,16700000.0,0.1422487223,1100000.0,17800000.0,0.1516183986,6800000.0,11000000.0,0.0936967632,0.03,0.03,366666667,366666667,,,0.3201818178907438,0.0299999999727272,0.0280909090653719,0.003272727269752,0.0987272726375206,0.5890909085553719,0.5890909085553719,0.5890909085553719,0.0038181818147107,1397000001.27,1362200001.27,31.750000028863635,11.899488937563884,135.63106808446602,1164.166667725,6.467592598472222,6.467592598472222,11.603066450340716,69.85641032153846,132.252427307767,1135.166667725,0.0078740157408733,0.0008589835353679,0.0064814814814814,0.0046651116294568,-1.7846153846153847,2.9515738498789346,0.0,0.9363636363636364,0.0,0.0,0.0,0.0,0.0,0.883495145631068,0.0775127768313458,3.25,0.0,0.6305841441975754,0.0473187745029854,0.0366544485171609,0.1338409089692355,161200000.0,216000000.0,159700000.0,212300000.0,67450000.0,28850000.0,86200000.0,53.73935264054514,48.62068965517241,153.10344827586206,1.6747503566333808,1.851063829787234,0.5878378378378378,0.0509259259259259,0.0248181817956198,1993-01-16,0.03535,amc,,2025-04-25,1992-09-30,0.1315417256011316,4.44265625,1501662.5
1992-06-30,SYK,USD,310764,1992-06-30,1992-06-29 20:00:00,1992,Q2,117100000.0,49700000.0,67400000.0,0.5755764304,0,0.0,0.0,45500000.0,5100000.0,50600000.0,100300000.0,0.0,0.0,2800000.0,20900000.0,0.1784799317,16800000.0,0.1434671221,1100000.0,17900000.0,0.1528608027,6800000.0,11100000.0,0.0947907771,0.03,0.03,370000000,370000000,,,0.3164864864864865,0.03,0.0354054054054054,0.0175675675675675,0.1129729729729729,0.5497297297297298,0.5497297297297298,0.5497297297297298,0.0081081081081081,1539200000.0,1500400000.0,34.66666666666667,13.144321093082835,117.49618320610688,236.8,7.567354965585054,7.567354965585054,12.812980358667806,71.78947368421052,114.53435114503816,230.8307692307692,0.0072115384615384,0.0042229729729729,0.0147492625368731,0.0106044538706256,-1.8564593301435408,3.007741935483871,0.0,1.18018018018018,0.0,0.0,0.0,0.0,0.0,0.5038167938931297,0.0563620836891545,2.357142857142857,0.0,0.6091531560843854,0.0503279086713626,0.0392364793213149,0.1424324324324324,155600000.0,203400000.0,153600000.0,199900000.0,61700000.0,28250000.0,82300000.0,49.80358667805295,53.420523138833,151.38832997987927,1.807098765432099,1.6847457627118645,0.5944976076555024,0.0545722713864306,0.0178378378378378,1992-06-29,,amc,,2025-04-25,1992-06-30,,4.353650793650794,1816520.634920635
1992-03-31,SYK,USD,310764,1992-03-31,1992-03-30 19:00:00,1992,Q1,112600000.0,49700000.0,62900000.0,0.5586145648,0,0.0,0.0,43200000.0,2300000.0,45500000.0,95200000.0,0.0,0.0,2300000.0,19700000.0,0.174955595,17400000.0,0.1545293073,400000.0,17800000.0,0.1580817052,6800000.0,11000000.0,0.0976909414,0.03,0.03,366666667,366666667,,,0.3070909088117355,0.0299999999727272,-0.0106363636266942,-0.0259090908855371,0.1227272726157024,0.5203636358905785,0.5203636358905785,0.5203636358905785,0.0166363636212396,1697666668.21,1658766668.21,38.583333368409086,15.07696863419183,-435.29914569487175,-178.70175454842106,8.897624047222221,8.897624047222221,14.731497941474244,84.20135371624366,-425.3247867205128,-174.6070177063158,0.0064794816355782,-0.0055959159579993,0.0319706498951782,0.0228122662677636,-1.9746192893401016,2.9772117962466487,0.0,-0.3545454545454545,0.0014137050841261,0.2181818181818181,0.0,0.0,0.0,-1.435897435897436,0.0497335701598579,2.4347826086956523,0.0,0.5926596442367461,0.0544446024747546,0.0411368735976065,0.1441363635053305,147500000.0,190800000.0,145500000.0,187400000.0,55950000.0,28050000.0,79600000.0,46.83836589698046,48.89336016096579,146.68008048289738,1.9215017064846416,1.8407407407407408,0.6135802469135803,0.0576519916142557,0.0152727272588429,1992-03-30,,amc,,2025-04-25,1992-03-31,,5.32968253968254,2150539.6825396824
1991-12-31,SYK,USD,310764,1991-12-31,1991-12-30 19:00:00,1991,Q4,100600000.0,42500000.0,58100000.0,0.5775347913,0,0.0,0.0,37000000.0,5000000.0,42000000.0,84500000.0,0.0,0.0,5000000.0,21100000.0,0.2097415507,16100000.0,0.1600397614,700000.0,16800000.0,0.1669980119,6400000.0,10400000.0,0.1033797217,0.028,0.028,366666667,366666667,,,0.2743636361142149,0.0283636363378512,0.0504545454086776,0.0384545454195867,0.1442727271415702,0.4906363631903306,0.4791818177461983,0.4906363631903306,0.0234545454332231,2291666668.75,2247366668.75,55.088141075721154,22.77998676689861,123.87387398648649,162.5295509751773,12.738558469983325,12.738558469983325,22.339628914015904,106.51026866113745,121.4792793918919,159.3877070035461,0.0045381818140561,0.0061527272671338,0.0478043357420789,0.0318165001849796,-2.0995260663507107,2.58710407239819,0.0,1.7788461538461535,0.0002399999999999,0.0528846154326923,0.0,0.0,0.0155382907880133,0.2378378378378378,0.0437375745526839,0.88,0.0,0.5595669808363158,0.0527057994006698,0.0390830514844043,0.1133863635332851,140300000.0,175700000.0,138300000.0,180600000.0,50050000.0,25350000.0,79250000.0,47.68389662027833,61.6235294117647,165.6,1.8874296435272044,1.4604810996563573,0.5434782608695652,0.0578098943857698,0.0119999999890909,1991-12-30,,amc,,2025-04-25,1991-12-31,,4.6165625,1545875.0
1991-09-30,SYK,USD,310764,1991-09-30,1991-09-29 20:00:00,1991,Q3,89900000.0,41000000.0,48900000.0,0.5439377086,0,0.0,0.0,35200000.0,2200000.0,37400000.0,78400000.0,0.0,0.0,2600000.0,14100000.0,0.1568409344,11500000.0,0.127919911,600000.0,12100000.0,0.1345939933,4600000.0,7500000.0,0.0834260289,0.02,0.02,375000000,375000000,,,0.2397333333333333,0.02,0.0448,0.0336,0.1138666666666666,0.4506666666666666,0.4506666666666666,0.4506666666666666,0.02,1312500000.0,1277300000.0,43.75,14.599555061179087,78.125,104.16666666666669,7.766272189349112,7.766272189349112,14.208008898776418,90.58865248226952,76.0297619047619,101.37301587301587,0.0057142857142857,0.0096,0.044378698224852,0.0309533635988444,-2.49645390070922,2.8941344778254647,0.0,2.24,0.0,0.0,0.0,0.0,0.0,0.25,0.046718576195773,1.6153846153846154,0.0,0.4503332099679081,0.0399333287033821,0.0309533635988444,0.1190666666666666,132400000.0,169000000.0,129000000.0,166000000.0,48400000.0,21450000.0,76550000.0,46.85205784204672,47.41463414634146,176.2682926829268,1.920940170940171,1.898148148148148,0.5105853051058531,0.044378698224852,0.0112,1991-09-29,,amc,,2025-04-25,1991-09-30,,3.500625,993662.5
1991-06-30,SYK,USD,310764,1991-06-30,1991-06-29 20:00:00,1991,Q2,88600000.0,40400000.0,48200000.0,0.5440180587,0,0.0,0.0,34300000.0,2100000.0,36400000.0,76800000.0,0.0,0.0,2200000.0,14000000.0,0.158013544,11800000.0,0.1331828442,100000.0,11900000.0,0.1343115124,4500000.0,7400000.0,0.0835214447,0.02,0.02,370000000,370000000,,,0.2394594594594594,0.02,0.0037837837837837,-0.0108108108108108,0.1029729729729729,0.4359459459459459,0.4254054054054054,0.4359459459459459,0.0183783783783783,1132200000.0,1100900000.0,38.25,12.778781038374715,808.7142857142858,-283.05,7.0192188468691885,7.0192188468691885,12.425507900677202,78.63571428571429,786.3571428571429,-275.225,0.0065359477124183,-0.0035329447094152,0.0421574705517668,0.0305892937471884,-2.2357142857142858,3.238178633975481,0.0,0.1891891891891892,0.0,0.0,0.0,0.0,0.0175438596491228,3.857142857142857,0.0609480812641083,2.4545454545454546,0.0,0.4429172334372142,0.0431382429515015,0.0338827838827838,0.1378378378378378,127800000.0,157400000.0,123900000.0,164200000.0,51100000.0,21850000.0,70000000.0,50.79006772009029,47.45049504950495,162.17821782178217,1.772,1.8967136150234745,0.554945054945055,0.045877247365158,0.0145945945945945,1991-06-29,,amc,,2025-04-25,1991-06-30,,2.97046875,1535175.0
1991-03-31,SYK,USD,310764,1991-03-31,1991-03-30 19:00:00,1991,Q1,85700000.0,37300000.0,48400000.0,0.5647607935,0,0.0,0.0,34200000.0,2000000.0,36200000.0,73500000.0,0.0,0.0,2000000.0,14200000.0,0.1656942824,12200000.0,0.1423570595,400000.0,12600000.0,0.1470245041,4800000.0,7800000.0,0.0910151692,0.025,0.025,312000000,312000000,,,0.2746794871794872,0.025,0.0028846153846153,-0.0054487179487179,0.1724358974358974,0.494551282051282,0.494551282051282,0.494551282051282,0.0201923076923076,795600000.0,748100000.0,25.5,9.283547257876313,883.9999999999999,-468.0,5.156189241736875,5.156189241736875,8.72928821470245,52.683098591549296,831.2222222222222,-440.05882352941177,0.0098039215686274,-0.0021367521367521,0.0408295528191834,0.0288461538461538,-3.3450704225352115,3.058139534883721,0.0,0.1153846153846153,0.0,0.0,0.0,0.0,0.0,2.888888888888889,0.0303383897316219,1.3,0.0,0.5274325512839022,0.0464476073332161,0.0357142857142857,0.2001602564102564,123900000.0,154300000.0,120000000.0,153200000.0,51450000.0,21650000.0,63650000.0,54.819136522753794,54.04825737265416,162.14477211796248,1.6417624521072798,1.6651785714285714,0.5550595238095238,0.0505508749189889,0.0083333333333333,1991-03-30,,amc,,2025-04-25,1991-03-31,,2.2449180327868854,1314439.3442622952
1990-12-31,SYK,USD,310764,1990-12-31,1990-12-30 19:00:00,1990,Q4,77600000.0,35500000.0,42100000.0,0.5425257732,0,0.0,0.0,31100000.0,2000000.0,33100000.0,68600000.0,0.0,0.0,2000000.0,11000000.0,0.1417525773,9000000.0,0.1159793814,900000.0,9900000.0,0.1275773196,3800000.0,6100000.0,0.0786082474,0.02,0.02,312000000,312000000,,,0.2487179487179487,0.019551282051282,0.0275641025641025,0.0150641025641025,0.1240384615384615,0.4740384615384615,0.4602564102564102,0.4740384615384615,0.0147435897435897,608400000.0,574300000.0,24.9344262295082,7.84020618556701,70.74418604651163,129.4468085106383,4.113590263691684,4.113590263691684,7.400773195876289,52.20909090909091,66.77906976744185,122.19148936170212,0.0100262984878369,0.0077251808021038,0.0311020960108181,0.0219570405727923,-3.1,3.0433275563258237,0.0,1.4098360655737705,0.0,0.0,0.0,0.0,0.0205250596658711,0.4534883720930232,0.0502577319587628,1.95,0.0,0.4566523211981094,0.0358929096793174,0.0297270955165692,0.1447916666666666,117900000.0,143600000.0,114000000.0,150900000.0,51100000.0,17400000.0,57900000.0,58.801546391752574,52.985915492957744,152.3661971830986,1.5305719921104537,1.6985645933014355,0.5906821963394343,0.0412440838404327,0.0125,1990-12-30,,amc,,2025-04-25,1990-12-31,,1.66984375,1062075.0
1990-09-30,SYK,USD,310764,1990-09-30,1990-09-29 20:00:00,1990,Q3,67600000.0,30600000.0,37000000.0,0.5473372781,0,0.0,0.0,27300000.0,1700000.0,29000000.0,59600000.0,0.0,0.0,1800000.0,9800000.0,0.1449704142,8000000.0,0.1183431953,1200000.0,9200000.0,0.1360946746,3500000.0,5700000.0,0.0843195266,0.015,0.015,380000000,380000000,,,0.1778947368421052,0.015,0.0784210526315789,0.0739473684210526,0.1239473684210526,0.3705263157894737,0.3705263157894737,0.3705263157894737,0.0105263157894736,577600000.0,534500000.0,25.333333333333336,8.544378698224852,19.38255033557047,20.55516014234875,4.102272727272728,4.102272727272728,7.90680473372781,54.54081632653061,17.936241610738254,19.02135231316726,0.0098684210526315,0.0486495844875346,0.0284090909090909,0.0205867215645908,-4.3979591836734695,3.2918367346938777,0.0,5.228070175438597,0.0,0.0,0.0,0.0,0.0,0.0570469798657718,0.0251479289940828,0.9444444444444444,0.0,0.3536278150527011,0.0337178349600709,0.0293360782295419,0.1580921052631579,112300000.0,140800000.0,107800000.0,139900000.0,52850000.0,14150000.0,55100000.0,68.56508875739645,40.88235294117647,163.8235294117647,1.312621359223301,2.2014388489208634,0.5493716337522442,0.0404829545454545,0.0044736842105263,1990-09-29,,amc,,2025-04-25,1990-09-30,,1.6646031746031746,867657.1428571428
1990-06-30,SYK,USD,310764,1990-06-30,1990-06-29 20:00:00,1990,Q2,67800000.0,30400000.0,37400000.0,0.5516224189,0,0.0,0.0,27200000.0,1700000.0,28900000.0,59300000.0,0.0,0.0,1700000.0,10200000.0,0.1504424779,8500000.0,0.1253687316,400000.0,8900000.0,0.1312684366,3400000.0,5500000.0,0.081120944,0.015,0.015,366666667,366666667,,,0.1849090907409917,0.0149999999863636,0.0084545454468595,-0.0046363636321487,0.0578181817656198,0.3400909087817355,0.3275454542476859,0.3400909087817355,0.0130909090790082,641666667.25,625266667.25,29.166666693181817,9.464110136430678,206.98924750000003,-377.4509807352941,5.145682977145149,5.145682977145149,9.222222230825958,61.30065365196079,201.69892491935485,-367.8039219117647,0.0085714285636363,-0.0026493506469421,0.0384923817161186,0.0287081339712918,-1.607843137254902,3.6206896551724137,0.0,0.5636363636363636,0.0,0.0,0.0,0.0,0.027511961722488,1.5483870967741935,0.0707964601769911,2.823529411764706,0.0,0.338792977509112,0.039945315503909,0.0338253382533825,0.1270909089753719,98800000.0,120100000.0,94000000.0,128800000.0,52600000.0,14300000.0,52900000.0,71.94690265486726,42.631578947368425,161.34868421052633,1.2509225092250922,2.111111111111111,0.5577981651376147,0.0441058540497193,0.0130909090790082,1990-06-29,,amc,,2025-04-25,1990-06-30,,1.626031746031746,700419.0476190476
1990-03-31,SYK,USD,310764,1990-03-31,1990-03-30 19:00:00,1990,Q1,67600000.0,29500000.0,38100000.0,0.5636094675,0,0.0,0.0,26500000.0,1600000.0,28100000.0,57600000.0,0.0,0.0,1600000.0,11600000.0,0.1715976331,10000000.0,0.1479289941,200000.0,10200000.0,0.150887574,3900000.0,6300000.0,0.0931952663,0.02,0.02,315000000,315000000,,,0.2146031746031746,0.02,0.0215873015873015,0.013015873015873,0.0771428571428571,0.3771428571428571,0.3663492063492063,0.3771428571428571,0.0203174603174603,463050000.0,445150000.0,18.375,6.849852071005917,68.09558823529412,112.9390243902439,3.897727272727273,3.897727272727273,6.585059171597633,38.375,65.46323529411765,108.57317073170732,0.0136054421768707,0.0088543353849476,0.0538720538720538,0.0395794681508967,-1.543103448275862,3.492146596858639,0.0,1.0793650793650793,0.0,0.0,0.0,0.0,0.0210265924551638,0.3970588235294117,0.0399408284023668,1.6875,0.0,0.4119639373953571,0.0485190148329559,0.0397978521794061,0.1438095238095238,95200000.0,115400000.0,90500000.0,122700000.0,49200000.0,12900000.0,51400000.0,67.89940828402366,43.32203389830509,156.5084745762712,1.325490196078431,2.0774647887323945,0.5750487329434698,0.053030303030303,0.0085714285714285,1990-03-30,,amc,,2025-04-25,1990-03-31,,1.4463492063492065,946793.6507936508
1989-12-31,SYK,USD,310764,1989-12-31,1989-12-30 19:00:00,1989,Q4,60500000.0,27400000.0,33100000.0,0.547107438,0,0.0,0.0,23600000.0,1600000.0,25200000.0,52600000.0,0.0,0.0,1600000.0,9500000.0,0.1570247934,7900000.0,0.1305785124,-100000.0,7800000.0,0.1289256198,3000000.0,4800000.0,0.079338843,0.015,0.015,315000000,315000000,,,0.192063492063492,0.0152380952380952,0.0409523809523809,0.0346031746031746,0.0612698412698412,0.3555555555555555,0.3444444444444444,0.3555555555555555,0.0193650793650793,488250000.0,475050000.0,25.4296875,8.070247933884298,37.84883720930232,44.793577981651374,4.359375,4.359375,7.852066115702479,50.00526315789474,36.825581395348834,43.58256880733945,0.0098310291858678,0.0223246287762416,0.0544642857142857,0.0400525279054497,-1.3894736842105264,3.523943661971831,0.0,2.6875,0.0,0.0,0.0,0.0,0.0229809586342744,0.1550387596899224,0.0330578512396694,1.25,0.0,0.3491486243775878,0.0404454114936644,0.032258064516129,0.1279365079365079,89600000.0,108500000.0,84800000.0,116000000.0,46500000.0,10750000.0,52450000.0,70.51239669421487,38.1021897810219,169.16058394160584,1.2763713080168777,2.362068965517241,0.5320388349514563,0.0428571428571428,0.0063492063492063,1989-12-30,,amc,,2025-04-25,1989-12-31,,,
1989-09-30,SYK,USD,310764,1989-09-30,1989-09-29 20:00:00,1989,Q3,54700000.0,24500000.0,30200000.0,0.5521023766,0,0.0,0.0,21200000.0,1600000.0,22800000.0,47300000.0,0.0,0.0,1600000.0,9000000.0,0.1645338208,7400000.0,0.1352833638,200000.0,7600000.0,0.1389396709,2900000.0,4700000.0,0.0859232176,0.015,0.015,313333333,313333333,,,0.1745744682708239,0.0150000000159574,0.0245744681112494,0.0197872340636034,0.0312765957779538,0.3386170216368266,0.3264893620494568,0.3386170216368266,0.022659574492191,366599999.6099999,363899999.6099999,19.49999997925532,6.70201096179159,47.610389559740256,59.12903219516128,3.4552309105560792,3.4552309105560792,6.652650815539304,40.43333328999999,47.2597402090909,58.69354832419354,0.0128205128341516,0.0169121658663277,0.0669180018850141,0.0498245614035087,-0.3,3.644654088050314,0.0,1.6382978723404256,0.0,0.0,0.0,0.0,0.0266666666666666,0.1948051948051948,0.0274223034734917,0.9375,0.0,0.3380580496364594,0.0397249634502924,0.0338860850757029,0.1094680852228384,84100000.0,102300000.0,79500000.0,109900000.0,44250000.0,10700000.0,54200000.0,75.0274223034735,36.36734693877551,196.16326530612244,1.1995614035087718,2.474747474747475,0.4588014981273408,0.0442978322337417,0.0047872340476459,1989-09-29,,amc,,2025-04-25,1989-09-30,,,
1989-06-30,SYK,USD,310764,1989-06-30,1989-06-29 20:00:00,1989,Q2,56800000.0,25700000.0,31100000.0,0.5475352113,0,0.0,0.0,21700000.0,1600000.0,23300000.0,49000000.0,0.0,0.0,1600000.0,9400000.0,0.1654929577,7800000.0,0.1373239437,-500000.0,7300000.0,0.1285211268,2700000.0,4600000.0,0.0809859155,0.015,0.015,306666667,306666667,,,0.1852173911030245,0.0149999999836956,,,0.014347826071361,0.3283695648604678,0.3146739127014414,0.3283695648604678,0.0267391304057183,340400000.37,344200000.37,18.500000020108697,5.992957752992957,0.0,0.0,3.380337640218471,3.380337640218471,6.059859161443662,36.61702131595744,0.0,0.0,0.0135135134988249,,0.0814299900695134,0.0605166051660516,0.4042553191489361,3.67003367003367,0.0,0.0,,,0.0,0.0,0.0309963099630996,0.0,,0.0,,0.3329034815377368,0.0442798963346908,0.035034272658035,0.0954619564179761,79300000.0,96500000.0,74200000.0,105200000.0,,,,67.97535211267605,40.27237354085603,192.60700389105057,1.324009324009324,2.234782608695652,0.4672727272727273,0.0456802383316782,,1989-06-29,,amc,,2025-04-25,1989-06-30,,,
1989-03-31,SYK,USD,310764,1989-03-31,1989-03-30 19:00:00,1989,Q1,53900000.0,0.0,53900000.0,1.0,0,0.0,0.0,0.0,0.0,0.0,0.0,0.0,0.0,0.0,53900000.0,1.0,53900000.0,1.0,-53900000.0,0.0,0.0,0.0,0.0,0.0,0.015,0.015,374784000,374784000,,,0.1438161714480874,0.0,,,,,,,,389775360.0,,0.0,7.231453803339518,0.0,0.0,0.0,0.0,,,0.0,0.0,0.0,,0.0,0.0,,0.0,0.0,0.0,,0.0,0.0,0.0,0.0,0.0,,0.0,,,0.0,0.0,,,,,,,,,,0.0,0.0,0.0,0.0,0.0,0.0,,1989-03-30,,amc,,2025-04-25,1989-03-31,,,
1988-12-31,SYK,USD,310764,1988-12-31,1988-12-30 19:00:00,1988,Q4,47700000.0,0.0,47700000.0,1.0,0,0.0,0.0,0.0,-152200000.0,-152200000.0,-152200000.0,0.0,0.0,0.0,-104500000.0,-2.1907756813,-104500000.0,-2.1907756813,104500000.0,0.0,0.0,0.0,0.0,0.0,0.01,0.01,374784000,374784000,,,0.1272733094262295,0.0,,,0.0122737363387978,0.2428065232240437,0.2297323258196721,0.2428065232240437,0.0178769637978142,316224000.0,318324000.0,0.0,6.629433962264151,0.0,0.0,3.474989010989011,3.474989010989011,6.673459119496855,-3.046162679425837,0.0,0.0,0.0,,0.0736263736263736,0.0536858974358974,-0.0200956937799043,3.430555555555556,0.0,0.0,,0.0,0.0,0.0,0.0392628205128205,0.0,,0.0,,0.0,,0.0,0.0658379226434426,70000000.0,86100000.0,65000000.0,95600000.0,,,,73.01886792452831,0.0,0.0,1.2325581395348837,0.0,0.0,0.0,,1988-12-30,,amc,,2025-04-25,1988-12-31,,,
1988-09-30,SYK,USD,310764,1988-09-30,1988-09-29 20:00:00,1988,Q3,44400000.0,0.0,44400000.0,1.0,0,0.0,0.0,0.0,0.0,0.0,0.0,0.0,0.0,0.0,44400000.0,1.0,44400000.0,1.0,-44400000.0,0.0,0.0,0.0,0.0,0.0,0.015,0.015,374544000,374544000,,,0.1185441496860182,0.0,,,,,,,,335531496.96,,0.0,7.557015697297297,0.0,0.0,0.0,0.0,,,0.0,0.0,0.0,,0.0,0.0,,0.0,0.0,0.0,,0.0,0.0,0.0,0.0,0.0,,0.0,,,0.0,0.0,,,,,,,,,,0.0,0.0,0.0,0.0,0.0,0.0,,1988-09-29,,amc,,2025-04-25,1988-09-30,,,
1988-06-30,SYK,USD,310764,1988-06-30,1988-06-29 20:00:00,1988,Q2,43900000.0,0.0,43900000.0,1.0,0,0.0,0.0,0.0,0.0,0.0,0.0,0.0,0.0,0.0,43900000.0,1.0,43900000.0,1.0,-43900000.0,0.0,0.0,0.0,0.0,0.0,0.015,0.015,374544000,374544000,,,0.1172091930454098,0.0,,,,,,,,358940496.96,,0.0,8.176321115261958,0.0,0.0,0.0,0.0,,,0.0,0.0,0.0,,0.0,0.0,,0.0,0.0,0.0,,0.0,0.0,0.0,0.0,0.0,,0.0,,,0.0,0.0,,,,,,,,,,0.0,0.0,0.0,0.0,0.0,0.0,,1988-06-29,,amc,,2025-04-25,1988-06-30,,,
1988-03-31,SYK,USD,310764,1988-03-31,1988-03-30 19:00:00,1988,Q1,42700000.0,0.0,42700000.0,1.0,0,0.0,0.0,0.0,0.0,0.0,0.0,0.0,0.0,0.0,42700000.0,1.0,42700000.0,1.0,-42700000.0,0.0,0.0,0.0,0.0,0.0,0.015,0.015,374096000,374096000,,,0.1141418245584021,0.0,,,,,,,,339028240.96,,0.0,7.939771451053864,0.0,0.0,0.0,0.0,,,0.0,0.0,0.0,,0.0,0.0,,0.0,0.0,0.0,,0.0,0.0,0.0,0.0,0.0,,0.0,,,0.0,0.0,,,,,,,,,,0.0,0.0,0.0,0.0,0.0,0.0,,1988-03-30,,amc,,2025-04-25,1988-03-31,,,
1987-12-31,SYK,USD,310764,1987-12-31,1987-12-30 19:00:00,1987,Q4,37200000.0,0.0,37200000.0,1.0,0,0.0,0.0,0.0,-126100000.0,-126100000.0,-126100000.0,0.0,0.0,0.0,-88900000.0,-2.3897849462,-88900000.0,-2.3897849462,88900000.0,0.0,0.0,0.0,0.0,0.0,0.005,0.005,374096000,374096000,,,0.099439716008725,0.0,,,0.016038663872375,0.2010179205337667,0.1852465677259313,0.2010179205337667,0.0278003507121166,272779580.32,277179580.32,0.0,7.332784417204301,0.0,0.0,3.627388036170213,3.627388036170213,7.451063987096774,-3.1178805435320585,0.0,0.0,0.0,,0.1382978723404255,0.099047619047619,-0.0494938132733408,3.3020408163265307,0.0,0.0,,0.0,0.0,0.0,0.0561904761904761,0.0,,0.0,,0.0,,0.0,0.0542641461015354,56400000.0,69300000.0,51100000.0,80000000.0,,,,83.70967741935485,0.0,0.0,1.0751445086705202,0.0,0.0,0.0,,1987-12-30,,amc,,2025-04-25,1987-12-31,,,
1987-09-30,SYK,USD,310764,1987-09-30,1987-09-29 20:00:00,1987,Q3,36900000.0,0.0,36900000.0,1.0,0,0.0,0.0,0.0,0.0,0.0,0.0,0.0,0.0,0.0,36900000.0,1.0,36900000.0,1.0,-36900000.0,0.0,0.0,0.0,0.0,0.0,0.01,0.01,373664000,373664000,,,0.0987518198167337,0.0,,,,,,,,388610560.0,,0.0,10.531451490514906,0.0,0.0,0.0,0.0,,,0.0,0.0,0.0,,0.0,0.0,,0.0,0.0,0.0,,0.0,0.0,0.0,0.0,0.0,,0.0,,,0.0,0.0,,,,,,,,,,0.0,0.0,0.0,0.0,0.0,0.0,,1987-09-29,,amc,,2025-04-25,1987-09-30,,,
1987-06-30,SYK,USD,310764,1987-06-30,1987-06-29 20:00:00,1987,Q2,36900000.0,0.0,36900000.0,1.0,0,0.0,0.0,0.0,0.0,0.0,0.0,0.0,0.0,0.0,36900000.0,1.0,36900000.0,1.0,-36900000.0,0.0,0.0,0.0,0.0,0.0,0.01,0.01,373728000,373728000,,,0.0987349088106858,0.0,,,,,,,,392414400.0,,0.0,10.634536585365854,0.0,0.0,0.0,0.0,,,0.0,0.0,0.0,,0.0,0.0,,0.0,0.0,0.0,,0.0,0.0,0.0,0.0,0.0,,0.0,,,0.0,0.0,,,,,,,,,,0.0,0.0,0.0,0.0,0.0,0.0,,1987-06-29,,amc,,2025-04-25,1987-06-30,,,
1987-03-31,SYK,USD,310764,1987-03-31,1987-03-30 19:00:00,1987,Q1,37200000.0,0.0,37200000.0,1.0,0,0.0,0.0,0.0,0.0,0.0,0.0,0.0,0.0,0.0,37200000.0,1.0,37200000.0,1.0,-37200000.0,0.0,0.0,0.0,0.0,0.0,0.01,0.01,361360000,361360000,,,0.1029444321452291,0.0,,,,,,,,290782778.4,,0.0,7.816741354838709,0.0,0.0,0.0,0.0,,,0.0,0.0,0.0,,0.0,0.0,,0.0,0.0,0.0,,0.0,0.0,0.0,0.0,0.0,,0.0,,,0.0,0.0,,,,,,,,,,0.0,0.0,0.0,0.0,0.0,0.0,,1987-03-30,,amc,,2025-04-25,1987-03-31,,,
1986-12-31,SYK,USD,310764,1986-12-31,1986-12-30 19:00:00,1986,Q4,29700000.0,0.0,29700000.0,1.0,0,0.0,0.0,0.0,-102800000.0,-102800000.0,-102800000.0,0.0,0.0,0.0,-73100000.0,-2.4612794613,-73100000.0,-2.4612794613,73100000.0,0.0,0.0,0.0,0.0,0.0,0.005,0.005,361360000,361360000,,,0.0821895063094974,0.0,,,0.0232455169360194,0.1652092096524241,0.1516493247730795,0.1652092096524241,0.0121762231569625,240907871.2,236907871.2,0.0,8.111376134680134,0.0,0.0,4.035307725293133,4.035307725293133,7.976696,-3.240873751025992,0.0,0.0,0.0,,0.0737018425460636,0.0511627906976744,0.054719562243502,3.0625,0.0,0.0,,0.0,0.0,0.0,0.0569767441860465,0.0,,0.0,,0.0,,0.0,0.0390884436572946,42900000.0,54800000.0,37400000.0,64700000.0,,,,72.42424242424242,0.0,0.0,1.2426778242677825,0.0,0.0,0.0,,1986-12-30,,amc,,2025-04-25,1986-12-31,,,
1986-09-30,SYK,USD,310764,1986-09-30,1986-09-29 20:00:00,1986,Q3,30400000.0,0.0,30400000.0,1.0,0,0.0,0.0,0.0,0.0,0.0,0.0,0.0,0.0,0.0,30400000.0,1.0,30400000.0,1.0,-30400000.0,0.0,0.0,0.0,0.0,0.0,0.01,0.01,361312000,361312000,,,0.0841378088743246,0.0,,,,,,,,255931742.08,,0.0,8.418807305263158,0.0,0.0,0.0,0.0,,,0.0,0.0,0.0,,0.0,0.0,,0.0,0.0,0.0,,0.0,0.0,0.0,0.0,0.0,,0.0,,,0.0,0.0,,,,,,,,,,0.0,0.0,0.0,0.0,0.0,0.0,,1986-09-29,,amc,,2025-04-25,1986-09-30,,,
1986-06-30,SYK,USD,310764,1986-06-30,1986-06-29 20:00:00,1986,Q2,30400000.0,0.0,30400000.0,1.0,0,0.0,0.0,0.0,0.0,0.0,0.0,0.0,0.0,0.0,30400000.0,1.0,30400000.0,1.0,-30400000.0,0.0,0.0,0.0,0.0,0.0,0.01,0.01,359056000,359056000,,,0.084666458713961,0.0,,,,,,,,310436227.04,,0.0,10.21171799473684,0.0,0.0,0.0,0.0,,,0.0,0.0,0.0,,0.0,0.0,,0.0,0.0,0.0,,0.0,0.0,0.0,0.0,0.0,,0.0,,,0.0,0.0,,,,,,,,,,0.0,0.0,0.0,0.0,0.0,0.0,,1986-06-29,,amc,,2025-04-25,1986-06-30,,,
1986-03-31,SYK,USD,310764,1986-03-31,1986-03-30 19:00:00,1986,Q1,30700000.0,0.0,30700000.0,1.0,0,0.0,0.0,0.0,0.0,0.0,0.0,0.0,0.0,0.0,30700000.0,1.0,30700000.0,1.0,-30700000.0,0.0,0.0,0.0,0.0,0.0,0.01,0.01,359056000,359056000,,,0.0855019829775856,0.0,,,,,,,,258071500.0,,0.0,8.406237785016287,0.0,0.0,0.0,0.0,,,0.0,0.0,0.0,,0.0,0.0,,0.0,0.0,0.0,,0.0,0.0,0.0,0.0,0.0,,0.0,,,0.0,0.0,,,,,,,,,,0.0,0.0,0.0,0.0,0.0,0.0,,1986-03-30,,amc,,2025-04-25,1986-03-31,,,
1985-12-31,SYK,USD,310764,1985-12-31,1985-12-30 19:00:00,1985,Q4,25600000.0,0.0,25600000.0,1.0,0,0.0,0.0,0.0,-87000000.0,-87000000.0,-87000000.0,0.0,0.0,0.0,-61400000.0,-2.3984375,-61400000.0,-2.3984375,61400000.0,0.0,0.0,0.0,0.0,0.0,0.005,0.005,359056000,359056000,,,0.0712980704959672,0.0,,,0.0336994786328595,0.1350764226193128,0.1314558174769395,0.1350764226193128,0.0119758477786194,179528000.0,171728000.0,0.0,7.0128125,0.0,0.0,3.701608247422681,3.701608247422681,6.708125,-2.796872964169381,0.0,0.0,0.0,,0.088659793814433,0.0608203677510608,0.1270358306188925,3.2395209580838324,0.0,0.0,,0.0,0.0,0.0,0.0183875530410183,0.0,,0.0,,0.0,,0.0,0.0389215052805133,37400000.0,47200000.0,31900000.0,53300000.0,,,,60.8203125,0.0,0.0,1.4797687861271676,0.0,0.0,0.0,,1985-12-30,,amc,,2025-04-25,1985-12-31,,,
1985-09-30,SYK,USD,310764,1985-09-30,1985-09-29 20:00:00,1985,Q3,25900000.0,0.0,25900000.0,1.0,0,0.0,0.0,0.0,0.0,0.0,0.0,0.0,0.0,0.0,25900000.0,1.0,25900000.0,1.0,-25900000.0,0.0,0.0,0.0,0.0,0.0,0.01,0.01,358672000,358672000,,,0.0722108221439086,0.0,,,,,,,,149447862.23999998,,0.0,5.77018773127413,0.0,0.0,0.0,0.0,,,0.0,0.0,0.0,,0.0,0.0,,0.0,0.0,0.0,,0.0,0.0,0.0,0.0,0.0,,0.0,,,0.0,0.0,,,,,,,,,,0.0,0.0,0.0,0.0,0.0,0.0,,1985-09-29,,amc,,2025-04-25,1985-09-30,,,
