date,symbol,reportedCurrency,cik,fillingDate,acceptedDate,calendarYear,period,revenue,costOfRevenue,grossProfit,grossProfitRatio,researchAndDevelopmentExpenses,generalAndAdministrativeExpenses,sellingAndMarketingExpenses,sellingGeneralAndAdministrativeExpenses,otherExpenses,operatingExpenses,costAndExpenses,interestIncome,interestExpense,depreciationAndAmortization,ebitda,ebitdaratio,operatingIncome,operatingIncomeRatio,totalOtherIncomeExpensesNet,incomeBeforeTax,incomeBeforeTaxRatio,incomeTaxExpense,netIncome,netIncomeRatio,eps,epsdiluted,weightedAverageShsOut,weightedAverageShsOutDil,link,finalLink,revenuePerShare,netIncomePerShare,operatingCashFlowPerShare,freeCashFlowPerShare,cashPerShare,bookValuePerShare,tangibleBookValuePerShare,shareholdersEquityPerShare,interestDebtPerShare,marketCap,enterpriseValue,peRatio,priceToSalesRatio,pocfratio,pfcfRatio,pbRatio,ptbRatio,evToSales,enterpriseValueOverEBITDA,evToOperatingCashFlow,evToFreeCashFlow,earningsYield,freeCashFlowYield,debtToEquity,debtToAssets,netDebtToEBITDA,currentRatio,interestCoverage,incomeQuality,dividendYield,payoutRatio,salesGeneralAndAdministrativeToRevenue,researchAndDdevelopementToRevenue,intangiblesToTotalAssets,capexToOperatingCashFlow,capexToRevenue,capexToDepreciation,stockBasedCompensationToRevenue,grahamNumber,roic,returnOnTangibleAssets,grahamNetNet,workingCapital,tangibleAssetValue,netCurrentAssetValue,investedCapital,averageReceivables,averagePayables,averageInventory,daysSalesOutstanding,daysPayablesOutstanding,daysOfInventoryOnHand,receivablesTurnover,payablesTurnover,inventoryTurnover,roe,capexPerShare,report_date,epsEstimated,time,revenueEstimated,updatedFromDate,fiscalDateEnding,surprise(%),QuarterAvgPrice,QuarterAvgVolume
2024-12-31,TECH,USD,842023,2025-02-06,2025-02-06 16:30:29,2025,Q2,297031000.0,103145000.0,193886000.0,0.652746683,25016000,0.0,0.0,121451000.0,0.0,146467000.0,249612000.0,1348000.0,2148000.0,27084000.0,74923000.0,0.2522396652,47419000.0,0.1596432696,-4543000.0,42876000.0,0.1443485697,7986000.0,34890000.0,0.1174624871,0.22,0.22,158431000,160626000,https://www.sec.gov/Archives/edgar/data/842023/000155837025000689/0001558370-25-000689-index.htm,https://www.sec.gov/Archives/edgar/data/842023/000155837025000689/tech-20241231x10q.htm,1.874828789820174,0.2202220525023512,0.5323831825842165,0.4893297397605267,1.120670828310116,13.119225404119144,4.120620333141873,13.119225404119144,2.507558495496462,11411784930.0,11629362930.0,81.76974011177988,38.41950816581434,135.29728653403836,147.20135349887133,5.490415613820019,5.490415613820019,39.15201756718996,155.21752906317153,137.87687537049771,150.00790622379878,0.0030573657157066,0.006793415795648,0.1901027283241889,0.1479641435217778,2.9040214620343554,3.9356054968497296,22.07588454376164,2.417483519633133,0.0011160392592502,0.3650329607337346,0.0,0.0842201655719436,0.5338695278352801,0.080869276551348,0.0229639330574923,0.2518461084034855,0.0495167171103352,8.06261197001706,0.0153783364425714,0.0280293645552658,-0.9893360516565572,473384000.0,652834000.0,42708000.0,2234178000.0,220814000.0,32339500.0,186707000.0,66.03553164484515,28.89912259440593,164.3663774298318,1.3629026337524088,3.114281400966183,0.547557240156498,0.0167862084626739,0.0430534428236898,2025-02-05,0.38,bmo,317527800.0,2025-05-05,2024-12-31,0.1052631578947368,50.8625,2390715.0
2024-09-30,TECH,USD,842023,2024-11-05,2024-11-05 16:31:30,2025,Q1,289458000.0,106441000.0,183017000.0,0.6322748033,23869000,0.0,0.0,119161000.0,0.0,143030000.0,249471000.0,926000.0,2176000.0,28137000.0,73865000.0,0.2551838263,39987000.0,0.138144394,184000.0,40171000.0,0.1387800648,6571000.0,33600000.0,0.1160790166,0.21,0.21,158531000,161115000,https://www.sec.gov/Archives/edgar/data/842023/000155837024014439/0001558370-24-014439-index.htm,https://www.sec.gov/Archives/edgar/data/842023/000155837024014439/tech-20240930x10q.htm,1.825876327027521,0.2119459285565599,0.4030063520699422,0.3451501599056336,1.182986292901704,13.490421431770445,4.226687524837414,13.490421431770445,2.5300666746566915,12671382830.000002,12882760830.000002,94.28112224702382,43.77623983444922,198.33434284462115,231.5803649688397,5.924944628620859,5.924944628620859,44.50649431005535,174.40954213768364,201.6428623080656,235.4434788091453,0.0026516442957157,0.0043181553847821,0.1865279498749211,0.1458024566367826,2.861680092059839,4.563259878419453,18.376378676470587,1.9014583333333333,0.0010013113935726,0.3776190476190476,0.0,0.0824610133421774,0.5367616502382844,0.1435614894582792,0.0316868077579476,0.3259764722607243,0.0351829971878476,8.020779119384713,0.0127615022140998,0.0265103816548158,-0.9432886943247693,506439000.0,670061000.0,51200000.0,2318188000.0,232541000.0,34763500.0,182386000.0,69.5504010944593,26.684360349865184,156.45935306883626,1.294025607095597,3.372762128077569,0.5752292735123568,0.0157108456269141,0.0578561921643085,2024-10-30,0.38,bmo,280260000.0,2024-10-31,2024-09-30,0.1052631578947368,67.765,1566849.95
2024-06-30,TECH,USD,842023,2024-08-22,2024-08-22 16:30:35,2024,Q4,306098000.0,101223000.0,204875000.0,0.669311789,23989000,0.0,0.0,101896000.0,689000.0,125885000.0,227108000.0,905000.0,2509000.0,28057000.0,96757000.0,0.3160981124,78990000.0,0.25805461,-4163000.0,41660000.0,0.1361002032,1073000.0,40588000.0,0.1325980568,0.26,0.25,157868000,160651000,https://www.sec.gov/Archives/edgar/data/842023/000155837024012430/0001558370-24-012430-index.htm,https://www.sec.gov/Archives/edgar/data/842023/000155837024012430/tech-20240630x10k.htm,1.9389489953632149,0.2571008690804976,0.4782223123115514,0.3643296931613753,0.9682962981731572,13.104935769123571,3.731636557123673,13.104935769123571,2.6734170319507435,11304927480.0,11572674480.0,69.63220336059919,36.932379434037465,149.74207216276358,196.55274149801795,5.464353375063441,5.464353375063441,37.807089494214274,119.605552879895,153.288577937904,201.20791571041104,0.0035902928233556,0.0050876929641303,0.2027880223312468,0.149132479498363,2.7672106410905672,3.873904341224377,31.4826624153049,1.8605155502981912,0.0011169465723985,0.3111018034887158,0.0,0.0783703258433573,0.5260021541381847,0.2381583130232065,0.0587393579833909,0.6408382934739993,0.0230743095348548,8.706838315280113,0.0287184875955266,0.0304384279528379,-2.030595180783946,458040000.0,589106000.0,-126921000.0,2280223000.0,234640500.0,33431500.0,179613500.0,70.97550457696555,33.7583355561483,159.80350315639726,1.2680431162332122,2.6660082174462705,0.5631916586454201,0.0196186287067694,0.1138926191501761,2024-08-07,0.4949,bmo,306486920.0,2025-04-25,2024-06-30,-0.0099009900990099,73.431875,886458.859375
2024-03-31,TECH,USD,842023,2024-05-06,2024-05-06 16:30:44,2024,Q3,303428000.0,98182000.0,205246000.0,0.6764240611,25761000,0.0,0.0,107505000.0,-874000.0,133266000.0,231448000.0,712000.0,4005000.0,27311000.0,99331000.0,0.3273626692,71980000.0,0.237222669,-5914000.0,61084000.0,0.2013129968,12025000.0,49059000.0,0.1616825079,0.31,0.31,157309000,160496000,https://www.sec.gov/Archives/edgar/data/842023/000155837024006803/0001558370-24-006803-index.htm,https://www.sec.gov/Archives/edgar/data/842023/000155837024006803/tmb-20240331x10q.htm,1.928866117005384,0.3118639111557508,0.5148211481860542,0.4103071089384587,0.9237360863014832,12.805211399220642,3.2864044650973563,12.805211399220642,3.170416187249299,10918817690.0,11273632690.0,55.64125690495118,35.98487183120872,134.8235212258909,169.16596980144132,5.420449365187713,5.420449365187713,37.1542266699184,113.49561254794575,139.20471056725853,174.66314223157266,0.0044930688828086,0.0059113544004964,0.2455997517840521,0.1818078253104363,3.572046994392485,4.07589106928314,17.972534332084894,1.650956089207812,0.0011520478093081,0.2564055524980126,0.0,0.084899877400899,0.5502758004828805,0.2030103845109031,0.0541841853751137,0.6019918347918422,0.0268037227942048,9.479101986901815,0.0222576826793998,0.0400882187589885,-1.912285692490576,460830000.0,516981000.0,-96145000.0,2299210000.0,217669000.0,30204500.0,180167500.0,67.59372899007343,26.48703428326985,164.53769530056428,1.331484463791265,3.3978889081155907,0.5469871194901279,0.024354452373565,0.1045140392475955,2024-05-01,0.46,bmo,306070000.0,2025-04-25,2024-03-31,0.0434782608695651,75.14265625,902661.546875
2023-12-31,TECH,USD,842023,2024-02-07,2024-02-07 16:31:56,2024,Q2,272598000.0,96011000.0,176587000.0,0.6477927204,22916000,0.0,0.0,115667000.0,810000.0,138583000.0,234594000.0,816000.0,4329000.0,27803000.0,77939000.0,0.2859118556,38004000.0,0.1394140823,-4617000.0,33387000.0,0.1224770541,5922000.0,27465000.0,0.1007527568,0.17,0.17,157533000,160060000,https://www.sec.gov/Archives/edgar/data/842023/000155837024000862/0001558370-24-000862-index.htm,https://www.sec.gov/Archives/edgar/data/842023/000155837024000862/tmb-20231231x10q.htm,1.730418388528118,0.1743444230732608,0.5276100880450445,0.4332552544546222,0.8611021182863273,12.46442967505221,2.747817917515695,12.46442967505221,3.554988478604483,12155246280.0,12580813280.0,110.64305734571272,44.5903721964211,146.24436065258195,178.09362773252064,6.190415607577873,6.190415607577873,46.151524515953895,161.41871566224867,151.364518023004,184.32885893453675,0.0022595181839458,0.0056150240338857,0.2830060110238602,0.2034966179658138,5.460257380772142,4.367637597888058,8.778932778932779,3.026141411199301,0.0010332164162452,0.4572728927726197,0.0,0.0840651802287617,0.5605365992457025,0.1788344001155012,0.0545271792162818,0.5346185663417616,0.0467831752250566,6.992484216233149,0.0119285237283194,0.0228862412567308,-2.4473237353443404,455409000.0,432872000.0,-176554000.0,2321163000.0,206010500.0,29799000.0,183459500.0,68.49129487377017,29.54099009488496,169.51713866119505,1.3140356035883172,3.0466142032112717,0.5309197684127871,0.0139873566315043,0.0943548335904223,2024-02-01,0.42,bmo,277770000.0,2025-04-25,2023-12-31,-0.0476190476190475,73.59555555555556,1107084.9365079366
2023-09-30,TECH,USD,842023,2023-11-07,2023-11-07 16:35:57,2024,Q1,276935000.0,91744000.0,185191000.0,0.6687164858,23998000,0.0,0.0,105331000.0,-6304000.0,129329000.0,221073000.0,890000.0,4893000.0,28540000.0,84084000.0,0.303623594,55862000.0,0.2017152039,-6304000.0,49558000.0,0.1789517396,-1435000.0,50993000.0,0.1841334609,0.32,0.31,158130000,161940000,https://www.sec.gov/Archives/edgar/data/842023/000155837023018018/0001558370-23-018018-index.htm,https://www.sec.gov/Archives/edgar/data/842023/000155837023018018/tmb-20230930x10q.htm,1.751312211471574,0.3224751786504775,0.3755327894770126,0.2895781951558844,0.9401315373426928,12.633567318029469,2.8419591475368366,12.633567318029469,3.5061215455637766,10763909099.999998,11164776099.999998,52.771503441648846,38.86799826674129,181.26246737281716,235.0660413618396,5.388026856267013,5.388026856267013,40.315511221044645,132.78121997050567,188.01300203762017,243.8203162193444,0.0047374052982294,0.0042541236250313,0.2750750095357467,0.1994403635096684,4.767458731744446,4.629811982403682,11.4167177600654,1.164532386798188,0.0011755952119662,0.2481517070970525,0.0,0.0866557134345604,0.5619400005806864,0.2288870552178233,0.0490801090508603,0.4762438682550806,0.0364453752685648,9.57419799524606,0.0216740177570785,0.0422472665994483,-2.292313286536394,463723000.0,449399000.0,-166137000.0,2346030000.0,211519000.0,26881500.0,178859000.0,66.48238756386878,27.55013951866062,182.54272758981512,1.3537419954049958,3.2667711152257515,0.4930352536543422,0.0255252669758818,0.0859545943211281,2023-10-31,0.44,bmo,291390000.0,2025-04-25,2023-09-30,-0.0681818181818182,71.55475409836066,1097307.4590163934
2023-06-30,TECH,USD,842023,2023-08-23,2023-08-23 16:30:51,2023,Q4,301320000.0,96623000.0,204697000.0,0.6793342626,23418000,0.0,0.0,86754000.0,-6209000.0,110172000.0,206795000.0,1035000.0,3702000.0,26923000.0,110385000.0,0.3663381123,94525000.0,0.31370304,-6209000.0,88316000.0,0.2930970397,12832000.0,75484000.0,0.2505110846,0.48,0.47,157504000,161920000,https://www.sec.gov/Archives/edgar/data/842023/000155837023015226/0001558370-23-015226-index.htm,https://www.sec.gov/Archives/edgar/data/842023/000155837023015226/tmb-20230630x10k.htm,1.9130942706216985,0.4792513206013815,0.5294659183258837,0.4606994108086144,1.29717340511987,12.48549878098334,3.549966984965461,12.48549878098334,2.9120974705404308,12857051520.0,13131445520.0,42.5820422871072,42.669094384707286,154.17422949168397,177.18711612138586,6.5379846998448015,6.5379846998448015,43.57973423602815,118.96041599855052,157.46460158526494,180.9686271050964,0.0058710194855002,0.0056437512043196,0.2313558598048528,0.1724206538694171,2.4857906418444533,4.8360970826945975,25.533495407887628,1.1047771713210746,0.0009797736269785,0.1668830480631657,0.0,0.0777180406212664,0.5333634997945952,0.129879006631252,0.0359451745652462,0.4022954351298146,-0.0069195539625647,11.60314892737946,0.0319006003882257,0.0613038146364441,-1.3853362454286875,492973000.0,559134000.0,-50694000.0,2224881000.0,217441500.0,26399500.0,170551000.0,65.25328554360813,23.91883919977645,159.8731150968196,1.3792408956918176,3.762724405155964,0.5629464337734068,0.038384635568691,0.0687665075172694,2023-08-08,0.55,bmo,307250000.0,2025-04-25,2023-06-30,0.0,65.86714285714285,1194393.0952380951
2023-03-31,TECH,USD,842023,2023-05-08,2023-05-08 16:30:53,2023,Q3,294146000.0,91984000.0,202162000.0,0.6872845458,22713000,0.0,0.0,99238000.0,-15000.0,121951000.0,213935000.0,974000.0,15000.0,26971000.0,105849000.0,0.3598519103,80211000.0,0.2726911126,-15000.0,80196000.0,0.2726401175,9978000.0,70218000.0,0.2387181876,0.45,0.43,157311000,161615000,https://www.sec.gov/Archives/edgar/data/842023/000155837023008540/0001558370-23-008540-index.htm,https://www.sec.gov/Archives/edgar/data/842023/000155837023008540/tmb-20230331x10q.htm,1.8698374557405395,0.4463642084787459,0.3212426340179644,0.2465625417167267,0.999275320861224,12.012421254712004,2.9615665783066665,12.012421254712004,3.0131713611889825,11670903090.0,12017611090.0,41.552390733145344,39.67724561952228,230.9469296527159,300.8972874932323,6.176107083399041,6.176107083399041,40.85593919346175,113.53542395298965,237.8076796279806,309.83605563719806,0.006016500990413,0.0033233932028134,0.2508300320794037,0.1823251641730417,3.2754962257555573,4.044940954782769,5347.4,0.7196770104957347,0.0010780656734936,0.1791848244039989,0.0,0.0772167563046922,0.5476790363180926,0.2324725437815375,0.0399393498466747,0.4355789551740758,0.0343706866658054,10.983764626421932,0.028319245323223,0.0597144137624298,-1.9437277113488567,429833000.0,465887000.0,-139014000.0,2175179000.0,200589000.0,25610000.0,164848500.0,66.21660671911228,26.53504957383893,165.80883631935987,1.359175657879537,3.391740412979351,0.5427937497049521,0.0371585543841675,0.0746800923012376,2023-05-03,0.53,bmo,296660000.0,2025-04-25,2023-03-31,0.0,78.99730158730159,814796.2222222222
2022-12-31,TECH,USD,842023,2023-02-07,2023-02-07 16:30:38,2023,Q2,271581000.0,88221000.0,183360000.0,0.6751576878,22459000,0.0,0.0,93010000.0,-1462000.0,115469000.0,203690000.0,968000.0,2356000.0,26703000.0,103001000.0,0.3792643815,67891000.0,0.2499843509,-1462000.0,66429000.0,0.2446010582,16424000.0,50005000.0,0.1841255463,0.32,0.31,157011000,161750000,https://www.sec.gov/Archives/edgar/data/842023/000155837023000979/0001558370-23-000979-index.htm,https://www.sec.gov/Archives/edgar/data/842023/000155837023000979/tmb-20221231x10q.htm,1.729694097865755,0.3184808707670163,0.4100604416251091,0.371152339644993,1.2531351306596352,11.6368025170211,2.4830744342753057,11.6368025170211,1.856646986516868,13013071680.0,13137547680.0,65.05885251474852,47.91598705358622,202.1165457256461,223.30453333333327,7.122231375738462,7.122231375738462,48.374325449865786,127.54776827409442,204.0498832007952,225.44054362934364,0.0038426745990228,0.0044781894262185,0.1582601118927966,0.1223482599863501,1.2084931214260055,4.401908173994315,28.81621392190153,1.2875512448755124,0.0009652601867478,0.2511948805119488,0.0,0.0826972431797511,0.6081219395269782,0.0948838220675944,0.0224942098305846,0.2287757929820619,0.0616537975778865,9.1316607179475,0.0226435664010837,0.0539914594051815,-0.7696928877594563,436788000.0,389870000.0,28888000.0,2181812000.0,179468500.0,27287500.0,155121000.0,61.229136058855374,24.585982929234536,163.4641411908729,1.4698884516921678,3.660622406639004,0.5505794686487803,0.0273684175959139,0.038908101980116,2023-02-02,0.49,bmo,288797689.0,2025-04-25,2022-12-31,-0.0408163265306122,80.38048387096775,1109242.258064516
2022-09-30,TECH,USD,842023,2022-11-07,2022-11-07 16:31:06,2023,Q1,269655000.0,90060000.0,179595000.0,0.6660176893,23903000,0.0,0.0,99375000.0,47399000.0,123278000.0,213338000.0,433000.0,3790000.0,26641000.0,85725000.0,0.3179062135,56317000.0,0.2088483433,47399000.0,103716000.0,0.3846247984,13982000.0,89555000.0,0.3321095474,0.57,0.55,156928000,162172000,https://www.sec.gov/Archives/edgar/data/842023/000155837022016640/0001558370-22-016640-index.htm,https://www.sec.gov/Archives/edgar/data/842023/000155837022016640/tmb-20220930x10q.htm,1.7183357973083198,0.5706757238988581,0.3573677100326264,0.2964735420065252,1.294064794045677,11.158964620717782,1.912991945350734,11.158964620717782,2.200512336867863,11141888000.0,11318163000.0,31.10347830941879,41.31904841371382,198.6749166384337,239.48174099946263,6.362597464300683,6.362597464300683,41.97275407465094,132.02873140857392,201.81813805032007,243.27056421278883,0.0080376862520965,0.0041756836902327,0.1950325328326349,0.1452881903041662,2.0562846310877805,4.01100785444928,14.859366754617414,0.624969353868099,0.0011259312604829,0.1400815141533136,0.0,0.0886428955517235,0.6172370094111551,0.1703963909345411,0.0354378743208915,0.358695244172516,0.053627783649478,11.970103583094929,0.0217782153085831,0.0995311018717026,-1.2162074327079937,414402000.0,300202000.0,-47536000.0,2159197000.0,184361000.0,32170000.0,145566000.0,58.13228013572899,30.45469686875417,149.9090606262492,1.5481931861242206,2.955209187858901,0.6003639781613104,0.0511405621664342,0.0608941680261011,2022-11-01,0.59,bmo,281830267.0,2025-04-25,2022-09-30,-0.2372881355932203,77.06951612903227,982964.258064516
2022-06-30,TECH,USD,842023,2022-08-24,2022-08-24 16:31:27,2022,Q4,288229000.0,87878000.0,200351000.0,0.6951104851,23148000,0.0,0.0,96630000.0,-1520000.0,119778000.0,207656000.0,188000.0,2505000.0,25866000.0,86526000.0,0.3001988003,80573000.0,0.2795450839,-1521000.0,79053000.0,0.2742714994,17137000.0,61524000.0,0.2134552734,0.39,0.38,156807000,163588000,https://www.sec.gov/Archives/edgar/data/842023/000155837022013935/0001558370-22-013935-index.htm,https://www.sec.gov/Archives/edgar/data/842023/000155837022013935/tmb-20220630x10k.htm,1.838113094440937,0.3923549331343626,0.6550536646960914,0.5685141607198658,1.5753697220149612,10.847800161982564,2.21538579272609,10.847800161982564,2.0947789320629817,13588894620.0,13742298620.0,55.21786059098888,47.146174118496056,132.2945045123981,152.43243878088998,7.988716486842237,7.988716486842237,47.6784036998359,158.822765642697,133.7879671329965,154.15323701302344,0.00452752057621,0.0065602834147226,0.1916336813812491,0.1420473635014739,1.7729237454637912,3.4403072413048665,32.164870259481035,1.6590002422676249,0.0009227387768203,0.2038066445614719,0.0,0.0803111414881916,0.589864062523831,0.1321105561883622,0.0470806199237411,0.5246269233743138,0.0291643103226948,9.785919880737628,0.0292818140152864,0.0653688659579125,-0.8309099721313462,429538000.0,347388000.0,11762000.0,2071959000.0,198321500.0,32362000.0,134703000.0,60.7479469449639,34.68274198320399,144.5307130339789,1.4815315500544852,2.594950538904474,0.6227050161915492,0.0361690782716866,0.0865395039762255,2022-08-04,0.52,bmo,286710333.0,2025-04-25,2022-06-30,-0.0192307692307692,79.41730158730158,1184576.5714285714
2022-03-31,TECH,USD,842023,2022-05-09,2022-05-09 16:30:58,2022,Q3,290376000.0,88918000.0,201458000.0,0.6937832328,21742000,0.0,0.0,89269000.0,-21675000.0,111011000.0,199929000.0,168000.0,2493000.0,25367000.0,111813000.0,0.3850628151,90447000.0,0.3114823539,-21675000.0,68772000.0,0.2368377552,8628000.0,60739000.0,0.2091736232,0.39,0.37,157087000,163876000,https://www.sec.gov/Archives/edgar/data/842023/000155837022007844/0001558370-22-007844-index.htm,https://www.sec.gov/Archives/edgar/data/842023/000155837022007844/tmb-20220331x10q.htm,1.8485043319943728,0.3866583485584421,0.4655254731454544,0.3694003959589272,1.4716176386333688,10.906835065918886,2.1285147720689808,10.906835065918886,2.0989579023089115,17006238620.0,17172643620.0,69.99719545926013,58.56626794225418,232.55440624658132,293.0695288481423,9.925885863836454,9.925885863836454,59.139335275642615,153.58360494754635,234.8299368231047,295.9371961811539,0.0035715716659748,0.0034121595784124,0.1909892010958827,0.1422788548331834,1.4882437641419155,3.5549934667162155,36.28038507821901,1.2158818834796488,0.0007395521303111,0.2070663000707947,0.0,0.0748753340496459,0.5995759800894999,0.2064872552237173,0.0520015428272309,0.5952615602948713,0.027794996831694,9.741017594595483,0.0364635382057396,0.0659538380683915,-0.8892222144416788,426270000.0,334362000.0,6538000.0,2087078000.0,177495500.0,28807500.0,125070500.0,62.63792462186957,31.23450819856497,129.84401358555073,1.4368292139835226,2.881428432548041,0.6931393871362534,0.035451012710979,0.0961250771865272,2022-05-04,0.5,bmo,279270778.0,2025-04-25,2022-03-31,0.08,86.41140625,869753.625
2021-12-31,TECH,USD,842023,2022-02-07,2022-02-07 16:30:46,2022,Q2,269276000.0,85585000.0,183691000.0,0.6821662532,20650000,0.0,0.0,100693000.0,23831000.0,121343000.0,206928000.0,245000.0,2902000.0,25102000.0,92987000.0,0.3453222716,62348000.0,0.2315393871,23831000.0,86179000.0,0.3200396619,14120000.0,80173000.0,0.297735409,0.51,0.49,157240000,164828000,https://www.sec.gov/Archives/edgar/data/842023/000143774922002626/0001437749-22-002626-index.htm,https://www.sec.gov/Archives/edgar/data/842023/000143774922002626/tech20211231_10q.htm,1.7125158992622742,0.509876621724752,0.6422856779445434,0.5776201984227932,1.7742304757059273,10.827594759603157,1.91508522004579,10.827594759603157,2.254814296616637,20337421600.0,20477221600.0,63.4173025831639,75.52630609486178,201.3745665541176,223.91876245527112,11.945404577067906,11.945404577067906,76.04547601717198,220.2159613709443,202.7588209083798,225.45798623726947,0.0039421418101496,0.0044659053535085,0.2065424946741058,0.1525676769727782,1.503435964167034,3.812633632411552,21.484493452791178,1.4015320778806255,0.0006183674728953,0.1568607885447719,0.0,0.0766871165644171,0.6080245708390062,0.1006802451655065,0.0377605133766098,0.4050673253127241,0.0518761419510093,11.145249765806032,0.023846703768737,0.0887416250942228,-0.939544645128466,435421000.0,301128000.0,-12085000.0,2112931000.0,150222000.0,26188500.0,119612000.0,51.10236337438168,28.13623882689723,128.14418414441784,1.7611709920468814,3.1987217820301987,0.7023338640056459,0.047090478822412,0.0646654795217502,2022-02-01,0.45,bmo,266439221.0,2025-04-25,2021-12-31,0.0444444444444443,93.71758064516128,1042656.129032258
2021-09-30,TECH,USD,842023,2021-11-08,2021-11-08 16:32:05,2022,Q1,257719000.0,86722000.0,170997000.0,0.6635017209,21600000,0.0,0.0,86175000.0,4161000.0,107775000.0,194497000.0,193000.0,3409000.0,24734000.0,87175000.0,0.3382560075,63222000.0,0.2453136944,4161000.0,67383000.0,0.2614591862,-1598000.0,69615000.0,0.2701197816,0.45,0.42,156376000,164632000,https://www.sec.gov/Archives/edgar/data/842023/000143774921025721/0001437749-21-025721-index.htm,https://www.sec.gov/Archives/edgar/data/842023/000143774921025721/tech20210930_10q.htm,1.6480725942599888,0.4451770092597329,0.3097278354734742,0.2709111372589144,1.503178237069627,10.532018979894612,1.346977797104415,10.532018979894612,2.434465646902338,18943388640.0,19124350640.0,68.02911958629605,73.50404370651756,391.1175752570508,447.1576961571145,11.50206814393836,11.50206814393836,74.20621157151781,219.37884301692,394.8538349093612,451.4292946841658,0.0036748968900423,0.0022363475091539,0.2290791187373061,0.1661902741932713,2.075847433323774,4.058063167950325,18.545614549721325,0.7021353706092982,0.0006594912999683,0.1794584500466853,0.0,0.0838122140781238,0.632687967995588,0.1253251847875459,0.0235527842339912,0.245411174900946,0.0455418498442101,10.27101679465403,0.0297884707966231,0.0834845365028235,-1.3993643525860746,409756000.0,210635000.0,-79484000.0,2124606000.0,146466500.0,27502500.0,117057000.0,51.52635234499591,26.589446737851983,121.80231083231476,1.7466790468186624,3.384801529994926,0.7389022374452567,0.0422689144512145,0.0388166982145597,2021-11-02,0.43,bmo,252800000.0,2025-04-25,2021-09-30,0.0697674418604651,103.1717741935484,1080003.0322580645
2021-06-30,TECH,USD,842023,2021-08-25,2021-08-25 16:46:35,2021,Q4,259028000.0,83083000.0,175945000.0,0.6792508918,20722000,0.0,0.0,86641000.0,-61469000.0,107363000.0,190446000.0,167000.0,3291000.0,24672000.0,38948000.0,0.150362123,68582000.0,0.2647667434,-61469000.0,7113000.0,0.0274603518,-7531000.0,14960000.0,0.057754374,0.0961,0.0913,155628000,163800000,https://www.sec.gov/Archives/edgar/data/842023/000143774921020980/0001437749-21-020980-index.htm,https://www.sec.gov/Archives/edgar/data/842023/000143774921020980/tech20200630b_10k.htm,1.6644048628781454,0.0961266610121572,0.7840491428277688,0.7113372914899633,1.4878685069524764,10.09608810753849,0.7209435320122343,10.09608810753849,2.7234495078006526,17519043960.0,17740506960.0,292.7647720588235,67.63378461015797,143.57518406818554,158.2512281399046,11.149863075773562,11.149863075773562,68.48876167827416,455.4921166683784,145.39015702343875,160.25172496025436,0.0008539278760962,0.0063190662831124,0.267658413705406,0.1858426828260546,5.686119954811543,3.352985211841034,20.839258584017017,8.332422835290904,0.0007105410562597,0.8320855614973262,0.0,0.0799990734592399,0.6447471162730887,0.0927388952630716,0.0436863968374075,0.4586575875486381,0.0378646323949534,4.672935146019046,0.0657826025662406,0.0186087705026109,-1.8811283959184724,358322000.0,112199000.0,-181117000.0,2099098000.0,151587500.0,27613000.0,113369000.0,50.514423151165126,31.83033833636243,126.46774911835152,1.7816693606630671,2.827491151647155,0.7116438825504505,0.0095211788950595,0.0727118513378055,2021-08-05,0.42,bmo,259028000.0,2025-04-25,2021-06-30,0.119047619047619,122.5890625,680588.125
2021-03-31,TECH,USD,842023,2021-05-07,2021-05-07 16:32:03,2021,Q3,243552000.0,75278000.0,168274000.0,0.6909161083,17052000,0.0,0.0,82596000.0,-23272000.0,99648000.0,174926000.0,114000.0,2660000.0,21103000.0,91528000.0,0.3758047563,68626000.0,0.2817714492,-23272000.0,45354000.0,0.1862189594,-48000.0,45782000.0,0.1879762843,0.29,0.28,155424000,162704000,https://www.sec.gov/Archives/edgar/data/842023/000143774921011348/0001437749-21-011348-index.htm,https://www.sec.gov/Archives/edgar/data/842023/000143774921011348/tech20210331_10q.htm,1.5670166769610872,0.2945619724109533,0.4816887996705785,0.4134753963351863,1.7773574222771258,9.959478587605515,2.0093679225859584,9.959478587605515,1.9000990837965823,14839883520.0,14946408520.0,81.03557904853436,60.93106819077651,198.21926535409932,230.9206323913855,9.586847259135034,9.586847259135034,61.36844911969518,163.29875579057776,199.64214089172657,232.578247852608,0.0030850646461138,0.0043304922113027,0.1890645773549654,0.1403890931872235,1.1638514989948432,4.116579482708515,25.799248120300756,1.6489218774089818,0.0008386858281755,0.2718535669040234,0.0,0.0700137958218368,0.5927339082681823,0.1416130152539203,0.0435307449743791,0.5023930246884329,0.0436990868479831,8.124523511035529,0.0346904958834764,0.0539243631360982,-0.5605215410747375,428966000.0,312304000.0,29906000.0,1935409000.0,143016500.0,25047000.0,108290000.0,58.30828734726054,30.895879274157124,131.50057121602592,1.5435198681792257,2.9130098289606066,0.6844076734248568,0.0295760435468512,0.0682134033353922,2021-05-06,0.38,bmo,228220000.0,2025-04-25,2021-03-31,0.1842105263157895,121.7025,1365107.5625
2020-12-31,TECH,USD,842023,2021-02-08,2021-02-08 06:31:19,2021,Q2,224253000.0,73353000.0,150900000.0,0.672900697,16789000,0.0,0.0,83116000.0,5373000.0,99905000.0,173258000.0,78000.0,3585000.0,20884000.0,76323000.0,0.340343273,50995000.0,0.2273994105,5373000.0,56368000.0,0.2513589562,10224000.0,46274000.0,0.2063472952,0.3,0.29,154764000,161028000,https://www.sec.gov/Archives/edgar/data/842023/000143774921002157/0001437749-21-002157-index.htm,https://www.sec.gov/Archives/edgar/data/842023/000143774921002157/tech20201231_10q.htm,1.4489997673877646,0.2989971828073712,0.5768072678400662,0.5028559613346774,1.8282804786642888,9.891538083792096,1.80930965857693,9.891538083792096,1.994675764389651,12286713960.0,12426306960.0,66.38022409992654,54.78951880242405,137.63696199128475,157.87821186266447,8.026052099024467,8.026052099024467,55.411998769247234,162.81208757517393,139.20069632235155,159.67191303453947,0.0037661819222492,0.0063339962379982,0.1993129325200182,0.1475525977021722,1.828976848394324,4.609528102885139,14.224546722454672,1.9346163014975184,0.001008569096696,0.2677961706357782,0.0,0.0748663340066799,0.6048931603885358,0.1282080005377006,0.0510361065403807,0.5480271978548171,0.0694661832840586,8.157493209646413,0.0210557292748139,0.0566369818415036,-0.6757563128376108,424365000.0,280016000.0,4921000.0,1938959000.0,125439000.0,25721000.0,106296500.0,51.46807400569893,29.755838207026297,130.77992720134145,1.7486568467674648,3.024616526472044,0.6881790036588799,0.0302275723223769,0.0739513065053888,2021-02-02,0.34,bmo,206480000.0,2025-04-25,2020-12-31,0.2058823529411763,105.2568253968254,1036718.1587301588
2020-09-30,TECH,USD,842023,2020-11-09,2020-11-09 06:31:39,2021,Q1,204199000.0,66468000.0,137731000.0,0.6744939985,16041000,0.0,0.0,72598000.0,-9753000.0,88639000.0,155107000.0,114000.0,4416000.0,21088000.0,70316000.0,0.3443503641,49092000.0,0.2404125387,-9753000.0,39339000.0,0.1926503068,5944000.0,33395000.0,0.1635414473,0.22,0.21,154144000,160100000,https://www.sec.gov/Archives/edgar/data/842023/000143774920023069/0001437749-20-023069-index.htm,https://www.sec.gov/Archives/edgar/data/842023/000143774920023069/tech20200930_10q.htm,1.3247288249948102,0.2166480693377621,0.4282294477890803,0.3572698256176043,1.864425472285655,9.337275534565082,1.2978643346481211,9.337275534565082,2.6173188706663897,9546137920.0,9775761920.0,71.46382632130559,46.7491903486305,144.6187325970701,173.34237475259212,6.632555692583471,6.632555692583471,47.873701242415486,139.02613800557484,148.0974097471557,177.5119739972036,0.0034982733624699,0.0057689298501147,0.2772404353550547,0.1943542825079782,3.2656010011946077,5.14012938230384,11.116847826086955,1.976613265458901,0.0012922503428485,0.3693966162599191,0.0,0.0785557226039304,0.6035894083861642,0.1657046766350043,0.0535653945415991,0.5186836115326252,0.0634332195554336,6.746503623534232,0.0210523096369816,0.0410324020204725,-1.1771022550342536,436469000.0,200058000.0,-71918000.0,1937391000.0,122584500.0,25140000.0,104577500.0,54.050950298483336,36.81621231269182,143.53177468857194,1.6650956089207811,2.444575211474807,0.6270388573908285,0.0232024929044629,0.070959622171476,2020-11-05,0.29,bmo,155648188.0,2025-04-25,2020-09-30,0.2413793103448276,91.23016393442624,806522.6885245901
2020-06-30,TECH,USD,842023,2020-08-26,2020-08-26 16:36:54,2020,Q4,175834000.0,62520000.0,113314000.0,0.6444373671,16779000,37524000.0,19700000.0,57224000.0,22216000.0,74003000.0,136523000.0,119000.0,4617000.0,20991000.0,84734000.0,0.481897699,39311000.0,0.2235688206,22215000.0,61527000.0,0.349915261,2680000.0,58847000.0,0.3346736126,0.38,0.37,153216000,158800000,https://www.sec.gov/Archives/edgar/data/842023/000143774920018754/0001437749-20-018754-index.htm,https://www.sec.gov/Archives/edgar/data/842023/000143774920018754/tech20200630_10k.htm,1.147621658312448,0.384078686299081,0.2923389202172097,0.1789499791144528,1.768046418128655,9.01467209690894,0.8898483187134503,9.01467209690894,2.859642596073517,10115320320.0,10402221320.0,42.97296514690638,57.52766996144091,225.8337683909714,368.92991173681526,7.323616354569097,7.323616354569097,59.15932823003514,122.7632511152548,232.23909535397732,379.3938770150996,0.0058176111223732,0.0027105419435694,0.3138781574176508,0.2138135489983423,3.3859017631647275,4.8835639554505565,8.51440329218107,0.7611691732517631,0.0012118251930948,0.2083028871480279,0.213405825949475,0.0954252306152393,0.613957266487439,0.3878680985019312,0.098803416859083,0.8276404173217093,0.0342197754700456,8.826252141704867,0.0192567786646441,0.0751811594202898,-1.5143816572681703,414252000.0,136339000.0,-125477000.0,1907399000.0,119993000.0,21412500.0,101412500.0,62.718586848959816,33.23896353166987,148.49136276391556,1.434981311309514,2.707665656128194,0.6060958585388553,0.0426059519603357,0.1133889411027569,2020-08-04,0.19,bmo,131875500.0,2025-04-25,2020-06-30,0.3157894736842105,72.418125,644838.3125
2020-03-31,TECH,USD,842023,2020-05-11,2020-05-11 06:35:01,2020,Q3,194680000.0,64617000.0,130063000.0,0.66808609,15954000,66318000.0,0.0,66318000.0,-970000.0,82272000.0,146889000.0,144000.0,4486000.0,21108000.0,68577000.0,0.3522549825,47791000.0,0.2454848983,-970000.0,46821000.0,0.2405023629,10389000.0,36432000.0,0.1871378673,0.24,0.23,153212000,157740000,https://www.sec.gov/Archives/edgar/data/842023/000143774920010135/0001437749-20-010135-index.htm,https://www.sec.gov/Archives/edgar/data/842023/000143774920010135/tech20200331_10q.htm,1.270657650836749,0.2377881628070908,0.322879408923583,0.2622966869435814,1.7040962848863013,8.427982142390935,0.2291204344307234,8.427982142390935,3.2854410881654177,7263780919.999999,7606447919.999999,49.84478562801932,37.31138750770495,146.83500616547735,180.7495189986811,5.625308549425836,5.625308549425836,39.07154263406616,110.91835338378756,153.761909882957,189.276331151865,0.0050155697702402,0.0055325181806281,0.3863512454424643,0.2495635365693824,4.99682109161964,4.685697956850979,10.653366027641551,1.357807482227651,0.0016904419523709,0.3370388669301712,0.3406513252516951,0.0819498664475036,0.6283892823590735,0.1876326588368473,0.047678241216355,0.4397384877771461,0.0403482638175467,6.715033415458739,0.019311532107188,0.0490430203349765,-2.015119572879409,386943000.0,35104000.0,-215826000.0,1881870000.0,114602500.0,19413500.0,97512000.0,54.297719334292175,27.48734853057245,138.82677933051676,1.6575281817253005,3.274233595135546,0.6482899079991572,0.0282141275087743,0.0605827219800015,2020-04-30,0.28,bmo,161066187.0,2025-04-25,2020-03-31,0.2499999999999998,65.0521875,656931.6875
2019-12-31,TECH,USD,842023,2020-02-06,2020-02-06 16:31:40,2020,Q2,184934000.0,63531000.0,121403000.0,0.6564666313,16381000,68030000.0,0.0,68030000.0,113334000.0,84411000.0,147942000.0,0.0,0.0,20553000.0,56664000.0,0.3064012026,36992000.0,0.2000281181,113334000.0,150326000.0,0.8128629673,30704000.0,119622000.0,0.6468361686,0.78,0.76,152668000,158200000,https://www.sec.gov/Archives/edgar/data/842023/000143774920001901/0001437749-20-001901-index.htm,https://www.sec.gov/Archives/edgar/data/842023/000143774920001901/tech20191231_10q.htm,1.211347499148479,0.7835433751670291,0.4612492467314696,0.3658526999764194,1.5979118086304922,8.668142636308854,0.2580435978725077,8.668142636308854,3.039556423088008,8378419840.0,8732169840.0,17.51019845847754,45.304918727762335,118.98122411883324,150.0057263580048,6.331229457406517,6.331229457406517,47.21776331015389,154.10436679373146,124.00479763696782,156.33920292190354,0.0142773938623729,0.0066664121715819,0.3506583302351309,0.2322055228768799,6.242940844275025,4.431259706725868,0.0,0.5886808226049156,0.0014556444094355,0.1019544899767601,0.3678609666151167,0.0885775465841867,0.6424856698933905,0.2068221193444857,0.0787524197821925,0.7086070160073955,0.0547708912368736,12.361916481592166,0.0152935616008421,0.1674294784047297,-1.9626034925459168,360121000.0,39395000.0,-209993000.0,1884211000.0,117238500.0,16599000.0,93103000.0,54.38572679983129,27.046323841903952,135.07720640317325,1.6548459549184362,3.3276241357636707,0.6662856183993875,0.0903934565964508,0.0953965467550501,2020-02-04,0.29,bmo,193495759.0,2025-04-25,2019-12-31,-0.0689655172413791,59.88587301587302,1118621.650793651
2019-09-30,TECH,USD,842023,2019-11-06,2019-11-06 16:41:35,2020,Q1,183243000.0,64829000.0,118414000.0,0.6462129522,16077000,69010000.0,0.0,69010000.0,-15521000.0,85087000.0,149916000.0,111000.0,5222000.0,20085000.0,54112000.0,0.2953018669,33327000.0,0.1818732503,-15521000.0,17806000.0,0.0971715154,3408000.0,14398000.0,0.0785732606,0.0946,0.0917,152128000,157012000,https://www.sec.gov/Archives/edgar/data/842023/000143774919021764/0001437749-19-021764-index.htm,https://www.sec.gov/Archives/edgar/data/842023/000143774919021764/tech20190930_10q.htm,1.2045317101388304,0.0946439840134623,0.2664795435422802,0.1972943836769036,1.0413007467395876,7.718657972233908,-0.785693626419857,7.718657972233908,3.7692469499368952,7442101760.0,7910396760.0,129.22110293096264,40.61329360466703,183.57881940847085,247.95434663823548,6.337889329463544,6.337889329463544,43.16888917994139,146.18562906564162,195.13053504033152,263.55689878056904,0.0019346685203078,0.0040330004839923,0.4838821212988322,0.295157265244973,8.65418021880544,4.440397426020755,6.382037533512064,2.8155993888040007,0.0016351563566902,0.8451868315043756,0.3766037447542334,0.0877359571716245,0.6720681465412451,0.2596265324749007,0.0574373918785437,0.5240229026636793,0.045655222846166,4.054232626393498,0.014428005558683,0.0228077012029565,-2.990392958561212,303677000.0,-119526000.0,-358859000.0,1831172000.0,130095000.0,15158000.0,90952500.0,60.27602691507998,19.58290271329189,126.13105246108994,1.493130927935856,4.595845739401673,0.7135435584172583,0.0122617149709084,0.0691851598653765,2019-10-29,0.27,bmo,181514292.0,2025-04-25,2019-09-30,0.0,50.023387096774194,870552.0
2019-06-30,TECH,USD,842023,2019-08-28,2019-08-28 16:16:47,2019,Q4,191664000.0,63405000.0,128259000.0,0.6691867017,16259000,41245000.0,27492000.0,68737000.0,-20478000.0,84996000.0,148401000.0,270000.0,5595000.0,19919000.0,48299000.0,0.2519982887,43263000.0,0.2257231405,-20479000.0,22785000.0,0.1188799149,6326000.0,16459000.0,0.0858742383,0.11,0.11,151524000,156540000,https://www.sec.gov/Archives/edgar/data/842023/000143774919017565/0001437749-19-017565-index.htm,https://www.sec.gov/Archives/edgar/data/842023/000143774919017565/tech20190630_10k.htm,1.2649085293418865,0.1086230564135054,0.3692220374330139,0.2920593437343259,1.095753807977614,7.692438161611362,-0.9668897336395554,7.692438161611362,3.370786146089068,7927735680.0,8332009680.0,120.4164238410596,41.36267468069121,141.70335108854968,179.1416748768473,6.801484639954564,6.801484639954564,43.47195967943902,172.50894801134598,148.92949772995388,188.27698467935105,0.0020761287540807,0.0055821740010383,0.4333946185147594,0.2680732961510499,8.370235408600593,4.045761631612492,7.732439678284182,3.398906439854192,0.0015296927760336,0.7368005346618871,0.2151942983554554,0.0848307454712413,0.6962900854909494,0.2089872376934901,0.0610025878620919,0.5869772578944726,0.042412764003673,4.335950097578101,0.0174110409659052,0.0287586884123051,-2.667323328317626,310622000.0,-146507000.0,-306214000.0,1776757000.0,135696500.0,15554000.0,92444500.0,64.55015026296019,23.009226401703337,129.2405961674947,1.3942647636506482,3.911474398519432,0.6963756177924217,0.0141207578314483,0.077162693698688,2019-08-06,0.33,bmo,203931560.0,2025-04-25,2019-06-30,-0.0606060606060606,52.4653125,500974.25
2019-03-31,TECH,USD,842023,2019-05-07,2019-05-07 06:32:00,2019,Q3,184861000.0,60251000.0,124610000.0,0.674074034,15552000,64968000.0,0.0,64968000.0,5787000.0,80520000.0,140771000.0,84000.0,5113000.0,19322000.0,74312000.0,0.4019885211,44090000.0,0.2385035243,5787000.0,49877000.0,0.2698081261,5223000.0,44654000.0,0.2415544652,0.3,0.29,151088000,155444000,https://www.sec.gov/Archives/edgar/data/842023/000143774919008875/0001437749-19-008875-index.htm,https://www.sec.gov/Archives/edgar/data/842023/000143774919008875/tech20190331_10q.htm,1.2235319813618553,0.2955496134702954,0.2625092661230541,0.2299123689505453,1.1833501006036218,7.586744149105157,-1.009239648416817,7.586744149105157,3.4905353171661546,7551378240.0,7978082240.0,42.27716576342544,40.84895267254856,190.3932792093187,217.3871733310303,6.587806181113284,6.587806181113284,43.15719508171004,107.35927225750888,201.1517886137865,229.6710205256643,0.0059133576124508,0.0046000874139764,0.4556228658967465,0.2788956423573842,5.74206050166864,4.318673697308434,8.623117543516527,0.8882071035069646,0.0016005025328992,0.2706588435526492,0.3514424351269332,0.0841280746074077,0.693547749727921,0.1241742726034995,0.026641638852976,0.2548907980540317,0.0309692147072665,7.102875070507452,0.022088098783945,0.0778123192092955,-2.648769260298634,325386000.0,-152484000.0,-302919000.0,1769455000.0,123605000.0,15455500.0,92372000.0,65.20266578672624,22.253904499510384,140.17211332591992,1.3803116623235046,4.044234125385958,0.6420677969714085,0.0389560538304372,0.0325968971725087,2019-04-30,0.29,bmo,174166561.0,2025-04-25,2019-03-31,0.0344827586206896,50.14234375,671901.9375
2018-12-31,TECH,USD,842023,2019-02-07,2019-02-07 16:32:54,2019,Q2,174510000.0,61492000.0,113018000.0,0.6476305083,15812000,63603000.0,0.0,63603000.0,-11836000.0,79415000.0,140907000.0,114000.0,5759000.0,19878000.0,53481000.0,0.306463813,33603000.0,0.1925563005,-11836000.0,21767000.0,0.124732107,4211000.0,17556000.0,0.1006016847,0.12,0.11,151064000,154992000,https://www.sec.gov/Archives/edgar/data/842023/000143774919002066/0001437749-19-002066-index.htm,https://www.sec.gov/Archives/edgar/data/842023/000143774919002066/tech20181231_10q.htm,1.15520574061325,0.1162156437006831,0.3082335963565111,0.2777564475983689,1.0362031986442832,7.258016469840597,-1.444440766827305,7.258016469840597,3.648308001906477,5465495520.0,5924978520.0,77.82945317840054,31.319096441464676,117.37850911668062,130.25800233561333,4.984832998153089,4.984832998153089,33.9520859549596,110.78660683233298,127.24649442690549,141.20876379322672,0.003212151567183,0.0076770715201318,0.4974065713569099,0.2956198721618012,8.591518483199641,4.345479915820294,5.83486716443827,2.6524067217317,0.0022111444343476,0.6883686488949646,0.3644662197008767,0.0906079880809122,0.7126003885448647,0.098876790584799,0.0263824422669188,0.2316128383137136,0.0393157985215746,4.356447952258286,0.0153128601997373,0.0331117833890351,-3.054726804533178,292502000.0,-218203000.0,-368473000.0,1752392000.0,114018000.0,17136000.0,90911500.0,58.42341413099536,23.436707213946526,133.049014505952,1.5404782712322238,3.8401298944607514,0.6764424399097959,0.0160120391271632,0.0304771487581422,2019-02-05,0.25,bmo,161339433.0,2025-04-25,2018-12-31,0.08,50.38920634920635,619646.2222222222
2018-09-30,TECH,USD,842023,2018-11-07,2018-11-07 08:03:18,2019,Q1,162970000.0,55367000.0,107603000.0,0.660262625,14789000,67051000.0,0.0,67051000.0,-8177000.0,81840000.0,137207000.0,102000.0,5239000.0,19052000.0,48181000.0,0.2956433699,25763000.0,0.15808431,-8177000.0,17586000.0,0.1079094312,183000.0,17403000.0,0.1067865251,0.12,0.11,150788000,155252000,https://www.sec.gov/Archives/edgar/data/842023/000143774918019736/0001437749-18-019736-index.htm,https://www.sec.gov/Archives/edgar/data/842023/000143774918019736/tech20180930_10q.htm,1.0807889221954,0.1154136933973525,0.2616123298936255,0.2338249728095074,1.085769424622649,7.357806987293419,-1.5121030851261374,7.357806987293419,3.758336207125235,7682648600.0,8149447600.0,110.3638539332299,47.14148984475671,194.75381768403977,217.89802597991945,6.924617632398923,6.924617632398923,50.00581456709824,169.14235071916315,206.58709186777529,231.1375460888309,0.0022652344140795,0.0045893027047989,0.506073626212179,0.2999004378810361,9.688445652850708,4.591356870640684,4.917541515556404,2.2667356202953517,0.0015705521140196,0.6933287364247543,0.4114315518193532,0.0907467632079523,0.7143881149322882,0.1062157777327114,0.025710253420875,0.2199244173840016,0.0709639811008161,4.371134039747417,0.0142231494771766,0.0325458836554321,-3.1002748892484813,299670000.0,-228007000.0,-379617000.0,1783657000.0,117524500.0,18355500.0,88283000.0,63.372215745229184,29.680314989072915,147.78875503458738,1.4201807360156162,3.032312832028041,0.6089773202226182,0.015685882165252,0.0277873570841181,2018-10-30,0.24,bmo,158010204.0,2025-04-25,2018-09-30,0.0416666666666667,45.00311475409836,822529.3770491803
2018-06-30,TECH,USD,842023,2018-08-27,2018-08-27 16:47:54,2018,Q4,180254000.0,58074000.0,122180000.0,0.6778212966,13979000,65287000.0,0.0,65287000.0,13357000.0,79266000.0,137340000.0,102000.0,3053000.0,17152000.0,76476000.0,0.4242679774,42914000.0,0.2380751606,13356000.0,56271000.0,0.3121761514,15370000.0,40901000.0,0.226907586,0.27,0.27,150340000,153388000,https://www.sec.gov/Archives/edgar/data/842023/000143774918016190/0001437749-18-016190-index.htm,https://www.sec.gov/Archives/edgar/data/842023/000143774918016190/tech20180630_10k.htm,1.1989756551815884,0.2720566715444991,0.4312824264999335,0.3925834774511108,1.2089530397765065,7.17802979912199,0.2322934681388851,7.17802979912199,2.2751962218970334,5561076600.0,5778086600.0,33.99107968020342,30.85133533791205,85.76746402628048,94.22199894952644,5.153224636170302,5.153224636170302,32.0552475950603,75.55424708405252,89.1143694381468,97.89882584164958,0.0073548708176398,0.0106132326967048,0.3141375811406252,0.2127790449673048,2.837622260578482,5.0624729952980045,14.056338028169014,1.5548547996450923,0.0021636098305137,0.2941737365834576,0.3621944589301763,0.0775516770779011,0.6554234805128288,0.0897299464828267,0.0322766762457421,0.3392024253731343,0.0812908451407458,6.628626942770129,0.0205956532457685,0.0745036249043681,-1.325375814819742,319676000.0,34923000.0,-115691000.0,1509246000.0,115027500.0,16491000.0,87117000.0,60.06324408889678,28.59592933154252,132.73272032234735,1.4984205626122231,3.147301105571212,0.6780543620399776,0.0379013014933118,0.0386989490488226,2018-08-07,0.32,bmo,173572388.0,2025-04-25,2018-06-30,0.0625,41.76904761904762,1017258.6666666666
2018-03-31,TECH,USD,842023,2018-05-09,2018-05-09 16:31:36,2018,Q3,163973000.0,53712000.0,110261000.0,0.6724338763,13892000,53285000.0,0.0,53285000.0,-18102000.0,67177000.0,120889000.0,162000.0,2560000.0,16273000.0,62100000.0,0.378720887,43084000.0,0.2627505748,-18102000.0,24982000.0,0.152354351,5244000.0,19738000.0,0.1203734761,0.13,0.13,150012000,152568000,https://www.sec.gov/Archives/edgar/data/842023/000143774918009213/0001437749-18-009213-index.htm,https://www.sec.gov/Archives/edgar/data/842023/000143774918009213/tech20180331_10q.htm,1.0930658880622883,0.1315761405754206,0.1443217875903261,0.12093699170733,1.176132576060582,7.05471562275018,0.0255379569634429,7.05471562275018,2.633522651521212,5664453120.0,5970345120.0,71.74553044888033,34.54503558512682,261.63755750577366,312.22870245838385,5.352448209000918,5.352448209000918,36.41053783244803,96.1408231884058,275.7665182448037,329.0896880167567,0.003484537621171,0.0032027805007237,0.370880626518957,0.2425609492321478,4.925797101449275,5.529137594586627,16.8296875,1.0968134150666191,0.0021175918920836,0.6077110142871618,0.3249620364328273,0.0847212650863251,0.651646015511541,0.1620323325635104,0.0213937660468491,0.2155718060591163,0.0289559866563397,4.570035637302882,0.0220051525747653,0.0350157622376878,-1.7119413780230914,322615000.0,3831000.0,-166012000.0,1519855000.0,104128500.0,12924000.0,78433000.0,60.24351570075561,24.346514745308312,148.43498659517425,1.4939367158957353,3.696627666896077,0.6063260560359425,0.0186508071496335,0.023384795882996,2018-05-02,0.29,bmo,154512396.0,2025-04-25,2018-03-31,0.0344827586206896,44.29365079365079,827591.4920634921
2017-12-31,TECH,USD,842023,2018-02-08,2018-02-08 08:01:17,2018,Q2,154153000.0,52319000.0,101834000.0,0.6606034265,13911000,63775000.0,0.0,63775000.0,-2417000.0,77686000.0,130005000.0,68000.0,2331000.0,15615000.0,53177000.0,0.3449624723,24148000.0,0.1566495624,-2417000.0,21731000.0,0.1409703347,-27116000.0,48847000.0,0.3168734958,0.33,0.32,149796000,151704000,https://www.sec.gov/Archives/edgar/data/842023/000143774918001995/0001437749-18-001995-index.htm,https://www.sec.gov/Archives/edgar/data/842023/000143774918001995/tech20171231_10q.htm,1.029086223931213,0.3260901492696734,0.2615690672648135,0.2192782183769927,1.0840409623754974,6.661185879462736,-0.1978824534700526,6.661185879462736,2.4355189724692248,4851892440.0,5092934440.0,24.83209020001228,31.474524920046967,123.82962686948088,147.71188967028954,4.862497547150335,4.862497547150335,33.038179211562536,95.77325610696354,129.98148231330714,155.05021584924043,0.0100676180694558,0.0067699357325406,0.3632923405948373,0.2330557237842849,4.532824341350584,3.098935341469748,10.35950235950236,0.802137285810797,0.0024707884909336,0.2454193706880668,0.4137123507164959,0.0902415133017197,0.6605673572831039,0.1616813843091215,0.0410955349555311,0.4056996477745757,0.0327207384870875,6.990944835950896,0.0375966768830833,0.0925200914461484,-1.9173042003791825,234407000.0,-29642000.0,-211517000.0,1400329000.0,102911500.0,13200000.0,67406000.0,57.50663302044074,19.469408818975896,117.45637340163228,1.5650368535401733,4.622636508216999,0.7662419449326303,0.0489537681683752,0.0422908488878207,2018-02-06,0.23,bmo,139082352.0,2025-04-25,2017-12-31,0.1304347826086956,38.18484375,738481.3125
2017-09-30,TECH,USD,842023,2017-11-09,2017-11-09 16:17:07,2018,Q1,144613000.0,46745000.0,97868000.0,0.6767579678,13548000,58289000.0,0.0,58289000.0,-3064000.0,71837000.0,118582000.0,76000.0,2243000.0,15423000.0,51305000.0,0.354774467,26031000.0,0.1800045639,-3064000.0,22967000.0,0.1588169805,7104000.0,15863000.0,0.1096927662,0.11,0.11,149504000,150820000,https://www.sec.gov/Archives/edgar/data/842023/000143774917018898/0001437749-17-018898-index.htm,https://www.sec.gov/Archives/edgar/data/842023/000143774917018898/tech20170930_10q.htm,0.96728515625,0.1061041845034246,0.2989619006849315,0.2636919413527397,0.820881046660959,6.41996200770548,-0.5283738227739726,6.41996200770548,2.2724676262842465,4518010880.0,4783046880.0,71.20360083212508,31.24207975769813,101.0831143726508,114.6034264261979,4.707192965274377,4.707192965274377,33.074805722860326,93.22769476659197,107.01286200107393,121.32630393425158,0.0035110583885977,0.0087257425993626,0.3516320938519082,0.2209666225824614,5.165890264106812,2.8698040754547747,11.605439144003569,2.8176259219567545,0.0026467399742074,0.7538296665195738,0.4030688803911128,0.0936845235213984,0.6801215152745224,0.1179747628423125,0.0364628352914329,0.3418919795111197,0.0262424539979116,3.914927681431366,0.0126583423206817,0.0324678248624574,-2.214557804473459,200127000.0,-78994000.0,-260412000.0,1375777000.0,112077500.0,15969000.0,63341500.0,66.79378755713526,29.037971975612365,128.09669483367205,1.347430701141393,3.099390001326084,0.7025942403655384,0.016527229347475,0.0352699593321917,2017-10-31,0.22,bmo,141386666.0,2025-04-25,2017-09-30,0.0454545454545455,35.333606557377045,733429.0491803279
2017-06-30,TECH,USD,842023,2017-09-07,2017-09-07 17:06:02,2017,Q4,156578000.0,54207000.0,102371000.0,0.653801939,13697000,3301000.0,43898000.0,47199000.0,-2359000.0,60896000.0,115103000.0,93000.0,2160000.0,14748000.0,56024000.0,0.357802501,41475000.0,0.2648839556,-3627000.0,39048000.0,0.2493836938,10238000.0,28810000.0,0.1839977519,0.19,0.19,149376000,150184000,https://www.sec.gov/Archives/edgar/data/842023/000143774917015711/0001437749-17-015711-index.htm,https://www.sec.gov/Archives/edgar/data/842023/000143774917015711/tech20170630_10k.htm,1.0482139031705229,0.192869001713796,0.3402621572407883,0.3009787382176521,1.0558188731790916,6.365326424592974,-0.5452080655526992,6.365326424592974,2.3568913346186804,4388666880.0,4646957880.0,38.08284345713294,28.028630331208728,86.34518818738071,97.61486865811072,4.615631318841388,4.615631318841388,29.67822989181111,82.94584249607311,91.42695575186416,103.35990302275408,0.0065646358650032,0.0102443409876668,0.3679985949073806,0.2247790612294455,4.610363415678995,2.5507476580277197,19.20138888888889,1.583296990841692,0.0026228921708452,0.3995487677889621,0.0210821443625541,0.0874771679290832,0.6631330167995051,0.115450449564208,0.0374765292697569,0.3978844589096826,0.0217910562147939,5.255727204165767,0.0215300986118222,0.054940549405494,-2.21196176092545,209903000.0,-81441000.0,-260567000.0,1377295000.0,117582500.0,14445000.0,61959000.0,67.15311218689726,27.98605346173003,99.86883612817532,1.3402208336899768,3.215887517797817,0.9011820252364882,0.0302999388952985,0.0392834190231362,2017-08-08,0.25,bmo,142233027.0,2025-04-25,2017-06-30,0.08,31.773333333333333,594447.8095238095
2017-03-31,TECH,USD,842023,2017-05-10,2017-05-10 16:41:42,2017,Q3,144037000.0,49854000.0,94183000.0,0.6538806001,13771000,48107000.0,0.0,48107000.0,-2275000.0,61878000.0,111732000.0,73000.0,2022000.0,16038000.0,54170000.0,0.3760839229,32305000.0,0.2242826496,-3472000.0,30030000.0,0.2084880968,8641000.0,21389000.0,0.1484965669,0.14,0.14,149280000,149976000,https://www.sec.gov/Archives/edgar/data/842023/000143774917008654/0001437749-17-008654-index.htm,https://www.sec.gov/Archives/edgar/data/842023/000143774917008654/tech20170331_10q.htm,0.9648780814576634,0.1432810825294748,0.1670618971061093,0.1401594319399785,0.7611200428724545,6.08202706323687,-0.9680198285101822,6.08202706323687,2.413163183279743,3793204800.0,4091579800.0,44.33592968348217,26.334933385171865,152.09931432695777,181.29354299096687,4.177883415480354,4.177883415480354,28.406449731666168,75.53220971017168,164.06350695697503,195.55416527266644,0.0056387675139502,0.0055159162510814,0.3945425007572211,0.2336035987272984,5.5081225770721804,2.152194092827004,15.97675568743818,1.1659731637757726,0.003148524962322,0.5583711253448034,0.3339905718669508,0.0956073786596499,0.6863243276026114,0.1610329203255944,0.0278817248345911,0.2504052874423245,0.027590133090803,4.4280229206575,0.0163673577192056,0.0444677754677754,-2.6209220927116825,163842000.0,-144506000.0,-319464000.0,1348419000.0,111351500.0,12471000.0,64928000.0,73.94037643105591,21.72463593693585,115.11674088337946,1.2171969408881564,4.142762173840785,0.7818150453996582,0.0235581132802819,0.0269024651661307,2017-05-02,0.23,bmo,138061855.0,2025-04-25,2017-03-31,0.0434782608695651,29.674920634920635,585264.5079365079
2016-12-31,TECH,USD,842023,2017-02-09,2017-02-09 14:01:19,2017,Q2,131807000.0,46725000.0,85082000.0,0.6455044118,13281000,55655000.0,0.0,55655000.0,-2607000.0,68936000.0,115661000.0,89000.0,1835000.0,15606000.0,46332000.0,0.351513956,16146000.0,0.1224972877,-4342000.0,13539000.0,0.1027183685,7226000.0,6313000.0,0.047895787,0.0423,0.0421,149232000,149912000,https://www.sec.gov/Archives/edgar/data/842023/000143774917002015/0001437749-17-002015-index.htm,https://www.sec.gov/Archives/edgar/data/842023/000143774917002015/tech20161231_10q.htm,0.8832354990886673,0.042303259354562,0.2789616168114077,0.2598437332475608,0.7739291840892034,5.96770799828455,-1.0768467888924629,5.96770799828455,2.339236892891605,3836754720.0,4125072720.0,151.93864723586253,29.10888435363827,92.16321691088156,98.9440833483766,4.3081866618458005,4.3081866618458005,31.29630990766803,89.03290857290857,99.08894355032427,106.37936715063051,0.0016454009861751,0.0101067185238257,0.3899219940420381,0.2284528214996463,6.2228697228697225,2.444243139471104,8.79891008174387,6.593284764016471,0.0031117443963162,1.8911769364802788,0.4222461629503744,0.1007609611022176,0.6916155984276574,0.0685323084314196,0.0216452843930898,0.1828143021914648,0.030870894565539,2.3833177992210404,0.0053649475554116,0.0134676758712496,-2.6980573871555698,173780000.0,-160700000.0,-335346000.0,1357005000.0,107090500.0,13543000.0,68304000.0,71.26419689394342,24.862921348314607,127.29823434991974,1.2629062547907404,3.6198481561822127,0.707001165095553,0.0070886945820275,0.0191178835638468,2017-02-07,0.21,bmo,138308641.0,2025-04-25,2016-12-31,-0.0476190476190475,27.332222222222224,651949.7142857143
2016-09-30,TECH,USD,842023,2016-11-09,2016-11-09 15:31:00,2017,Q1,130581000.0,46111000.0,84470000.0,0.6468781829,12765000,46263000.0,0.0,46263000.0,-1314000.0,59028000.0,105139000.0,49000.0,1343000.0,13644000.0,49631000.0,0.3800782656,25442000.0,0.1948369211,-1314000.0,24128000.0,0.1847742015,7845000.0,16283000.0,0.1246965485,0.11,0.11,149124000,149892000,https://www.sec.gov/Archives/edgar/data/842023/000143774916041541/0001437749-16-041541-index.htm,https://www.sec.gov/Archives/edgar/data/842023/000143774916041541/tech20160930_10q.htm,0.8756538182988653,0.1091910088248705,0.1747002494568278,0.1583246157560151,0.8179099273088168,6.004365494487809,-1.1669483114723318,6.004365494487809,2.555081676993643,4083015120.0,4393107120.0,62.68831173616655,31.26806441978542,156.7255918931368,172.9358373570521,4.560015546211448,4.560015546211448,33.64277436993131,88.51538594829844,168.628401658222,186.06976365946636,0.0039879842521866,0.0057824914447047,0.4240374359919365,0.2502054396870595,6.247949870040902,2.898174104806758,18.94415487714073,1.6001474110926848,0.0029223501871332,0.7327887981330222,0.3542858455671193,0.0977554161784639,0.7047322628283658,0.0937356057116536,0.0187010361384887,0.1789797713280563,0.0243220682947748,3.840769627062817,0.0121410250909939,0.0363409528145658,-2.564930862906038,203135000.0,-174020000.0,-311931000.0,1406355000.0,101603000.0,17415500.0,63810500.0,75.68612585291888,27.67278957298692,137.63982563813406,1.189121506561154,3.252292283820003,0.6538805144712773,0.0181852701880175,0.0163756337008127,2016-10-31,0.2,bmo,122826190.0,2025-04-25,2016-09-30,0.0499999999999999,25.812741935483867,825460.7096774194
2016-06-30,TECH,USD,842023,2016-08-29,2016-08-29 16:49:57,2016,Q4,134762000.0,45070000.0,89692000.0,0.6655585402,11643000,38037000.0,0.0,38037000.0,-2242000.0,49680000.0,94750000.0,57000.0,433000.0,10661000.0,48864000.0,0.3625947968,40012000.0,0.2969086241,-2242000.0,37770000.0,0.2802718867,12144000.0,25626000.0,0.1901574628,0.17,0.17,148896000,149536000,https://www.sec.gov/Archives/edgar/data/842023/000143774916038182/0001437749-16-038182-index.htm,https://www.sec.gov/Archives/edgar/data/842023/000143774916038182/tech20160630_10k.htm,0.9050746830002148,0.1721067053513862,0.2442040081667741,0.2236930474962389,0.6436371695680206,5.905329894691596,0.926472168493445,5.905329894691596,0.9012465076294864,4197378240.0,4266900240.0,40.94843362210256,31.14660097060002,115.4362707296279,126.020903713934,4.773653716677282,4.773653716677282,31.66248823852421,87.32195972495089,117.34826434916532,128.10821268802354,0.006105239636445,0.0079351914684724,0.1521233281775998,0.118422462189256,1.4227652259332024,4.688920900511571,92.40646651270208,1.4189104815421838,0.0028372472812933,0.4647233278701319,0.2822531574182633,0.0863967587302058,0.6563323644740582,0.0839910893539781,0.0226621747970496,0.2864646843635681,0.0204360279604042,4.782029341633051,0.0251567396633187,0.0660166162169124,-0.3747330351386202,199744000.0,137948000.0,3664000.0,1073438000.0,90274500.0,17084500.0,57084000.0,62.371959454445616,41.241846017306415,114.02662524961173,1.4429561102009787,2.1822495521231784,0.7892893418794438,0.0291442998817214,0.0205109606705351,2016-08-17,0.24,bmo,140660869.0,2025-04-25,2016-06-30,-0.0416666666666665,26.27380952380953,614466.2222222222
2016-03-31,TECH,USD,842023,2016-05-10,2016-05-10 12:09:16,2016,Q3,130973000.0,40984000.0,89989000.0,0.6870805433,11245000,35217000.0,0.0,35217000.0,-1037000.0,46462000.0,87446000.0,65000.0,448000.0,10828000.0,56750000.0,0.433295412,43527000.0,0.3323356722,-1037000.0,42490000.0,0.3244180098,12199000.0,30291000.0,0.2312766753,0.2,0.2,148784000,149196000,https://www.sec.gov/Archives/edgar/data/842023/000143774916031373/0001437749-16-031373-index.htm,https://www.sec.gov/Archives/edgar/data/842023/000143774916031373/tech20160331_10q.htm,0.8802895472631466,0.20359043983224,0.2496034519840843,0.2305422626088826,0.5685221529196688,5.732887944940316,0.69172760511883,5.732887944940316,1.0892569093450908,3515765920.0,3611668920.0,29.01658842560496,26.843440403747337,94.67016506449092,102.4974758753389,4.121831828381569,4.121831828381569,27.575675291854047,63.64174308370044,97.25257613700622,105.2934001924142,0.008615761313256,0.009756337816711,0.1894762017534192,0.1410199022556587,1.689920704845815,5.596082889994851,97.15848214285714,1.2260077250668515,0.0033853220808284,0.3929219900300419,0.2688874806257778,0.0858573904545211,0.6544595310330866,0.0763658884670274,0.0216533178594061,0.2619135574436645,0.0176906690691974,5.124561104127384,0.028126418519678,0.0764910721275129,-0.7702575545757608,214251000.0,102918000.0,-32222000.0,1097961000.0,77243000.0,11971000.0,57870500.0,59.89051178487169,29.680851063829788,125.3157329689635,1.502742209371701,3.032258064516129,0.7181859601163565,0.0355127192067173,0.0190611893752016,2016-05-03,0.22,bmo,115435643.0,2025-04-25,2016-03-31,0.1363636363636363,27.4646875,686854.4375
2015-12-31,TECH,USD,842023,2016-02-09,2016-02-09 13:03:17,2016,Q2,120907000.0,39320000.0,81587000.0,0.6747913686,10977000,34585000.0,0.0,34585000.0,-651000.0,45562000.0,84882000.0,51000.0,400000.0,10590000.0,48530000.0,0.4013828811,36025000.0,0.2979562804,-651000.0,35374000.0,0.2925719768,9523000.0,25851000.0,0.2138089606,0.17,0.17,148756000,149204000,https://www.sec.gov/Archives/edgar/data/842023/000143774916024987/0001437749-16-024987-index.htm,https://www.sec.gov/Archives/edgar/data/842023/000143774916024987/tech20151231_10q.htm,0.812787383366049,0.173781225631235,0.2590752641910242,0.2262228078195165,0.7658380166178171,5.7566955282476,0.7858573771814246,5.7566955282476,1.122495899325069,3347010000.0,3451136000.0,32.36828362539167,27.6825163141919,86.8473494382314,99.45946749078809,3.908492274707682,3.908492274707682,28.54372368845476,71.11345559447764,89.54918394353771,102.55366694401522,0.0077236100280548,0.0100543470142007,0.1945225219333841,0.1469650704528551,2.1456006593859467,7.211560467777499,90.0625,1.4907550673062044,0.0035560096922327,0.460407721171328,0.2860463000487978,0.0907887880767863,0.6523799398828183,0.1268066114844702,0.0404194959762462,0.4614730878186969,0.0191965725723076,4.744378368227618,0.0239027003727499,0.0656098433800071,-0.5603269784075936,222554000.0,116901000.0,-18727000.0,1096039000.0,69122500.0,11801500.0,58821000.0,50.11868626299553,23.864191251271617,134.30188199389625,1.795737412743205,3.771340878572799,0.670132083510865,0.0301876701275073,0.0328524563715077,2016-02-02,0.21,bmo,112656818.0,2025-04-25,2015-12-31,0.0476190476190476,25.70609375,906663.625
2015-09-30,TECH,USD,842023,2015-11-09,2015-11-09 15:59:23,2016,Q1,112381000.0,36990000.0,75391000.0,0.6708518344,11322000,33040000.0,0.0,33040000.0,818000.0,44362000.0,81352000.0,61000.0,451000.0,10685000.0,42983000.0,0.3824756854,31028000.0,0.2760964932,819000.0,31847000.0,0.283384202,9139000.0,22707000.0,0.2020537279,0.15,0.15,148676000,149260000,https://www.sec.gov/Archives/edgar/data/842023/000143774915020233/0001437749-15-020233-index.htm,https://www.sec.gov/Archives/edgar/data/842023/000143774915020233/tech20150930_10q.htm,0.7558785547095698,0.1527280798514891,0.2141098765099948,0.1729398154375958,0.5869474562135113,5.63606096478248,0.5732801528155184,5.63606096478248,1.134594689122656,3437389120.0,3556783120.0,37.84503809397983,30.58692412418469,107.98194075330632,133.6881269446173,4.102155768801607,4.102155768801607,31.64932791130173,82.74860107484355,111.73257688562184,138.33163970130678,0.0066058858067253,0.0074800958234254,0.2007716478488496,0.1491030913216109,2.7777028127399204,5.350732682060391,68.79822616407982,1.4019024970273484,0.0034601843389787,0.5238032324833751,0.2939998754237816,0.100746567480268,0.6671103942144072,0.1922847359658216,0.0544665023447024,0.5728591483387927,0.0181347380785008,4.400870062184987,0.0203505180476852,0.0604543058417597,-0.8100719013156125,195957000.0,85233000.0,-49376000.0,1081523000.0,70474500.0,13310000.0,54272000.0,56.79207339318924,32.06082725060827,143.4720194647202,1.5847281957272792,2.8071639978750853,0.6273000152627741,0.0270983725701028,0.041170061072399,2015-10-28,0.21,bmo,120936708.0,2025-04-25,2015-09-30,-0.0476190476190475,22.02344262295082,1021045.7704918032
2015-06-30,TECH,USD,842023,2015-08-31,2015-08-31 16:48:02,2015,Q4,117663000.0,38575000.0,79088000.0,0.6721569227,10813000,30474000.0,0.0,30474000.0,441000.0,41287000.0,79862000.0,127000.0,388000.0,9499000.0,48129000.0,0.4090410749,37801000.0,0.3212649686,441000.0,38242000.0,0.3250129607,11913000.0,26329000.0,0.2237661797,0.18,0.18,148612000,149180000,https://www.sec.gov/Archives/edgar/data/842023/000143774915016645/0001437749-15-016645-index.htm,https://www.sec.gov/Archives/edgar/data/842023/000143774915016645/tech20150630_10k.htm,0.7917462923586251,0.1771660431189944,0.2499057949559928,0.2032473824455629,0.7463798347374371,5.698967781874949,1.099897720237935,5.698967781874949,0.7834898931445644,3658827440.0,3720343440.0,34.74142048691557,31.095819756423005,98.51712323972104,121.13317132925012,4.320080572889301,4.320080572889301,31.61863491496902,77.29941282802469,100.1734952475834,123.16978778347956,0.0071960212477251,0.0082553770286581,0.1370211409376162,0.1091333132711405,1.278148309750878,6.2432860591430295,97.42525773195877,1.4105738919062631,0.0032491283600956,0.4515173382961753,0.2589939063256928,0.0918980478145211,0.6427522193800782,0.1867040038773257,0.0589310148474881,0.7299715759553638,0.0104705812362424,4.76628055877871,0.0253259764495056,0.0693081817296378,-0.189688585040239,208515000.0,163458000.0,31858000.0,1021741000.0,67959500.0,13476500.0,50311000.0,53.56875143418066,31.36409591704472,115.66895657809462,1.6800839592198076,2.869523171911032,0.7780825786150836,0.0310873915943962,0.0466584125104298,2015-08-06,0.22,bmo,116347126.0,2025-04-25,2015-06-30,0.0,22.8028125,897968.5625
2015-03-31,TECH,USD,842023,2015-05-11,2015-05-11 07:03:27,2015,Q3,114158000.0,34778000.0,79380000.0,0.6953520559,10865000,29089000.0,0.0,29089000.0,-667000.0,39954000.0,74732000.0,158000.0,414000.0,9273000.0,49931000.0,0.4373850278,39426000.0,0.3453634436,-667000.0,38759000.0,0.3395206643,14469000.0,24290000.0,0.2127752764,0.16,0.16,148552000,149076000,https://www.sec.gov/Archives/edgar/data/842023/000143774915009608/0001437749-15-009608-index.htm,https://www.sec.gov/Archives/edgar/data/842023/000143774915009608/tech20150331_10q.htm,0.7684716462922074,0.1635117669233669,0.2071732457321342,0.1740266034789164,1.0767273412677043,5.5203968980559,0.9217176476923904,5.5203968980559,1.2819012870913888,3724198640.0,3807766640.0,38.33057472210786,32.62319451987596,121.00983363659996,144.0584341637011,4.541340136037831,4.541340136037831,33.35523257239966,76.26057238989806,123.7251962568235,147.29098870493578,0.0065222084931538,0.0069416275819272,0.2317069601714984,0.1720674994679912,1.6736696641365083,7.652948355100875,95.23188405797102,1.2670234664470976,0.0031907535415457,0.4892136681762042,0.2548135040908215,0.0951751081833949,0.6186180448336284,0.1599948011437483,0.0431332013525114,0.5310039900787231,0.0112826083147917,4.506619758276304,0.0231176271731035,0.0576737692384403,-0.3322254160159405,256225000.0,136923000.0,10499000.0,1063853000.0,61549500.0,13318500.0,51930000.0,51.94248322500394,34.961757432859855,132.09644027833687,1.732685740305077,2.574241302738712,0.6813204035654814,0.0296195672055663,0.0331466422532177,2015-05-05,0.23,bmo,119511627.0,2025-04-25,2015-03-31,-0.0434782608695652,25.07625,931857.5625
2014-12-31,TECH,USD,842023,2015-02-09,2015-02-09 15:02:17,2015,Q2,111948000.0,36205000.0,75743000.0,0.6765909172,10026000,31137000.0,0.0,31137000.0,7983000.0,41163000.0,77368000.0,171000.0,437000.0,9895000.0,46864000.0,0.4186229321,34580000.0,0.3088934148,7983000.0,42563000.0,0.3802033087,9354000.0,33209000.0,0.2966466574,0.22,0.22,148340000,148844000,https://www.sec.gov/Archives/edgar/data/842023/000143774915002131/0001437749-15-002131-index.htm,https://www.sec.gov/Archives/edgar/data/842023/000143774915002131/tech20141231_10q.htm,0.754671700148308,0.2238708372657408,0.2408386139948766,0.2196575434811918,0.9433598489955508,5.532438991506,0.7130645813671296,5.532438991506,1.2973978697586626,3426654000.0,3525705000.0,25.796124544551176,30.60933647765033,95.91485192856744,105.16369997544808,4.175373652644995,4.175373652644995,31.49413120377318,75.23269460566746,98.68737054246208,108.20356616744417,0.0096913782366121,0.0095089845662853,0.2339749135475129,0.1715990555836561,2.113583987709116,6.177280939476061,79.1304347826087,1.0757927067963504,0.0034619777777388,0.3572224397000813,0.2781380641011898,0.0895594383106442,0.6388804984459311,0.0879471533337065,0.0280666023510915,0.3175341081354219,0.0185353914317361,5.278959590286402,0.0249656571848615,0.0821817803866446,-0.6003775111230956,229250000.0,105776000.0,-24786000.0,1068932000.0,59041500.0,13349000.0,52505000.0,45.99689141387072,32.63168070708466,131.2898770887999,1.956653965812564,2.758055915289099,0.6855060115497491,0.0404651253469675,0.0211810705136847,2015-02-03,0.21,bmo,117358536.0,2025-04-25,2014-12-31,0.0,24.971111111111117,697180.9523809524
2014-09-30,TECH,USD,842023,2014-11-10,2014-11-10 10:00:50,2015,Q1,108477000.0,35411000.0,73066000.0,0.6735621376,9149000,28701000.0,0.0,28701000.0,-618000.0,37850000.0,73261000.0,185000.0,311000.0,8559000.0,49312000.0,0.4545848429,35216000.0,0.3246402463,-618000.0,34598000.0,0.3189431861,10691000.0,23907000.0,0.220387732,0.16,0.16,148028000,148592000,https://www.sec.gov/Archives/edgar/data/842023/000119312514404922/0001193125-14-404922-index.htm,https://www.sec.gov/Archives/edgar/data/842023/000119312514404922/d795178d10q.htm,0.7328140622044478,0.1615032291188153,0.2412921879644391,0.208156564974194,0.883697678817521,5.35988461642392,1.220519090982787,5.35988461642392,0.8461709946766828,3462374920.0,3489081920.0,36.206706403982096,31.918055624694635,96.93641637269724,112.3673423554993,4.363899910891301,4.363899910891301,32.164255279921086,70.75523036988969,97.68413461000056,113.23408691136858,0.0069047981666872,0.008899382854818,0.1574791439010956,0.1227053994068312,0.5415923101881895,6.60079275198188,113.2347266881029,1.494039402685406,0.0033133326878419,0.4798594553896348,0.2645814320086285,0.0843404592678632,0.6017539724628288,0.1373257181253149,0.045216958433585,0.573080967402734,0.0125556569595398,4.41326071610055,0.0247399926453349,0.058954226446175,-0.1505509092874321,227493000.0,180671000.0,43264000.0,962241000.0,57935000.0,11611500.0,45521000.0,50.501120053098816,34.49182457428483,132.65793115133715,1.7821386912878476,2.609313978336158,0.6784366318612894,0.030131848104329,0.033135622990245,2014-10-28,0.22,bmo,111052941.0,2025-04-25,2014-09-30,-0.0454545454545455,23.774754098360656,787171.737704918
2014-06-30,TECH,USD,842023,2014-08-29,2014-08-29 17:04:39,2014,Q4,92523000.0,28930000.0,63593000.0,0.6873209905,7644000,17103000.0,0.0,17103000.0,-438000.0,24747000.0,53677000.0,1043000.0,0.0,5311000.0,42217000.0,0.456286545,38846000.0,0.419852361,605000.0,39451000.0,0.4263912757,12627000.0,26824000.0,0.2899171017,0.18,0.18,147952000,148436000,https://www.sec.gov/Archives/edgar/data/842023/000119312514327566/0001193125-14-327566-index.htm,https://www.sec.gov/Archives/edgar/data/842023/000119312514327566/d744730d10k.htm,0.6253582242889586,0.1813020439061317,0.2563060992754407,0.2420987887963664,2.4558910998161565,5.37515545582351,3.616145777008759,5.37515545582351,0.0875013517897696,3423609280.0,3117987280.0,31.908079331941543,37.00279152210802,90.28267398011656,95.5808168848935,4.304991770038918,4.304991770038918,33.69959123677356,73.85620200393207,82.2232346193402,87.04841787877942,0.0078350062189339,0.010462350423352,0.0162788504460777,0.0150100116986727,-7.2393111779614845,17.786859156530635,0.0,1.4136966895317626,0.0033499733941602,0.4275648672830301,0.1848513342628319,0.0826172951590415,0.30174111961748,0.0554310276627726,0.0227186753563978,0.3957823385426473,0.0095976135663564,4.6826114599884265,0.0313671070200011,0.0445402346565002,2.41160815669947,443022000.0,535016000.0,402187000.0,820391000.0,51751000.0,9035000.0,38616500.0,53.50118348951072,30.02696163152437,120.85136536467336,1.6822057780767623,2.9973062577704104,0.7447164517208537,0.0337296372907144,0.0142073104790742,2014-08-11,0.21,bmo,89346590.0,2025-04-25,2014-06-30,0.0476190476190476,22.88625,797778.5
2014-03-31,TECH,USD,842023,2014-05-12,2014-05-12 10:41:23,2014,Q3,95555000.0,27444000.0,68111000.0,0.712793679,7676000,14666000.0,0.0,14666000.0,-229000.0,22342000.0,49786000.0,529000.0,0.0,4918000.0,52259000.0,0.5468996913,45769000.0,0.4789806917,300000.0,46069000.0,0.4821202449,14428000.0,31641000.0,0.3311286694,0.21,0.21,147644000,148212000,https://www.sec.gov/Archives/edgar/data/842023/000119312514193933/0001193125-14-193933-index.htm,https://www.sec.gov/Archives/edgar/data/842023/000119312514193933/d702523d10q.htm,0.6471986670640189,0.2143060334317683,0.2366096827503996,0.2077497223050039,1.4909579800059602,5.262936522987728,3.6322302294708897,5.262936522987728,0.0,3150722960.0,3027119960.0,24.89430612180399,32.97287384228978,90.19072994790176,102.71975222508397,4.054770546213134,4.054770546213134,31.67934655434043,57.92533266997072,86.65254365374706,98.6900518371206,0.0100424570492862,0.0097352259749298,0.0,0.0,-2.365200252588071,13.114882613692332,0.0,1.104073828260801,0.0036309126969386,0.3615562087165386,0.1534822876877191,0.0803306995970906,0.2898794316165121,0.1219728631132993,0.0445921197216262,0.8664091093940627,0.0077442310711108,5.037586588338244,0.0389914124749055,0.0536468170674226,1.504800398255263,295167000.0,536277000.0,266006000.0,652580000.0,44468000.0,7790500.0,39189000.0,45.68144000837214,27.60603410581548,125.88325317009183,1.9701655635966269,3.26015680684248,0.7149481581826708,0.0407198590550563,0.0288599604453956,2014-04-28,0.22,bmo,90514893.0,2025-04-25,2014-03-31,0.0909090909090908,23.43875,626293.0
2013-12-31,TECH,USD,842023,2014-02-04,2014-02-04 11:03:59,2014,Q2,84017000.0,25424000.0,58593000.0,0.6973945749,7923000,14926000.0,0.0,14926000.0,-105000.0,22849000.0,48273000.0,545000.0,0.0,4856000.0,42004000.0,0.4999464394,35744000.0,0.425437709,474000.0,36218000.0,0.4310794244,11163000.0,25055000.0,0.2982134568,0.17,0.17,147528000,148060000,https://www.sec.gov/Archives/edgar/data/842023/000119312514034304/0001193125-14-034304-index.htm,https://www.sec.gov/Archives/edgar/data/842023/000119312514034304/d650098d10q.htm,0.5694986714386422,0.1698321674529581,0.2123122390325904,0.1875915080527086,1.2665799034759504,5.073802939103086,3.427288379155144,5.073802939103086,0.0,3491987760.0000005,3393585760.0000005,34.84322251047695,41.56287132366069,111.48674286444034,126.17841951219512,4.6651397943697495,4.6651397943697495,40.39165597438614,80.79196647938292,108.34511717004024,122.62279168925023,0.007174996512588,0.00792528551131,0.0,0.0,-2.342681649366727,12.625672802930934,0.0,1.2501297146278187,0.0032743528287739,0.4563560167631211,0.1776545222990585,0.0943023435733244,0.3028142589118199,0.1164357320733031,0.0434078817382196,0.7510296540362438,0.0157825202042443,4.403196155462982,0.0316991277738175,0.0448004320009727,1.2441112873488422,257032000.0,505621000.0,225504000.0,615098000.0,42301500.0,6909500.0,39974500.0,43.31444826642227,25.35674952800504,141.57016991818756,2.0778286138246567,3.549350830657546,0.6357271454290858,0.0334723617553384,0.0247207309798817,2014-02-04,0.2,bmo,89600000.0,2025-04-25,2013-12-31,-0.05,22.09857142857143,812966.0317460317
2013-09-30,TECH,USD,842023,2013-11-12,2013-11-12 09:00:16,2014,Q1,85668000.0,24554000.0,61114000.0,0.7133818929,7702000,14021000.0,0.0,14021000.0,-355000.0,21723000.0,46277000.0,567000.0,0.0,4090000.0,45744000.0,0.5339683429,39391000.0,0.459809964,263000.0,39654000.0,0.4628799552,12226000.0,27428000.0,0.3201662231,0.19,0.19,147368000,147712000,https://www.sec.gov/Archives/edgar/data/842023/000119312513437178/0001193125-13-437178-index.htm,https://www.sec.gov/Archives/edgar/data/842023/000119312513437178/d604170d10q.htm,0.5813202323435209,0.1861191031974377,0.221113131751805,0.195252700722002,1.2533182237663536,4.931620161771891,3.2737093534552955,4.931620161771891,0.0,2950307360.0,2866451360.0,26.891382528802684,34.43884951206985,90.54188614393124,102.53379300757628,4.059517834562299,4.059517834562299,33.460000933837605,62.662892619797134,87.96843210065981,99.6194953777716,0.0092966585013705,0.0097528821539461,0.0,0.0,-1.833158447009444,13.840797001380944,0.0,1.1880195420737931,0.0037457114298762,0.4029094356132419,0.1636667133585469,0.0899052154830275,0.3135199989734245,0.116955654442228,0.0444856889386935,0.9317848410757946,0.0066419199701171,4.544452248724395,0.035896686168669,0.0512704521961167,1.2572369849628142,260360000.0,482440000.0,228109000.0,618045000.0,42171500.0,6446000.0,37417000.0,46.4014567866648,24.39683961879938,146.45801091471856,1.9395942763992031,3.6890024038461537,0.6145105988938109,0.0377399509881488,0.0258604310298029,2013-10-29,0.2,bmo,82602409.0,2025-04-25,2013-09-30,0.0499999999999999,22.500983606557377,1026975.2786885246
2013-06-30,TECH,USD,842023,2013-08-29,2013-08-29 15:37:26,2013,Q4,79475000.0,20358000.0,59117000.0,0.7438439761,7183000,12118000.0,0.0,12118000.0,1807000.0,21493000.0,41851000.0,670000.0,0.0,3042000.0,40666000.0,0.5116829192,39816000.0,0.500987732,948000.0,40764000.0,0.5129160113,12353000.0,28411000.0,0.3574834854,0.19,0.19,147368000,147712000,https://www.sec.gov/Archives/edgar/data/842023/000119312513351961/0001193125-13-351961-index.htm,https://www.sec.gov/Archives/edgar/data/842023/000119312513351961/d545574d10k.htm,0.5392961837033821,0.1927894793985125,0.2034837956679876,0.1672072634493241,2.25922181206232,5.004756799305141,4.157300092285978,5.004756799305141,0.0,2567150560.0000005,2403364560.0000005,22.589406919854987,32.3013596728531,85.60878247240471,104.18207702609476,3.480688612565268,3.480688612565268,30.24051034916641,59.100097378645565,80.14688231567014,97.5351876953046,0.0110671342938296,0.0095985799913504,0.0,0.0,-4.0275906162396105,12.763869841665628,0.0,1.0554714723170604,0.0043043833003701,0.3889338636443631,0.1524756212645486,0.0903806228373702,0.1605042038406473,0.1782772534765065,0.0672664359861591,1.757396449704142,0.0061654608367411,4.659340114406716,0.0371980674220154,0.0434944351739869,2.306808465881331,377432000.0,612653000.0,368959000.0,611076000.0,40024500.0,6212500.0,35276000.0,45.49543881723813,27.5685234305924,154.1865605658709,1.9782202862476663,3.2645926876202696,0.5837084611635175,0.0385212483102634,0.0362765322186634,2013-08-06,0.21,bmo,80469512.0,2025-04-25,2013-06-30,0.0,21.67234375,810424.4375
2013-03-31,TECH,USD,842023,2013-05-10,2013-05-10 10:03:13,2013,Q3,80992000.0,19845000.0,61147000.0,0.7549758001,7219000,9982000.0,0.0,9982000.0,-376000.0,17201000.0,37046000.0,638000.0,0.0,3001000.0,47979000.0,0.5923918412,43946000.0,0.5425967997,520000.0,44466000.0,0.5490171869,11348000.0,33118000.0,0.4089045832,0.22,0.22,147368000,147632000,https://www.sec.gov/Archives/edgar/data/842023/000119312513212837/0001193125-13-212837-index.htm,https://www.sec.gov/Archives/edgar/data/842023/000119312513212837/d502425d10q.htm,0.5495901416861191,0.2247299277997937,0.2240988545681559,0.1808533738667824,2.123086423104066,4.882396449704142,4.026783290809402,4.882396449704142,0.0504722870636773,2486098160.0,2342823160.0,18.766970831571957,30.695601540892927,75.27927812263438,93.27998499174548,3.455270413573701,3.455270413573701,28.92659966416436,48.83017903666188,70.94089810749432,87.90421581870028,0.0133212760995728,0.0107204133886652,0.0103376052280096,0.0097831090767996,-2.9862022968382003,12.01185308334103,0.0,0.9971918594118002,0.0044459226018654,0.3337459991545383,0.1232467404188068,0.0891322599762939,0.1658446119243972,0.1929750189250567,0.0786867838798893,2.1236254581806064,0.0035312129593046,4.9686480592530975,0.0449715615456666,0.0522201198360138,2.170328700939145,357676000.0,593419000.0,349376000.0,588968000.0,37099500.0,6327500.0,36637500.0,44.308820624259184,28.068027210884352,161.79138321995464,2.03119827456488,3.206495395055744,0.5562718990889979,0.0460286111779004,0.0432454807013734,2013-04-30,0.22,bmo,82840909.0,2025-04-25,2013-03-31,0.0,18.97484375,531109.6875
2012-12-31,TECH,USD,842023,2013-02-11,2013-02-11 10:25:54,2013,Q2,75083000.0,19820000.0,55263000.0,0.7360254652,7403000,10956000.0,0.0,10956000.0,-242000.0,18359000.0,38179000.0,677000.0,0.0,3173000.0,40077000.0,0.5337692953,36904000.0,0.4915093963,542000.0,37446000.0,0.4987280743,12082000.0,25364000.0,0.3378128205,0.17,0.17,147336000,147600000,https://www.sec.gov/Archives/edgar/data/842023/000119312513047585/0001193125-13-047585-index.htm,https://www.sec.gov/Archives/edgar/data/842023/000119312513047585/d448847d10q.htm,0.5096038985719715,0.1721507303035239,0.2123513601563772,0.1565605147418146,1.9417861215181629,4.714156757343758,3.817539501547483,4.714156757343758,0.0,2517972240.0,2374686240.0,24.818366976817536,33.53585019245369,80.47982356889443,109.15906879958382,3.62525068208159,3.62525068208159,31.62748211978743,59.25309379444569,75.900093968741,102.94733775523476,0.0100731849212126,0.0091609429339856,0.0,0.0,-3.575267609851037,16.91419033289449,0.0,1.2335199495347735,0.0043876575859311,0.4355779845450244,0.1459185168413622,0.0985975520424064,0.1823205487392522,0.2627289289481254,0.1094788434132893,2.5906082571698708,0.0104550963600282,4.273145725597883,0.0355421668020393,0.0428108954775463,2.0404636341423683,338463000.0,562461000.0,329726000.0,571700000.0,35617500.0,6503500.0,37998500.0,41.144466790085644,29.36125126135217,170.73662966700303,2.187414420975965,3.0652644602536343,0.527127659574468,0.0365178205063601,0.0557908454145626,2013-02-05,0.19,bmo,78144594.0,2025-04-25,2012-12-31,0.0,16.599375,548595.625
2012-09-30,TECH,USD,842023,2012-11-09,2012-11-09 09:01:45,2013,Q1,75025000.0,19442000.0,55583000.0,0.7408597134,7452000,10328000.0,0.0,10328000.0,-359000.0,17780000.0,37222000.0,661000.0,0.0,3105000.0,40908000.0,0.5452582473,37803000.0,0.5038720427,183000.0,37986000.0,0.5063112296,12318000.0,25668000.0,0.342125958,0.17,0.17,147312000,147580000,https://www.sec.gov/Archives/edgar/data/842023/000119312512461957/0001193125-12-461957-index.htm,https://www.sec.gov/Archives/edgar/data/842023/000119312512461957/d421577d10q.htm,0.5092932008254589,0.1742424242424242,0.1986464103399587,0.1815738025415444,1.853664331486912,4.6201599326599325,3.717253176930596,4.6201599326599325,0.0,2667820320.0,2537015320.0,25.983913043478257,35.5590845718094,91.16701363496566,99.73905787348586,3.9197777271692096,3.9197777271692096,33.81559906697768,62.01758384668035,86.69703448040187,94.848785703604,0.0096213376169201,0.0100261624815872,0.0,0.0,-3.197540823310844,15.28941967599668,0.0,1.140057659342372,0.0038653277818949,0.4017453638772011,0.1376607797400866,0.0993268910363212,0.1866455055856553,0.0859447083347572,0.0335221592802399,0.8099838969404187,0.0040386537820726,4.255951950941599,0.0370353860621261,0.0442841861909526,1.954518301292495,327242000.0,547596000.0,318119000.0,555171000.0,37325500.0,6416000.0,38337000.0,44.27724091969343,30.279292253883344,177.7456023042897,2.0326469791384447,2.97232839015441,0.5063416412740579,0.0377135048963789,0.0170726077984142,2012-10-23,0.2,bmo,80000000.0,2025-04-25,2012-09-30,-0.05,17.178333333333335,623006.6666666666
2012-06-30,TECH,USD,842023,2012-08-29,2012-08-29 08:48:59,2012,Q4,78681000.0,19817000.0,58864000.0,0.7481348737,7286000,10360000.0,0.0,10360000.0,0.0,19773000.0,39590000.0,643000.0,0.0,3101000.0,42192000.0,0.5362412781,41218000.0,0.5238621777,-601000.0,40617000.0,0.5162237389,13376000.0,27241000.0,0.3462208157,0.18,0.18,147312000,147580000,https://www.sec.gov/Archives/edgar/data/842023/000119312512373084/0001193125-12-373084-index.htm,https://www.sec.gov/Archives/edgar/data/842023/000119312512373084/d357001d10k.htm,0.5341112740306289,0.184920440968828,0.2539711632453568,0.2462800043445204,1.8259612251547737,4.578323558162268,3.681193657000109,4.578323558162268,0.0,2732637600.0,2615962600.0,25.07835248338901,34.73059061272734,73.0397883088766,75.32077177508269,4.051701406496037,4.051701406496037,33.24770402003025,62.00138888888889,69.92121989682731,72.10481256890849,0.0099687569255432,0.013276550099435,0.0,0.0,-2.7653346605991658,9.692503496503496,0.0,0.3329269594931302,0.0037732775103438,0.3785103336881906,0.1316709243654757,0.0926017717110865,0.1837252753974565,0.0302835912650682,0.0143999186588884,0.365366010964205,0.0032028062683494,4.364524745450547,0.0404405061318057,0.0463940350769629,1.8433545807537743,310757000.0,542284000.0,301625000.0,536703000.0,39333500.0,6371000.0,39387000.0,43.1703969192054,28.57092395418076,173.8371095524045,2.084761929996556,3.150055635034176,0.5177260495859132,0.0403904264562408,0.0076911589008363,2012-07-31,0.21,bmo,83618750.0,2025-04-25,2012-06-30,-0.0476190476190475,17.456935483870968,477496.7741935484
2012-03-31,TECH,USD,842023,2012-05-10,2012-05-10 09:37:10,2012,Q3,83621000.0,20238000.0,63383000.0,0.7579794549,7122000,9899000.0,0.0,9899000.0,0.0,17021000.0,37259000.0,470000.0,0.0,3052000.0,46362000.0,0.5544301073,46362000.0,0.5544301073,-3157000.0,43205000.0,0.516676433,11449000.0,31756000.0,0.3797610648,0.22,0.21,147456000,147720000,https://www.sec.gov/Archives/edgar/data/842023/000119312512223985/0001193125-12-223985-index.htm,https://www.sec.gov/Archives/edgar/data/842023/000119312512223985/d335667d10q.htm,0.5670912000868056,0.2153591579861111,0.2337171766493055,0.2229546440972222,1.4892917209201388,4.370775010850695,3.456088595920139,4.370775010850695,0.0,2584903680.0,2489623680.0,20.34972666582693,30.91213546836321,75.00518469082785,78.62585716023847,4.010730352507459,4.010730352507459,29.77270876932828,53.69966092920927,72.24048051533529,75.72769436671128,0.0122851772952715,0.0127184622987576,0.0,0.0,-2.0551313575773262,9.969467139741544,0.0,10.25989877939863,0.003992411817836,0.3249779569215266,0.1183793544683751,0.0851699931835304,0.1971773332904504,0.0460493862983489,0.0189784862654118,0.5199868938401049,0.0028820511593977,4.602058733532165,0.0521594071261862,0.0578267092530747,1.5666436089409723,275551000.0,509621000.0,266735000.0,505041000.0,37735500.0,6182500.0,40737500.0,44.04802621351096,28.68811147346576,180.09338867477024,2.043224356155012,3.137188032863122,0.4997407215349285,0.0492725334640812,0.0107625325520833,2012-05-01,0.22,bmo,82671111.0,2025-04-25,2012-03-31,0.0454545454545455,17.775714285714283,428222.2222222223
2011-12-31,TECH,USD,842023,2012-02-07,2012-02-07 15:21:42,2012,Q2,74662000.0,19492000.0,55170000.0,0.7389301117,6837000,10651000.0,0.0,10651000.0,0.0,17488000.0,36980000.0,798000.0,0.0,3179000.0,37682000.0,0.5047011867,37682000.0,0.5047011867,191000.0,37873000.0,0.5072593823,12060000.0,25813000.0,0.3457314296,0.17,0.17,147864000,148112000,https://www.sec.gov/Archives/edgar/data/842023/000119312512043543/0001193125-12-043543-index.htm,https://www.sec.gov/Archives/edgar/data/842023/000119312512043543/d270271d10q.htm,0.5049369691067468,0.1745725802088405,0.1382216090461505,0.1233363090407401,0.931612833414489,4.040915976843586,3.135225612725207,4.040915976843586,0.0,2522559840.0,2441565840.0,24.43109905861387,33.786395221129894,123.42498483217534,138.32098700444152,4.221815078007585,4.221815078007585,32.70158634914682,64.7939557348336,119.4620726098444,133.87979601908208,0.0102328593322884,0.0072295609050844,0.0,0.0,-2.149408205509262,16.088366494370884,0.0,96.86255924170617,0.0041073356658211,0.4013868980746136,0.1426562374434116,0.0915726875786879,0.2145285207161256,0.1076915549466679,0.0294795210414936,0.6923560868197547,0.0114917896654255,3.98399866853718,0.0420943587582764,0.0526442449865294,1.0645441080993343,213093000.0,463587000.0,200474000.0,441616000.0,35092000.0,5824000.0,41547000.0,41.641665104069006,27.306587317874,189.2068540939873,2.161296859169199,3.295908014879946,0.4756698716384401,0.0432012398201859,0.0148853000054103,2012-01-31,0.2,bmo,77648684.0,2025-04-25,2011-12-31,-0.05,17.052857142857142,362352.7619047619
2011-09-30,TECH,USD,842023,2011-11-09,2011-11-09 09:00:40,2012,Q1,77596000.0,19209000.0,58387000.0,0.7524485798,6667000,10773000.0,0.0,10773000.0,0.0,17440000.0,36649000.0,728000.0,0.0,3135000.0,40947000.0,0.5276947265,40947000.0,0.5276947265,-447000.0,40500000.0,0.5219341203,12979000.0,27521000.0,0.3546703438,0.19,0.19,148380000,148680000,https://www.sec.gov/Archives/edgar/data/842023/000119312511303428/0001193125-11-303428-index.htm,https://www.sec.gov/Archives/edgar/data/842023/000119312511303428/d235640d10q.htm,0.5229545760884217,0.18547647930988,0.2320528373096104,0.2246663970885564,0.8987397223345465,3.971923439816687,3.059468931122793,3.971923439816687,0.0,2522460000.0,2443225000.0,22.913956614948585,32.50760348471571,73.25917750929368,75.66774658027357,4.280042215714155,4.280042215714155,31.48648126192072,59.66798544459912,70.9579751394052,73.29088672906167,0.0109103811358752,0.0132156704169739,0.0,0.0,-1.935062397733656,8.347690196676323,0.0,180.27225130890056,0.0039746913727075,0.364303622688129,0.1388344760039177,0.085919377287489,0.2154395992591131,0.0318308550185873,0.0141244394040929,0.3496012759170654,0.0037373060467034,4.0713282173482055,0.0462051648892333,0.0558183212114082,0.9574083434425124,192774000.0,453964000.0,179928000.0,422516000.0,36749500.0,5470500.0,43511000.0,41.33602247538533,26.8655317819772,197.3262533187568,2.17727770139454,3.3500174398325777,0.4560974451514863,0.0466968918510776,0.007386440221054,2011-10-25,0.21,bmo,80474074.0,2025-04-25,2011-09-30,-0.0476190476190475,17.355483870967742,490677.48387096776
2011-06-30,TECH,USD,842023,2011-08-29,2011-08-29 12:12:46,2011,Q4,78038000.0,18733000.0,59305000.0,0.7599502806,6466000,10747000.0,0.0,10747000.0,0.0,16702000.0,35435000.0,818000.0,0.0,2758000.0,45361000.0,0.5812681002,42603000.0,0.5459263436,368000.0,42971000.0,0.5506419949,14640000.0,28331000.0,0.3630410825,0.19,0.19,148380000,148680000,https://www.sec.gov/Archives/edgar/data/842023/000119312511235045/0001193125-11-235045-index.htm,https://www.sec.gov/Archives/edgar/data/842023/000119312511235045/d10k.htm,0.5259334142067664,0.1909354360425933,0.2336703059711551,0.2250909826122119,0.9490025609920476,3.950141528507886,3.0139304488475536,3.950141528507886,0.0,3092239200.0,3014626200.0,27.286710670290496,39.62478792383198,89.1854868481772,92.58478397556812,5.275760336585216,5.275760336585216,38.63023398856967,66.45854809197328,86.94699469312414,90.2609718853858,0.0091619690999325,0.0108009108739065,0.0,0.0,-1.7110072529265228,12.66862766659336,0.0,1.2238184321061734,0.003243280791473,0.3539938583177438,0.1377149593787641,0.082857069632743,0.2249016465102724,0.0367155053068758,0.0163125656731336,0.4615663524292966,0.0025756682641789,4.119465364759268,0.0468544105052492,0.0591764054683502,1.0790739991912657,212229000.0,447207000.0,198869000.0,446542000.0,37687000.0,5120500.0,29262500.0,43.663343499320845,25.01628142849517,215.74440826349223,2.061225567881669,3.59765700019205,0.4171602903843584,0.0483363531824432,0.0085793233589432,2011-08-02,0.19,bmo,70658823.0,2025-04-25,2011-06-30,0.1052631578947368,16.92238095238095,404916.0
2011-03-31,TECH,USD,842023,2011-05-10,2011-05-10 08:15:40,2011,Q3,76271000.0,15833000.0,60438000.0,0.7924112703,6297000,9233000.0,0.0,9233000.0,0.0,15700000.0,31533000.0,1067000.0,0.0,1884000.0,46622000.0,0.6112677164,44738000.0,0.5865663227,646000.0,45384000.0,0.5950361212,14320000.0,31064000.0,0.4072845511,0.21,0.21,148476000,148776000,https://www.sec.gov/Archives/edgar/data/842023/000095012311047842/0000950123-11-047842-index.htm,https://www.sec.gov/Archives/edgar/data/842023/000095012311047842/c63820e10vq.htm,0.5136924486112233,0.2092189983566367,0.2181227942563108,0.2141356178776368,1.440623400414882,3.813929523963469,3.634769255637275,3.813929523963469,0.0,2657720400.0,2499092400.0,21.38907095029616,34.845752645173135,82.06386710306921,83.59188526137007,4.693322172717592,4.693322172717592,32.76595822789789,53.6032860023165,77.16582473908478,78.60264200792602,0.0116882121986947,0.0119628836803149,0.0,0.0,-3.402428038265197,16.72869060573087,0.0,1.0425573010558846,0.0037709008065709,0.3226242595930981,0.1210551848015628,0.0825608684821229,0.0456419574516273,0.0182795034891619,0.0077617967510587,0.3142250530785562,0.0011406694549697,4.237192063518591,0.0540757123943848,0.05584860612206,1.5645693580107225,260184000.0,539676000.0,260184000.0,380930000.0,34699500.0,4476000.0,13677500.0,44.26662820731339,28.6149182088044,77.41489294511463,2.033134296529296,3.145212554628526,1.1625670019825245,0.0548565454715625,0.0039871763786739,2011-05-03,0.2,bmo,72666666.0,2025-04-25,2011-03-31,0.0499999999999999,18.56734375,464597.1875
2010-12-31,TECH,USD,842023,2011-02-09,2011-02-09 08:01:07,2011,Q2,67708000.0,15218000.0,52490000.0,0.7752407396,6603000,8365000.0,0.0,8365000.0,0.0,15139000.0,30357000.0,1020000.0,0.0,171000.0,39401000.0,0.5819253264,37351000.0,0.5516482543,322000.0,37673000.0,0.55640397,11139000.0,26534000.0,0.3918886985,0.18,0.18,148372000,148624000,https://www.sec.gov/Archives/edgar/data/842023/000095012311010727/0000950123-11-010727-index.htm,https://www.sec.gov/Archives/edgar/data/842023/000095012311010727/c61331e10vq.htm,0.4563394710592295,0.1788342814008033,0.1983730083843312,0.1935675194780686,1.313334052247055,3.6525489984633217,3.472117380637856,3.6525489984633217,0.0,2436268240.0000005,2300393240.0000005,22.95421195447351,35.98198499438767,82.77335779567153,84.82828133704737,4.495490685246967,4.495490685246967,33.975205884090514,58.38413339762951,78.15694084870725,80.09725766016714,0.0108912473447505,0.0117885212836826,0.0,0.0,-3.448516535113322,18.545933294324165,0.0,1.109256048842994,0.004109153432136,0.3772895153388105,0.1235452236072546,0.097521710876115,0.0481832515010583,0.0242245099038494,0.0105305133809889,0.3478048780487804,0.0105452826844686,3.833669514575008,0.0485430155135477,0.0501742502888413,1.428650621411048,239888000.0,515165000.0,239888000.0,361755000.0,32471000.0,4133000.0,13777000.0,42.3827317303716,23.17124457878828,81.23537915626233,2.123506350948722,3.8841245533435433,1.1078916715200933,0.0489615009890466,0.0048054889062626,2011-02-01,0.17,bmo,66718840.0,2025-04-25,2010-12-31,0.0,19.535396825396827,450494.8571428572
2010-09-30,TECH,USD,842023,2010-11-09,2010-11-09 09:00:33,2011,Q1,67945000.0,15241000.0,52704000.0,0.7756862168,6619000,7552000.0,0.0,7552000.0,0.0,14341000.0,29582000.0,847000.0,0.0,170000.0,40371000.0,0.5941717566,38363000.0,0.5646184414,590000.0,38953000.0,0.5733019354,12580000.0,26373000.0,0.3881521819,0.18,0.18,148160000,148428000,https://www.sec.gov/Archives/edgar/data/842023/000095012310102922/0000950123-10-102922-index.htm,https://www.sec.gov/Archives/edgar/data/842023/000095012310102922/c58202e10vq.htm,0.4585920626349892,0.1780035097192224,0.2072286717062635,0.2001282397408207,1.165186285097192,3.533781047516199,3.351937095032397,3.533781047516199,0.0,2286108800.0,2171096800.0,21.670921017707503,33.64646110824932,74.45880858548024,77.10056321877846,4.366427855185125,4.366427855185125,31.95373905364633,53.77862326917837,70.71285542129434,73.22170584465954,0.0115361963525095,0.0129700738652508,0.0,0.0,-2.84887666889599,14.52138987483654,0.0,1.1641830660144843,0.004211960515615,0.3651082546543813,0.1111487232320259,0.0974170284789167,0.0499273568262345,0.0342637527277464,0.0154831113400544,0.5239043824701195,0.0020016189565089,3.7620569045850383,0.0496090121543493,0.05144124428008,1.270766401187905,217140000.0,496623000.0,217140000.0,340404000.0,33597000.0,4790000.0,13777500.0,43.78732798587093,25.675480611508437,81.5970080703366,2.055389176271289,3.505289788408464,1.1029816181791865,0.0503719690964827,0.0071004319654427,2010-10-26,0.18,bmo,69812676.0,2025-04-25,2010-09-30,0.0,17.363870967741935,420309.7419354839
2010-06-30,TECH,USD,842023,2010-08-27,2010-08-27 10:36:50,2010,Q4,66714000.0,13834000.0,52880000.0,0.7926372276,6251000,7464000.0,0.0,7464000.0,0.0,13955000.0,27789000.0,1011000.0,0.0,2063000.0,40988000.0,0.6143837875,38925000.0,0.5834607429,-324000.0,38601000.0,0.578604191,12706000.0,25895000.0,0.3881494139,0.17,0.17,148160000,148428000,https://www.sec.gov/Archives/edgar/data/842023/000084202310000031/0000842023-10-000031-index.htm,https://www.sec.gov/Archives/edgar/data/842023/000084202310000031/k2010.txt,0.4502834773218142,0.1747772678185745,0.2144978401727861,0.2069181965442764,0.9368992980561556,3.3868250539956803,3.2038336933045355,3.3868250539956803,0.0,2127577600.0,2033438600.0,20.540428654180342,31.891021374823875,66.94706104468219,69.39940633460547,4.239959186276385,4.239959186276385,30.47993824384687,49.61058358543964,63.984852108244176,66.32868839090582,0.01217111892887,0.0144093451632504,0.0,0.0,-2.2967453888943106,11.80921052631579,0.0,1.227263950569608,0.0045558855291576,0.3743193666731029,0.1118805647989927,0.0936984740834007,0.0522574477271325,0.035336689741976,0.0168330485355397,0.5443528841492972,0.0026231375723236,3.6494726556215458,0.052038197826897,0.0526637977319688,1.0411598947084233,184016000.0,474680000.0,184016000.0,308528000.0,36037000.0,4973000.0,13594000.0,46.05225290044069,34.03787769264132,89.36894607488794,1.954301783988048,2.6441131498470947,1.0070612215185266,0.0516050475097251,0.0075796436285097,2010-08-03,0.18,bmo,68633333.0,2025-04-25,2010-06-30,-0.0555555555555554,15.6225,351447.8125
2010-03-31,TECH,USD,842023,2010-05-07,2010-05-07 09:33:23,2010,Q3,70278000.0,14399000.0,55879000.0,0.7951136913,6325000,7666000.0,0.0,7666000.0,0.0,14231000.0,28630000.0,1040000.0,0.0,240000.0,43650000.0,0.6211047554,41648000.0,0.592617889,-209000.0,41439000.0,0.5896439853,9051000.0,32388000.0,0.4608554597,0.22,0.22,149168000,149520000,https://www.sec.gov/Archives/edgar/data/842023/000084202310000016/0000842023-10-000016-index.htm,https://www.sec.gov/Archives/edgar/data/842023/000084202310000016/q310.txt,0.4711332189209481,0.2171243162072294,0.1556500053630805,0.1464925453180307,1.0267483642604311,3.3662984018019952,3.1829346776788587,3.3662984018019952,0.0,2371771200.0,2263535200.0,18.30748425342719,33.74841628959276,102.15226117667328,108.53794618341573,4.723288937037981,4.723288937037981,32.208304163465094,51.85647651775487,97.49053320699456,103.5848068826652,0.0136556173715238,0.0092133676300648,0.0,0.0,-2.4796334478808704,11.106036054283978,0.0,0.7168704458441398,0.0040893489220208,0.2994627639866617,0.1090810780044964,0.0899997154159196,0.0524093107386202,0.058833663536911,0.0194370926890349,0.6823176823176823,0.0011525655254845,4.055288876198195,0.0648247330577159,0.0654911635054798,1.130190456398155,199574000.0,474792000.0,199574000.0,324671000.0,32869000.0,4747000.0,13219500.0,48.58319815589516,29.46454614903813,84.0745885130912,1.85249228984896,3.05451845566398,1.070478031373132,0.0644994264593423,0.0091574600450498,2010-05-04,0.2,bmo,74049333.0,2025-04-25,2010-03-31,-0.05,14.8534375,346764.5625
2009-12-31,TECH,USD,842023,2010-02-08,2010-02-08 14:11:54,2010,Q2,65521000.0,13329000.0,52192000.0,0.7965690389,6391000,9007000.0,0.0,9007000.0,0.0,15638000.0,28967000.0,1156000.0,0.0,2060000.0,38614000.0,0.5893377696,36554000.0,0.557897468,145000.0,36699000.0,0.5601104989,11978000.0,24721000.0,0.3772988813,0.17,0.17,149008000,149412000,https://www.sec.gov/Archives/edgar/data/842023/000084202310000006/0000842023-10-000006-index.htm,https://www.sec.gov/Archives/edgar/data/842023/000084202310000006/q1209.txt,0.439714646193493,0.165903844088908,0.1894730484269301,0.1787890583055943,1.6742658112316118,3.278656179533985,3.093484913561688,3.278656179533985,0.0,2553997120.0,2358446120.0,25.82821406901015,38.97982509424459,90.46141465660752,95.86716414549004,5.227751573035088,5.227751573035088,35.995270523954154,61.077487957735535,83.5350873091772,88.52693667655119,0.0096793374614298,0.0104311002512015,0.0,0.0,-5.064251307815818,21.988675385402207,0.0,1.1420654504267629,0.0037920951140305,0.3917721775009101,0.1374673768715373,0.0975412463179744,0.0549386440158253,0.056387914851415,0.0242975534561438,0.7728155339805826,0.0118587933639596,3.498383545537449,0.050401243307063,0.052083574743859,1.765923641683668,287272000.0,460954000.0,287272000.0,413774000.0,29763000.0,5242500.0,12728000.0,38.18760397429831,32.27548953409858,87.69750168804862,2.356785727132117,2.7884937238493723,1.0262550046196488,0.0506011716399274,0.0106839901213357,2010-02-02,0.17,bmo,67484848.0,2025-04-25,2009-12-31,0.0,15.446190476190475,576687.6825396825
2009-09-30,TECH,USD,842023,2009-11-05,2009-11-05 10:29:47,2010,Q1,66534000.0,12901000.0,53633000.0,0.8060991373,6154000,8038000.0,0.0,8038000.0,0.0,14432000.0,27333000.0,1168000.0,0.0,2005000.0,41206000.0,0.6193224517,39201000.0,0.5891874831,506000.0,39707000.0,0.5967926173,12935000.0,26772000.0,0.4023807377,0.18,0.18,148980000,149356000,https://www.sec.gov/Archives/edgar/data/842023/000084202309000048/0000842023-09-000048-index.htm,https://www.sec.gov/Archives/edgar/data/842023/000084202309000048/q909.txt,0.4465968586387434,0.1797019734192509,0.1881393475634313,0.1843603168210498,1.5255403409853672,3.1615384615384614,2.974721439119345,3.1615384615384614,0.0,2330047200.0,2155290200.0,21.75824742268041,35.02039859320047,83.12987263191694,84.833874608607,4.946958637469587,4.946958637469587,32.39381669522349,52.30525166237926,76.89500874094688,78.47120803903007,0.0114898959986733,0.0117877440422666,0.0,0.0,-4.241057127602776,17.573815461346634,0.0,1.0469520394441951,0.0039960563889006,0.34778873449873,0.1208104127213154,0.0924940631857396,0.0571444996981804,0.0200863391487388,0.0084618390597288,0.2807980049875311,0.0015330507710343,3.5753364545221182,0.0561157080113686,0.0582996163008967,1.6194304604644918,265844000.0,443174000.0,265844000.0,392482000.0,31439000.0,5430500.0,11868500.0,42.91414915682208,39.799240368963645,86.97930392992792,2.0972104018912527,2.2613496932515336,1.0347289059993583,0.0568400402542642,0.0037790307423815,2009-10-28,0.18,bmo,64652777.0,2025-04-25,2009-09-30,0.0,16.271639344262297,501865.0491803279
2009-06-30,TECH,USD,842023,2009-08-28,2009-08-28 10:18:03,2009,Q4,64890000.0,14656000.0,50234000.0,0.7741408538,5999000,7560000.0,0.0,7560000.0,0.0,13799000.0,28455000.0,1038000.0,0.0,1965000.0,42983000.0,0.6623979041,36435000.0,0.5614886731,989000.0,37424000.0,0.5767298505,12038000.0,25386000.0,0.3912159038,0.17,0.17,148980000,149356000,https://www.sec.gov/Archives/edgar/data/842023/000084202309000032/0000842023-09-000032-index.htm,https://www.sec.gov/Archives/edgar/data/842023/000084202309000032/k102009.txt,0.4355618203785743,0.1703987112364075,0.2033158813263525,0.1808162169418714,1.361840515505437,3.0640488656195464,2.8756208887098937,3.0640488656195464,0.0,2376231000.0,2215291000.0,23.40099858189553,36.61937124364309,78.44935622317597,88.2111144108694,5.205530557612348,5.205530557612348,34.139173986746805,51.53877114207943,73.13605150214592,82.23665454005494,0.010683304779712,0.0113364399336596,0.0,0.0,-3.7442709908568506,16.457321394060425,0.0,1.1931773418419602,0.003918390089179,0.3667769636807689,0.116504854368932,0.0924487594390507,0.0594739462505693,0.1106635853416969,0.0516566497149021,1.705852417302799,0.0026968716289104,3.427458898660393,0.0541426100566924,0.0571843048387932,1.4522972882266076,239944000.0,428410000.0,239944000.0,368149000.0,32882500.0,5030500.0,11009000.0,43.20804438280167,31.66211790393013,69.20100982532752,2.082945462716271,2.842513576415826,1.3005590558168427,0.0556122694870772,0.0224996643844811,2009-08-04,0.17,bmo,65854411.0,2025-04-25,2009-06-30,0.0,16.5521875,484424.5
2009-03-31,TECH,USD,842023,2009-05-07,2009-05-07 17:00:08,2009,Q3,67866000.0,14316000.0,53550000.0,0.7890549023,5809000,7061000.0,0.0,7061000.0,0.0,13110000.0,27426000.0,1504000.0,0.0,1926000.0,42366000.0,0.6242595703,40440000.0,0.5958801167,401000.0,40841000.0,0.6017888191,13200000.0,27641000.0,0.4072878908,0.18,0.18,149708000,149996000,https://www.sec.gov/Archives/edgar/data/842023/000084202309000016/0000842023-09-000016-index.htm,https://www.sec.gov/Archives/edgar/data/842023/000084202309000016/q309.txt,0.4533224677371951,0.1846327517567531,0.1852005236861089,0.1779397226601116,1.1162863708018276,2.8514775429502763,2.662362732786491,2.8514775429502763,0.0,2048005440.0,1914184440.0,18.523257479830686,30.17719388206171,73.86588184375677,76.87996696572694,4.7975127960664254,4.7975127960664254,28.20535231190876,45.182090355473726,69.03932914953474,71.85646758511956,0.0134965461810492,0.0130072896681368,0.0,0.0,-3.158688571023934,14.930602118814535,0.0,1.003075141999204,0.0045781128393877,0.3392062515827936,0.1040432617216279,0.08559514337076,0.0640828604604314,0.0392050782658876,0.0160168567471193,0.5643821391484943,0.0,3.4417601993556484,0.0641141023866743,0.06684788786213,1.2259632083789778,207761000.0,398577000.0,207761000.0,333501000.0,32082500.0,5560500.0,10313000.0,45.90045088851561,30.83612740989103,67.57544006705784,1.9607650525829192,2.9186544342507643,1.3318448227742117,0.064749853006285,0.0072608010259972,2009-04-28,0.18,bmo,66064864.0,2025-04-25,2009-03-31,0.0555555555555556,15.43953125,511429.8125
2008-12-31,TECH,USD,842023,2009-02-06,2009-02-06 09:37:32,2009,Q2,61876000.0,13430000.0,48446000.0,0.7829530028,5846000,9703000.0,0.0,9703000.0,0.0,15789000.0,29219000.0,2205000.0,0.0,1954000.0,34611000.0,0.5593606568,32657000.0,0.5277813692,1493000.0,34150000.0,0.5519102722,10528000.0,23622000.0,0.3817635271,0.16,0.16,151576000,151968000,https://www.sec.gov/Archives/edgar/data/842023/000084202309000007/0000842023-09-000007-index.htm,https://www.sec.gov/Archives/edgar/data/842023/000084202309000007/q1208.txt,0.4082176597878292,0.1558426136063757,0.1750277088721169,0.1659563519290653,0.9497611759117538,2.7741463028447777,2.5857787512534967,2.7741463028447777,0.0,2444920880.0,2325325880.0,25.87546439759545,39.5132342103562,92.15683678854128,97.1942309679984,5.814401346987115,5.814401346987115,37.580416962958175,67.1845910259744,87.64892122125895,92.43990777181476,0.0096616623438546,0.0102886764990121,0.0,0.0,-3.4554043512178207,14.81459036514268,0.0,1.1231055795444924,0.0038747675139491,0.4010456354246042,0.156813627254509,0.094479281142931,0.0658593407607316,0.051828119110441,0.0222218630810007,0.7036847492323439,0.0,3.118882770022043,0.0537207961233576,0.0583290944199438,1.0425677547896766,180087000.0,391942000.0,180087000.0,306991000.0,31760500.0,7948000.0,9788000.0,42.98548710323873,41.655994043186894,66.18987341772151,2.093729908977092,2.1605534105534105,1.359724612736661,0.0561767825462432,0.0090713569430516,2009-02-03,0.16,bmo,63896774.0,2025-04-25,2008-12-31,0.0,14.807619047619047,784666.4126984127
2008-09-30,TECH,USD,842023,2008-11-07,2008-11-07 15:18:30,2009,Q1,69324000.0,13086000.0,56238000.0,0.8112342046,5910000,8840000.0,0.0,8840000.0,0.0,14990000.0,28076000.0,0.0,0.0,1921000.0,43169000.0,0.6227136345,41248000.0,0.5950031735,1700000.0,42948000.0,0.6195257054,14355000.0,28593000.0,0.4124545612,0.19,0.18,154496000,154988000,https://www.sec.gov/Archives/edgar/data/842023/000084202308000039/0000842023-08-000039-index.htm,https://www.sec.gov/Archives/edgar/data/842023/000084202308000039/q908.txt,0.4487106462303231,0.1850727526926263,0.1733054577464788,0.1685027444076222,1.2697998653686826,3.16131161971831,2.974950807787904,3.16131161971831,0.0,2785562880.0,2623491880.0,24.35528695834645,40.181796780335816,104.0359619047619,107.00122459954672,5.703328924469196,5.703328924469196,37.84391956609544,60.772588663161066,97.98289000933708,100.77562632043944,0.0102647117411329,0.0093456874324804,0.0,0.0,-3.754337603372791,12.94983902793644,0.0,0.936418004406673,0.0,0.0,0.1275171657723155,0.085251860827419,0.0567142305601298,0.0277124183006535,0.010703363914373,0.3862571577303488,0.0,3.628241237922333,0.0562257332854871,0.0597085675623752,1.3414360242336372,230130000.0,459618000.0,230130000.0,359022000.0,33650000.0,7895500.0,9607000.0,44.09901332871733,66.57496561210453,66.70563961485557,2.0408619877531797,1.3518595041322314,1.3492112588926692,0.0585430273745418,0.0048027133388566,2008-10-22,0.16,bmo,61808108.0,2025-04-25,2008-09-30,0.1875,13.828360655737704,1329096.1967213114
2008-06-30,TECH,USD,842023,2008-08-28,2008-08-28 13:01:56,2008,Q4,67769000.0,13888000.0,53881000.0,0.7950685417,5812000,8986000.0,0.0,8986000.0,0.0,15080000.0,28968000.0,0.0,0.0,2005000.0,40806000.0,0.602133719,38801000.0,0.5725479201,1704000.0,40505000.0,0.5976921601,13248000.0,27257000.0,0.4022045478,0.18,0.18,154496000,154988000,https://www.sec.gov/Archives/edgar/data/842023/000084202308000024/0000842023-08-000024-index.htm,https://www.sec.gov/Archives/edgar/data/842023/000084202308000024/k2008.txt,0.4386456607290803,0.1764252796188898,0.2151965099420049,0.1540234051367025,1.3356009217067109,3.153026615575808,2.965112365368683,3.153026615575808,0.0,2989497600.0,2822505600.0,27.41953993469567,44.11305464150275,89.91781514121575,125.63025718608168,6.136960564941597,6.136960564941597,41.64891912231256,69.16888692839288,84.89504616957922,118.61260716086736,0.0091175855100201,0.0079598658985376,0.0,0.0,-4.09233936185855,12.769059736152972,0.0,1.219760061635543,0.0,0.0,0.1325975003320102,0.0857619265445852,0.0572206815946579,0.2842662495864289,0.1394590446959524,4.713715710723192,0.0,3.537817978885033,0.0536003295369661,0.056982838459078,1.3972044583678542,238194000.0,458098000.0,238194000.0,368948000.0,33768500.0,7020000.0,9759000.0,44.26625743333973,39.60181451612903,61.66114631336405,2.033151326053042,2.27262313860252,1.4595901208617972,0.0559542627224765,0.0611731048053024,2008-08-05,0.17,bmo,64894285.0,2025-04-25,2008-06-30,0.0588235294117645,16.38953125,1128979.6875
2008-03-31,TECH,USD,842023,2008-05-09,2008-05-09 09:46:36,2008,Q3,69522000.0,14146000.0,55376000.0,0.7965248411,5839000,8994000.0,0.0,8994000.0,0.0,15116000.0,29262000.0,3155000.0,0.0,1871000.0,42131000.0,0.6060096085,40260000.0,0.5790972642,2732000.0,42992000.0,0.6183941774,13402000.0,29590000.0,0.4256206668,0.19,0.19,156000000,156432000,https://www.sec.gov/Archives/edgar/data/842023/000084202308000012/0000842023-08-000012-index.htm,https://www.sec.gov/Archives/edgar/data/842023/000084202308000012/q308.txt,0.4456538461538462,0.1896794871794871,0.1885192307692307,0.1810384615384615,1.3192051282051285,2.9996666666666667,2.81175641025641,2.9996666666666667,0.0,2627040000.0,2464191000.0,22.19533626225076,37.78717528264434,89.32775680914006,93.01890800934778,5.61395710634515,5.61395710634515,35.44476568568223,58.48878498018087,83.79037029480772,87.25270873167622,0.0112636275047201,0.0107505024666544,0.0,0.0,-3.86530108471197,12.863852792381708,0.0,0.9938830686042582,0.0,0.0,0.1293691205661517,0.0839878024222548,0.0600561348876277,0.0396817300826277,0.0167860533356347,0.623730625334046,0.0,3.577980266639482,0.059215239639212,0.0644948953347457,1.3864695512820513,239199000.0,438634000.0,239199000.0,362582000.0,32471500.0,8876000.0,9706000.0,44.28022784154656,50.44606249116358,63.64131203166973,2.032509866978512,1.7840837432210872,1.4141757472758172,0.0632335216733483,0.0074807692307692,2008-04-29,0.17,bmo,60355263.0,2025-04-25,2008-03-31,0.1176470588235293,19.31234375,858246.9375
2007-12-31,TECH,USD,842023,2008-02-05,2008-02-05 16:10:50,2008,Q2,62142000.0,12751000.0,49391000.0,0.794808664,5562000,10645000.0,0.0,10645000.0,0.0,16489000.0,29240000.0,0.0,0.0,1691000.0,34593000.0,0.5566766438,32902000.0,0.5294647742,2679000.0,35581000.0,0.5725757137,11942000.0,23639000.0,0.3804029481,0.15,0.15,157580000,157988000,https://www.sec.gov/Archives/edgar/data/842023/000084202308000005/0000842023-08-000005-index.htm,https://www.sec.gov/Archives/edgar/data/842023/000084202308000005/q1207.txt,0.3943520751364386,0.1500126919659855,0.1905317933747937,0.1745589541820028,1.1980962051021704,2.972172864576723,2.78435080593984,2.972172864576723,0.0,2601645800.0000005,2452988800.0000005,27.51433859300309,41.8661420617296,86.65220490274447,94.58122659686629,5.554858600847648,5.554858600847648,39.47392745647067,70.90997600670657,81.70093258726354,89.1768931544698,0.0090861715303443,0.0105729227245307,0.0,0.0,-4.29731448558957,11.980914492899586,0.0,1.2701044883455306,0.0,0.0,0.1713012133500692,0.0895046828232113,0.0606231296585711,0.0838329336530775,0.04050400695182,1.488468361916026,0.0,3.167322556841456,0.0466721801364318,0.0515442112791529,1.2482294707450183,218059000.0,438758000.0,218059000.0,342134000.0,31386500.0,8601000.0,9345000.0,44.517717485758425,69.33338561681437,66.41126186181476,2.021666991996877,1.2980759442125624,1.3551918376022958,0.0504723980741104,0.0159728391927909,2008-01-29,0.14,bmo,55237333.0,2025-04-25,2007-12-31,0.0714285714285712,18.33796875,790015.125
2007-09-30,TECH,USD,842023,2007-11-08,2007-11-08 15:19:03,2008,Q1,57987000.0,12104000.0,45883000.0,0.7912635591,5181000,8090000.0,0.0,8090000.0,0.0,13559000.0,25663000.0,0.0,0.0,1692000.0,34016000.0,0.5866142411,32324000.0,0.5574352872,2429000.0,34753000.0,0.5993239864,11681000.0,23072000.0,0.397882284,0.15,0.15,157956000,158348000,https://www.sec.gov/Archives/edgar/data/842023/000084202307000047/0000842023-07-000047-index.htm,https://www.sec.gov/Archives/edgar/data/842023/000084202307000047/q907.txt,0.3671085618779913,0.1460659930613588,0.143312061586771,0.122863329028337,1.1458507432449545,2.951809364633189,2.762649092152245,2.951809364633189,0.0,2500443480.0,2355698480.0,27.09391773578363,43.120759480573234,110.458253302116,128.8423496676457,5.362812446381387,5.362812446381387,40.62459654750203,69.2526599247413,104.06407562839598,121.3839583655382,0.00922716317507,0.0077614231856182,0.0,0.0,-4.255203433678269,15.62222972972973,0.0,0.9811459778085992,0.0,0.0,0.1395140290065014,0.0893476123958818,0.0621112718685558,0.1426867517780624,0.0557021401348578,1.908983451536643,0.0,3.1146551556940816,0.0460249798690859,0.0511373585089665,1.2336394312340144,216409000.0,436377000.0,216409000.0,339673000.0,31500500.0,7156500.0,9019000.0,49.72062703709452,54.86698612029082,69.00941837409121,1.8101139378804432,1.6403306681122105,1.3041698092877922,0.0494835455200576,0.0204487325584339,2007-10-24,0.14,bmo,57000000.0,2025-04-25,2007-09-30,0.0,16.661311475409835,990283.5409836066
2007-06-30,TECH,USD,842023,2007-08-29,2007-08-29 09:48:00,2007,Q4,58425000.0,12697000.0,45728000.0,0.7826786478,5014000,7839000.0,0.0,7839000.0,0.0,13257000.0,25954000.0,0.0,0.0,1842000.0,34313000.0,0.5872999572,32471000.0,0.5557723577,1671000.0,34142000.0,0.5843731279,11218000.0,22924000.0,0.3923662816,0.15,0.14,157956000,158348000,https://www.sec.gov/Archives/edgar/data/842023/000084202307000029/0000842023-07-000029-index.htm,https://www.sec.gov/Archives/edgar/data/842023/000084202307000029/k10.txt,0.3698814859834384,0.1451290232723036,0.1730165362506014,0.1490668287371166,1.043163919066069,2.770714629390463,2.5797310643470333,2.770714629390463,0.0,2258770800.0,2123285800.0,24.633253358925145,38.66103209242619,82.65105931428154,95.930128259577,5.161123360851455,5.161123360851455,36.34207616602482,61.87992306123043,77.69350506787661,90.17607236897987,0.0101488827463149,0.0104242537578403,0.0,0.0,-3.948503482645062,12.37934042924446,0.0,1.1921566916768451,0.0,0.0,0.1341720154043645,0.0858194266153187,0.0663238385028713,0.138424384353617,0.0647496790757381,2.053745928338762,0.0,3.007906236640151,0.0498160375780209,0.0539798482140544,1.1090683481475854,195645000.0,407484000.0,195645000.0,317347000.0,30897500.0,6391000.0,9165500.0,47.70115532734275,49.15019295896669,62.07214302591163,1.886746754504941,1.831122007499279,1.4499257736667808,0.0523796358285483,0.0239497075134847,2007-08-07,0.14,bmo,57393103.0,2025-04-25,2007-06-30,0.0,16.39140625,653109.875
2007-03-31,TECH,USD,842023,2007-05-09,2007-05-09 10:39:16,2007,Q3,60197000.0,12019000.0,48178000.0,0.8003388873,5169000,7229000.0,0.0,7229000.0,0.0,12801000.0,24820000.0,0.0,0.0,1766000.0,37143000.0,0.6170241042,35377000.0,0.587687094,1470000.0,36847000.0,0.6121069156,12954000.0,23893000.0,0.3969134674,0.15,0.15,157656000,158172000,https://www.sec.gov/Archives/edgar/data/842023/000084202307000020/0000842023-07-000020-index.htm,https://www.sec.gov/Archives/edgar/data/842023/000084202307000020/q307.txt,0.3818249860455676,0.1515514791698381,0.1502131222408281,0.1471304612574212,0.914002638656315,2.6098784695793373,2.415968945044908,2.6098784695793373,0.0,2251327680.0,2135051680.0,23.556352069643825,37.39933352160406,95.06493032683048,97.05672012415934,5.471519140238612,5.471519140238612,35.467742246291344,57.48193953100181,90.15504095937844,92.04395930332817,0.0106128486813612,0.0103032535894552,0.0,0.0,-3.1304956519398,12.246467218332272,0.0,0.9911689616205585,0.0,0.0,0.1200890409821087,0.0858680665149426,0.0715658527107284,0.0205219153787686,0.0080734920344867,0.2751981879954699,0.0,2.9831939606168576,0.0557517831250148,0.0602442751171199,0.9913783807784036,176682000.0,380892000.0,176682000.0,296425000.0,27553500.0,5754000.0,9392000.0,46.09216406133197,43.79066478076379,71.69148847657875,1.9526095559375911,2.0552325581395348,1.2553791518696469,0.0580684046925239,0.0030826609834069,2007-05-01,0.15,bmo,60200000.0,2025-04-25,2007-03-31,0.0,15.14079365079365,587576.6349206349
2006-12-31,TECH,USD,842023,2007-02-08,2007-02-08 13:19:57,2007,Q2,52509000.0,10714000.0,41795000.0,0.795958788,5044000,8830000.0,0.0,8830000.0,0.0,14278000.0,24992000.0,0.0,0.0,1721000.0,29238000.0,0.5568188311,27517000.0,0.5240434973,713000.0,28230000.0,0.5376221219,9567000.0,18663000.0,0.3554247843,0.12,0.12,157548000,158044000,https://www.sec.gov/Archives/edgar/data/842023/000084202307000005/0000842023-07-000005-index.htm,https://www.sec.gov/Archives/edgar/data/842023/000084202307000005/q1206.txt,0.3332889024297357,0.118459136263234,0.1276119024043466,0.1155013075380201,0.8017175717876457,2.4467590829461496,2.248628989260416,2.4467590829461496,0.0,2183615280.0,2081057280.0,29.25059315222633,41.5855430497629,108.61055856752051,119.99864153431884,5.664636169782247,5.664636169782247,39.632392161343766,71.17645803406526,103.50943944292464,114.36265758091992,0.0085468352282275,0.0083334276722958,0.0,0.0,-3.507695464806074,13.75189144736842,0.0,1.0772651770883566,0.0,0.0,0.1681616484793083,0.0960597230950884,0.0785002590269639,0.0949017657299179,0.0363366280066274,1.1086577571179548,0.0,2.553707456077444,0.0471919103544331,0.0509323821661613,0.869338233427273,155063000.0,354267000.0,155063000.0,276323000.0,24981000.0,5737000.0,9096000.0,41.61229503513683,47.54526787380997,77.36606309501587,2.162822308262625,1.8929328621908128,1.163300760043431,0.0484147119709869,0.0121105948663264,2007-01-30,0.12,bmo,53602937.0,2025-04-25,2006-12-31,0.0,14.66904761904762,507550.98412698414
2006-09-30,TECH,USD,842023,2006-11-08,2006-11-08 11:48:55,2007,Q1,52351000.0,11237000.0,41114000.0,0.7853527153,4855000,7067000.0,0.0,7067000.0,0.0,12325000.0,23562000.0,0.0,0.0,1665000.0,30454000.0,0.5817271876,28789000.0,0.5499226376,923000.0,29712000.0,0.5675536284,10081000.0,19631000.0,0.3749880614,0.12,0.12,157516000,157876000,https://www.sec.gov/Archives/edgar/data/842023/000084202306000054/0000842023-06-000054-index.htm,https://www.sec.gov/Archives/edgar/data/842023/000084202306000054/q10-906.txt,0.3323535386881333,0.1246286091571649,0.1230795601716651,0.1110236420427131,0.7651984560298636,2.296255618476853,2.0955268036262984,2.296255618476853,0.0833883541989385,2003603520.0,1918911520.0,25.51581070755438,38.27249756451644,103.34778562954556,114.57019213174748,5.539452967539128,5.539452967539128,36.65472522014861,63.01016352531687,98.9792912776603,109.72732845379689,0.0097978466318525,0.0087282737454963,0.0363149265821944,0.0337482817538315,-2.780981151901228,5.906754398720373,0.0,0.9875706790280678,0.0,0.0,0.1349926457947317,0.0927393937078565,0.081237394175306,0.097952236034456,0.0362743787129185,1.1405405405405404,0.0,2.537524529931121,0.0507458412092006,0.0548985281903424,0.741365956474263,134975000.0,330079000.0,134975000.0,256011000.0,25381000.0,5637000.0,9003000.0,44.15503046742183,46.56580937972768,71.93912966094153,2.0382728546955304,1.932748538011696,1.2510576708973502,0.0542747106003091,0.0120559181289519,2006-10-25,0.12,bmo,51282612.0,2025-04-25,2006-09-30,0.0833333333333334,14.292622950819672,719070.4262295082
2006-06-30,TECH,USD,842023,2006-08-30,2006-08-30 10:40:58,2006,Q4,52066000.0,11822000.0,40244000.0,0.7729420351,4773000,6269000.0,0.0,6269000.0,0.0,11533000.0,23355000.0,0.0,0.0,1787000.0,30498000.0,0.5857565398,28711000.0,0.5514347175,901000.0,29612000.0,0.5687396766,10123000.0,19489000.0,0.3743133715,0.12,0.12,157516000,157876000,https://www.sec.gov/Archives/edgar/data/842023/000084202306000038/0000842023-06-000038-index.htm,https://www.sec.gov/Archives/edgar/data/842023/000084202306000038/k06.txt,0.330544198684578,0.1237271134360953,0.1913329439548998,0.1797912593006424,0.6910155158841007,2.1607201808070293,1.957432895705833,2.1607201808070293,0.0852421341324056,2005178680.0,1928971680.0,25.721928780337628,38.512247531978645,66.53323644568319,70.80433192090395,5.89155417396312,5.89155417396312,37.04858602542927,63.249120598072,64.00463468046983,68.11340677966102,0.0097193333414057,0.0141234296386993,0.0394507974191122,0.0362390421902664,-2.49875401665683,8.339196259601469,0.0,1.5464107958335471,0.0,0.0,0.1204048707409826,0.0916721084777013,0.0864236515956298,0.0603225164244475,0.034917220450966,1.017347509792949,0.0,2.4525787643974586,0.0534125108976623,0.0575761246236975,0.64756913583382,131856000.0,308327000.0,119658000.0,252649000.0,26006500.0,5295500.0,9314500.0,43.34921061729344,41.56657080020301,68.6990356961597,2.0761623733950074,2.165201465201465,1.310062056737589,0.057261978915698,0.0115416846542573,2006-08-08,0.12,bmo,53107320.0,2025-04-25,2006-06-30,0.0,13.722857142857142,554759.4285714285
2006-03-31,TECH,USD,842023,2006-05-09,2006-05-09 15:34:11,2006,Q3,54813000.0,12105000.0,42708000.0,0.7791582289,4761000,6901000.0,0.0,6901000.0,0.0,12154000.0,24259000.0,0.0,0.0,1718000.0,32272000.0,0.5887654389,30554000.0,0.5574225093,608000.0,31162000.0,0.5685147684,10815000.0,20347000.0,0.3712075603,0.13,0.13,156796000,157700000,https://www.sec.gov/Archives/edgar/data/842023/000084202306000028/0000842023-06-000028-index.htm,https://www.sec.gov/Archives/edgar/data/842023/000084202306000028/q306.txt,0.3495816219801526,0.129767341003597,0.1038674455981019,0.096488430827317,0.6362534758539758,2.0177172887063444,1.810307660909717,2.0177172887063444,0.0874958544860838,2358211840.0,2288334840.0,28.97493291394309,43.02285662160436,144.79994105366572,155.8736096239011,7.453967948920568,7.453967948920568,41.7480313064419,70.90774789291027,140.50932334520448,151.2548641681539,0.0086281476731115,0.0064154541773482,0.0433637829124126,0.0400997305054921,-2.165251611303917,10.790227718292869,0.0,0.8004128372733081,0.0,0.0,0.1259007899585864,0.0868589568168135,0.0950567341474678,0.0710426132874861,0.0211081312827249,0.6734575087310827,0.0,2.427191930540148,0.0604382783023483,0.0657200719635918,0.631481351565091,129838000.0,283849000.0,117348000.0,250562000.0,24271500.0,4413500.0,9777500.0,44.22582234141535,38.14869888475837,71.41263940520446,2.035010209764247,2.3591892418631843,1.2602811035918793,0.0643139362139267,0.0073790147707849,2006-04-25,0.12,bmo,52620480.0,2025-04-25,2006-03-31,0.0833333333333334,12.451746031746032,829032.6349206349
2005-12-31,TECH,USD,842023,2006-02-08,2006-02-08 16:02:30,2006,Q2,48029000.0,10695000.0,37334000.0,0.7773220346,4574000,7980000.0,0.0,7980000.0,0.0,13046000.0,23741000.0,0.0,0.0,1727000.0,26015000.0,0.5416519186,24288000.0,0.5056944763,611000.0,24899000.0,0.518415957,8385000.0,16514000.0,0.3438339337,0.11,0.1,155508000,159044000,https://www.sec.gov/Archives/edgar/data/842023/000084202306000010/0000842023-06-000010-index.htm,https://www.sec.gov/Archives/edgar/data/842023/000084202306000010/q1205.txt,0.3088522776963243,0.106193893561746,0.1409573783985389,0.135324227692466,0.5997119119273606,1.8230637652082209,1.6107724361447642,1.8230637652082209,0.0901432723718393,2180222160.0,2125512160.0,33.00566428484922,45.39386953715464,99.4626897810219,103.60302984223532,7.690350862959918,7.690350862959918,44.25476607882737,81.70333115510283,96.96679562043796,101.00323892796048,0.0075744574580417,0.0096522273675082,0.0494460337000575,0.0452028776607236,-2.1030174899096674,9.4947520810713,0.0,1.3273586048201529,0.0,0.0,0.1661496179391617,0.0952341293801661,0.1064547439159274,0.039963503649635,0.0182389806158779,0.5072379849449913,0.0,2.0870937658315567,0.0541436367866233,0.0595958137856369,0.5647876636571751,117355000.0,250488000.0,104558000.0,238633000.0,22360000.0,3732000.0,9966000.0,40.49053696724896,31.102384291725105,83.73071528751754,2.222741577193632,2.893668831168831,1.0748743718592966,0.0582502354489049,0.0056331507060729,2006-01-31,0.1,bmo,46857560.0,2025-04-25,2005-12-31,0.0999999999999999,13.566349206349203,886443.2380952381
2005-09-30,TECH,USD,842023,2005-11-09,2005-11-09 11:39:13,2006,Q1,47709000.0,11096000.0,36613000.0,0.7674233373,4717000,6454000.0,0.0,6454000.0,0.0,11663000.0,22759000.0,0.0,0.0,1723000.0,26673000.0,0.5590769037,24950000.0,0.5229621245,540000.0,25490000.0,0.5342807437,8489000.0,17001000.0,0.3563478589,0.11,0.11,155016000,158676000,https://www.sec.gov/Archives/edgar/data/842023/000084202305000051/0000842023-05-000051-index.htm,https://www.sec.gov/Archives/edgar/data/842023/000084202305000051/q905.txt,0.3077682303762192,0.1096725499303297,0.1112465809980905,0.1063954688548278,0.614394643133612,1.888043814832017,1.6719048356298705,1.888043814832017,0.0923517572379625,2208978000.0,2146778000.0,32.48305982001059,46.30107526881721,128.09382429689765,133.93427514703208,7.54749433676032,7.54749433676032,44.99733802846424,80.48505979829791,124.48698173383588,130.16297823318985,0.0076963192933564,0.0074663486915668,0.0489139905083077,0.044950311631631,-2.331946162786338,10.560408483896309,0.0,1.0143520969354745,0.0,0.0,0.135278458990966,0.0988702341277327,0.1052011868690833,0.0436068425630617,0.015762225156679,0.4364480557167731,0.0,2.1584712274983726,0.0542059186475457,0.0596568180223173,0.5919259947360273,121704000.0,259172000.0,108626000.0,243849000.0,23417000.0,3241500.0,8870000.0,43.59932088285229,30.56236481614996,80.96431146359048,2.064252336448598,2.9447983014862,1.1116008815868563,0.0580879262805071,0.0048511121432626,2005-10-27,0.1,bmo,46573071.0,2025-04-25,2005-09-30,0.0999999999999999,14.705645161290322,862180.1935483871
2005-06-30,TECH,USD,842023,2005-09-12,2005-09-12 16:16:31,2005,Q4,47551000.0,9847000.0,37704000.0,0.7929170785,4441000,6173000.0,0.0,6173000.0,0.0,10919000.0,20766000.0,0.0,0.0,1557000.0,28342000.0,0.5960337322,26785000.0,0.5632899413,765000.0,27550000.0,0.5793779311,8983000.0,18567000.0,0.3904649744,0.12,0.12,155016000,158676000,https://www.sec.gov/Archives/edgar/data/842023/000084202305000038/0000842023-05-000038-index.htm,https://www.sec.gov/Archives/edgar/data/842023/000084202305000038/k10.txt,0.3067489807503741,0.1197747329307942,0.1261676214068225,0.1185490530009805,0.6266062858027558,1.7280087216803426,1.6368052330082057,1.7280087216803426,0.0942870413376683,1779583680.0,1713855680.0,23.961648085312653,37.42473722950096,90.9900644237652,96.83755128693475,6.643484987064573,6.643484987064573,36.04247397531072,60.470527132877,87.62939359852746,93.2609065679926,0.0104333391054698,0.010326572561061,0.0545639846342801,0.0495016307495351,-2.319102392209442,9.630493721461187,0.0,1.0533742661711638,0.0,0.0,0.1298185106517213,0.0933944606843178,0.047882735053156,0.0603844973923714,0.0248364913461336,0.7585099550417469,0.0,2.157977089934064,0.0639022858030751,0.0660453534904401,0.589684290653868,120965000.0,253731000.0,107587000.0,224139000.0,23601500.0,4343000.0,7993500.0,44.89874029988854,24.81466436478115,70.90687519041333,2.004510580895372,3.626887661141805,1.2692704305233309,0.0693137317121428,0.0076185684058419,2005-08-16,0.11,bmo,43127651.0,2025-04-25,2005-06-30,0.0909090909090908,13.8715873015873,1023311.1746031746
2005-03-31,TECH,USD,842023,2005-05-09,2005-05-09 13:28:55,2005,Q3,47935000.0,9138000.0,38797000.0,0.8093668509,4631000,6379000.0,0.0,6379000.0,0.0,11315000.0,20453000.0,0.0,0.0,1507000.0,28989000.0,0.604756441,27482000.0,0.5733180348,422000.0,27904000.0,0.582121623,9465000.0,18439000.0,0.3846667362,0.11,0.11,161692000,163584000,https://www.sec.gov/Archives/edgar/data/842023/000084202305000022/0000842023-05-000022-index.htm,https://www.sec.gov/Archives/edgar/data/842023/000084202305000022/q305.txt,0.2964586992553744,0.1140378002622269,0.1296910174900428,0.072619548276971,0.4479256858719046,1.5229386735274473,1.4336145263834943,1.5229386735274473,0.0922618311357395,1623387679.9999998,1578553679.9999998,22.01024567492814,33.86643746740377,77.41476776347162,138.2547845341509,6.592517594122973,6.592517594122973,32.93112923750912,54.45354030839283,75.27676108726752,134.43652529381706,0.011358346639664,0.0072330227367501,0.0605814487080045,0.0536641869433212,-1.546586636310325,6.099225663716815,0.0,1.1372634090785834,0.0,0.0,0.1330760404714717,0.0966099926984458,0.0519554800926658,0.4400572246065808,0.1925106915614895,6.12342402123424,0.0,1.976773372424173,0.069535128533545,0.0699652810715437,0.3859822996808748,92194000.0,231804000.0,78533000.0,195785000.0,21613000.0,4613500.0,8154000.0,44.086575571085845,58.808273145108345,81.04727511490479,2.0414377581874708,1.5303969184391224,1.1104629967189208,0.0748801000621327,0.0570714692130717,2005-04-26,0.11,bmo,44511071.0,2025-04-25,2005-03-31,0.0,13.04234375,1306932.375
2004-12-31,TECH,USD,842023,2005-02-08,2005-02-08 16:18:09,2005,Q2,42247000.0,8941000.0,33306000.0,0.7883636708,4619000,6290000.0,0.0,6290000.0,0.0,11215000.0,20156000.0,0.0,0.0,1525000.0,23616000.0,0.5589982721,22091000.0,0.5229010344,595000.0,22686000.0,0.5369848747,7752000.0,14934000.0,0.3534925557,0.0904,0.0896,165116000,166724000,https://www.sec.gov/Archives/edgar/data/842023/000084202305000010/0000842023-05-000010-index.htm,https://www.sec.gov/Archives/edgar/data/842023/000084202305000010/q1204.txt,0.2558625451197945,0.0904455049783182,0.0929164950701325,0.0896581797039657,0.7069575328859711,2.012615373434434,1.9232963492332664,2.012615373434434,0.0922321277162721,1604927520.0,1550530520.0,26.867006830052237,37.989147631784505,104.61005866249512,108.4117481761686,4.829536794908446,4.829536794908446,36.70155324638436,65.65593326558266,101.0644322774084,104.73726830586328,0.0093050931047652,0.0092240925621363,0.0458270014895505,0.0423631452597729,-2.303396002710027,11.394808536400786,0.0,1.0273202089192446,0.0,0.0,0.1488863114540677,0.1093332070916278,0.0410251274733161,0.0350671359666275,0.0127346320448789,0.3527868852459016,0.0,2.02378860308867,0.0418430949258642,0.0433197288383385,0.6565460040214153,137357000.0,317567000.0,123399000.0,231224000.0,19699500.0,3491000.0,7976500.0,42.06334177574739,32.77485739850129,81.32311821943854,2.139630286148392,2.746007371007371,1.1066963733135289,0.0449392895295126,0.0032583153661668,2005-02-01,0.09,bmo,41039942.0,2025-04-25,2004-12-31,0.0,10.91390625,1359617.1875
2004-09-30,TECH,USD,842023,2004-11-12,2004-11-12 15:21:05,2005,Q1,40919000.0,8887000.0,32032000.0,0.7828148293,4688000,5634000.0,0.0,5634000.0,0.0,10627000.0,19514000.0,0.0,0.0,1519000.0,22924000.0,0.5602287446,21405000.0,0.5231066253,342000.0,21747000.0,0.5314646008,7555000.0,14192000.0,0.3468315452,0.0862,0.0851,164676000,166704000,https://www.sec.gov/Archives/edgar/data/842023/000084202304000049/0000842023-04-000049-index.htm,https://www.sec.gov/Archives/edgar/data/842023/000084202304000049/q0904.txt,0.2484818674245184,0.0861813500449367,0.1127243799946561,0.1099127984648643,0.6468216376399718,1.9003619228059947,1.8089460516407976,1.9003619228059947,0.094385338482839,1571009039.9999998,1524312039.9999998,27.67420095828636,38.39314352745668,84.63120400797284,86.79607955801103,5.0200963750703,5.0200963750703,37.25193773063857,66.4941563426976,82.11560846845875,84.21613480662982,0.0090336844910835,0.0115212577007195,0.0496670330794007,0.0453649951404029,-2.037035421392427,9.068813581286852,0.0,1.307990417136415,0.0,0.0,0.1376866492338522,0.114567804687309,0.0439377621336695,0.024942089101977,0.0113150370243652,0.3048057932850559,0.0,1.9196235338815213,0.0425247034128154,0.0433254876101683,0.5800268405839345,124526000.0,297890000.0,110282000.0,219333000.0,20376500.0,3786500.0,7665500.0,43.228329138053226,37.73376842579048,79.74119500393834,2.081968047216852,2.385131508319914,1.1286512573025147,0.0453499667672171,0.0028115815297918,2004-10-21,0.09,bmo,42088114.0,2025-04-25,2004-09-30,0.0,9.205081967213117,1325207.6065573771
2004-06-30,TECH,USD,842023,2004-09-10,2004-09-10 16:47:30,2004,Q4,42459000.0,8837000.0,33622000.0,0.7918698038,5278000,5667000.0,0.0,5667000.0,0.0,11345000.0,20182000.0,0.0,0.0,1499000.0,23776000.0,0.5599755058,22277000.0,0.5246708589,-1046000.0,21231000.0,0.5000353282,7864000.0,13367000.0,0.3148213571,0.0812,0.0802,164676000,166704000,https://www.sec.gov/Archives/edgar/data/842023/000084202304000025/0000842023-04-000025-index.htm,https://www.sec.gov/Archives/edgar/data/842023/000084202304000025/k2004.txt,0.2578335640894848,0.0811715125458476,0.1062389176321989,0.104672204814302,1.0723663436080546,1.806122325050402,1.712854332143117,1.806122325050402,0.0962921129976438,1788381360.0,1753037360.0,33.44769506994838,42.1201950116583,102.22242697913688,103.75247200789,6.01288176851307,6.01288176851307,41.28776843543183,73.73138290713324,100.20219262646472,101.7019991877937,0.0074743565880154,0.009638324568536,0.053314280911154,0.0487218091316905,-1.4865410497981155,15.671520915372612,0.0,1.308820228921972,0.0,0.0,0.1334699357026778,0.1243081561035351,0.0471916671787623,0.0147470705915976,0.0060764502225676,0.172114743162108,0.0,1.8162124935593835,0.0447697593463364,0.0431053108503358,1.020857623454541,197464000.0,282066000.0,182888000.0,293327000.0,21823500.0,3689000.0,7376000.0,44.723380202077294,39.17958583229603,75.94545660291953,2.012370254514432,2.2971146347803484,1.185061016494569,0.0449424224594435,0.0015667128178969,2004-08-10,0.09,bmo,46098342.0,2025-04-25,2004-06-30,-0.111111111111111,9.53359375,945016.125
2004-03-31,TECH,USD,842023,2004-05-14,2004-05-14 12:32:11,2004,Q3,42541000.0,8946000.0,33595000.0,0.7897087516,5082000,5456000.0,0.0,5456000.0,0.0,10938000.0,19884000.0,0.0,0.0,1533000.0,24190000.0,0.5686279119,22657000.0,0.5325920876,271000.0,22928000.0,0.5389624127,8309000.0,14619000.0,0.3436449543,0.089,0.0875,164288000,167008000,https://www.sec.gov/Archives/edgar/data/842023/000084202304000013/0000842023-04-000013-index.htm,https://www.sec.gov/Archives/edgar/data/842023/000084202304000013/q304.txt,0.2589416147253603,0.0889839793533307,0.0900491819244254,0.0853805512271133,0.9957939715621348,1.725037738605376,1.6291147253603429,1.725037738605376,0.0984125438254772,1675737600.0,1640179600.0,28.65684383336753,39.39111915563809,113.2714343652832,119.46514579026164,5.912914118763739,5.912914118763739,38.55526668390494,67.80403472509302,110.86789238880628,116.9301775147929,0.0087239195444441,0.0083706422771679,0.0570495019459921,0.0517205529057622,-1.4699462587846217,13.937622377622375,0.0,1.011970723031671,0.0,0.0,0.1282527444112738,0.1194612256411461,0.0504121841441061,0.0518453427065026,0.0180296654991655,0.5003261578604045,0.0,1.8584311277539949,0.0482229893178508,0.0492480899058091,0.9431942686014804,185008000.0,267644000.0,170108000.0,282121000.0,20664000.0,3626500.0,7219500.0,47.70268681977387,35.52313883299799,73.39034205231388,1.8866861805925137,2.5335598980458798,1.2263193968471555,0.0515837870453029,0.004668630697312,2004-04-27,0.08,bmo,39962757.0,2025-04-25,2004-03-31,0.1249999999999999,9.88984375,738482.375
2003-12-31,TECH,USD,842023,2004-02-13,2004-02-13 15:17:18,2004,Q2,38264000.0,8441000.0,29823000.0,0.7794010036,5450000,5519000.0,0.0,5519000.0,0.0,11368000.0,19809000.0,0.0,0.0,1514000.0,19969000.0,0.5218743466,18455000.0,0.4823071294,570000.0,19025000.0,0.4972036379,6655000.0,12370000.0,0.323280368,0.0754,0.0742,164140000,166612000,https://www.sec.gov/Archives/edgar/data/842023/000084202304000007/0000842023-04-000007-index.htm,https://www.sec.gov/Archives/edgar/data/842023/000084202304000007/q1203.txt,0.2331180699402948,0.0753624954307298,0.1092725721944681,0.1009077616668697,0.9157974899476056,1.620506884367004,1.5220604362129888,1.620506884367004,0.1003899110515413,1552764400.0000002,1521270400.0000002,31.381657235246564,40.58029479406231,86.57250223015166,93.74898267222125,5.8376796120154895,5.8376796120154895,39.75722349989547,76.18160148229758,84.81659232827833,91.84751554670048,0.0079664371491257,0.0106667824172166,0.0619496973570435,0.0560893999271566,-1.577144574089839,14.468183264397071,0.0,1.4499595796281326,0.0,0.0,0.1442347898808279,0.1424315283295003,0.0550035570714239,0.0765499553969669,0.0358822914488814,0.9068692206076618,0.0,1.6576557121558533,0.042480520440658,0.0445569875586228,0.8540575118801024,169322000.0,249831000.0,154103000.0,267188000.0,19395500.0,3733000.0,6873500.0,44.17206773991219,39.6848714607274,76.17106977846227,2.037486687965921,2.267866738312735,1.1815509518477043,0.0465055077258543,0.0083648105275983,2004-01-27,0.07,bmo,36944551.0,2025-04-25,2003-12-31,0.1428571428571427,10.043387096774191,839858.1935483871
2003-09-30,TECH,USD,842023,2003-11-13,2003-11-13 17:23:14,2004,Q1,37993000.0,8663000.0,29330000.0,0.7719843129,4963000,5083000.0,0.0,5083000.0,0.0,10446000.0,19109000.0,0.0,0.0,1494000.0,20378000.0,0.5363619614,18884000.0,0.4970389282,473000.0,19357000.0,0.50948859,6785000.0,12572000.0,0.3309030611,0.0767,0.0756,163860000,166400000,https://www.sec.gov/Archives/edgar/data/842023/000084202303000041/0000842023-03-000041-index.htm,https://www.sec.gov/Archives/edgar/data/842023/000084202303000041/q903.txt,0.2318625656047845,0.0767240327108507,0.0935432686439643,0.0855364335408275,0.804882216526303,1.5328084950567558,1.4317588185036003,1.5328084950567558,0.1024289027218357,1302687000.0,1275451000.0,25.90452990773147,34.287552970284,84.9874086638831,92.94285102739724,5.186557893982466,5.186557893982466,33.57068407338194,62.58960643831583,83.21052974947808,90.9996432648402,0.0096508217246353,0.0107592998164562,0.0668243313187294,0.0605262873195552,-1.336539405240946,15.489761253184865,0.0,1.219217308304168,0.0,0.0,0.1337878030163451,0.1306293264548732,0.059711288455505,0.0855949895615866,0.0345326770720922,0.8781793842034806,0.0,1.6266754762611992,0.0457727022870951,0.0482160594915299,0.7571265104357379,153548000.0,234608000.0,138010000.0,251495000.0,20226000.0,2980000.0,6467624.0,47.40320585370989,38.89645619300473,68.59863788525914,1.8986057668282448,2.31383547008547,1.3119794033015295,0.0500545455993247,0.0080068351031368,2003-10-23,0.07,bmo,35279214.0,2025-04-25,2003-09-30,0.1428571428571427,9.839193548387096,838132.3870967742
2003-06-30,TECH,USD,842023,2003-09-26,2003-09-26 10:37:58,2003,Q4,39425932.0,9579002.0,29846930.0,0.7570380327,5483826,4818843.0,0.0,4818843.0,0.0,10787481.0,20366483.0,0.0,0.0,1583372.0,20642821.0,0.5235848578,19059449.0,0.4834241839,483099.0,19542548.0,0.495677515,6866000.0,12676548.0,0.3215281759,0.0774,0.0762,163860000,166400000,https://www.sec.gov/Archives/edgar/data/842023/000084202303000028/0000842023-03-000028-index.htm,https://www.sec.gov/Archives/edgar/data/842023/000084202303000028/k2003.txt,0.2406074209691199,0.0773620651775906,0.0911361345050653,0.0869847735872085,0.7170836750884901,1.4440204686927864,1.3405312095691444,1.4440204686927864,0.1042708531673379,1243697400.0,1221412160.0,24.527525159057497,31.54516169712868,83.28200489541447,87.25665064116619,5.256158180964651,5.256158180964651,30.979918496283105,59.1688587523963,81.78971306721294,85.6931389693282,0.0101926304581805,0.011460444477893,0.0722087085522618,0.0648967197788635,-1.0795636894782936,13.833667698831045,0.0,1.1780468152686363,0.0,0.0,0.122225214612555,0.1390918545692211,0.0644102665841903,0.0455512068884815,0.0172536694883966,0.4296160346399961,0.0,1.5854113429573071,0.048730895672916,0.0514638681817392,0.667266392041987,138706704.0,219659444.0,122854803.0,236830765.0,20692586.0,2756045.0,6445297.0,46.66192799196224,20.820540594938805,59.49495782546032,1.9287672814441563,4.322654332129964,1.5127332347059057,0.0535740779683153,0.0041513609178567,2003-08-12,0.07,bmo,38111734.0,2025-04-25,2003-06-30,0.1428571428571427,8.86171875,935156.5625
2003-03-31,TECH,USD,842023,2003-05-13,2003-05-13 11:03:03,2003,Q3,37736518.0,8756163.0,28980355.0,0.7679657938,5285180,4705923.0,0.0,4705923.0,0.0,10475916.0,19232079.0,0.0,0.0,1635934.0,20140373.0,0.5337104234,18504439.0,0.4903589409,613099.0,19117538.0,0.5066057764,6724000.0,12393538.0,0.328422935,0.075,0.0738,165186480,167962684,https://www.sec.gov/Archives/edgar/data/842023/000084202303000011/0000842023-03-000011-index.htm,https://www.sec.gov/Archives/edgar/data/842023/000084202303000011/q303.txt,0.2284479819413792,0.0750275567346673,0.0789982327851528,0.0684142673177611,0.6272382037561428,1.3476639129304044,1.2420707554274415,1.3476639129304044,0.1052384856194042,857317831.2,847865804.2,17.29364591450803,22.718519795599583,65.69767217597078,75.86136932365594,3.851108536930914,3.851108536930914,22.468045520257064,42.09782034324787,64.97334783714857,75.02498906302318,0.0144561766348106,0.0131819397529404,0.0780895626941365,0.0689278851947166,-0.4693074452990518,10.165480384503343,0.0,1.0529229022414746,0.0,0.0,0.1247047488589169,0.1400547872487864,0.0691601840797473,0.1339772434679189,0.0463298707103819,1.068703260644989,0.0,1.5083164258369726,0.0499836911301366,0.0527917691522496,0.5630556084250963,123054264.0,205173296.0,106890704.0,222040228.0,17905155.0,3386008.5,6547733.0,49.950964739248064,33.878777724900736,67.40979353627839,1.8017670022954355,2.6565303131892635,1.3351175738516998,0.0556723052497005,0.0105839654673917,2003-05-01,0.07,bmo,33543571.0,2025-04-25,2003-03-31,0.1428571428571427,8.24609375,1197449.0
2002-12-31,TECH,USD,842023,2003-02-13,2003-02-13 10:59:49,2003,Q2,33300214.0,8370754.0,24929460.0,0.7486276214,4979240,4901125.0,0.0,4901125.0,0.0,10365177.0,18735931.0,0.0,0.0,1575905.0,16140188.0,0.4846872155,14564283.0,0.4373630452,424010.0,14988293.0,0.4500959964,5107000.0,9881293.0,0.2967336186,0.0596,0.0584,165779232,169262316,https://www.sec.gov/Archives/edgar/data/842023/000084202303000005/0000842023-03-000005-index.htm,https://www.sec.gov/Archives/edgar/data/842023/000084202303000005/q1202.txt,0.2008708424949151,0.0596051319624885,0.0372986647688173,0.0013218905489922,0.6498595191947807,1.3585786125490074,1.2504385591555882,1.3585786125490074,0.1060783476183554,1183663716.48,1172427807.48,29.94708578320671,35.54522852255544,191.42776408364145,5401.354904491152,5.255492714259435,5.255492714259435,35.20781600622747,72.640281976889,189.61063907814284,5350.082628980296,0.0083480576978275,0.0001851387323518,0.0780803897827656,0.0694166812755252,-0.6961448652270965,11.442892615628669,0.0,0.6257626405775034,0.0,0.0,0.1471799850895853,0.1495257658103939,0.0707658423049408,0.9645593064206036,0.1791040141663954,3.784620265815516,0.0,1.3498188001928104,0.0395443707200764,0.0419754720473607,0.5672710650511398,124393147.0,207296744.0,108195285.0,223275986.0,16965532.0,4196254.5,6356516.5,40.17849314722122,37.372192516946505,70.28528134980434,2.240004364280757,2.408207652232052,1.2804956922926305,0.0438731564091499,0.035976774219825,2003-01-28,0.06,bmo,35964231.0,2025-04-25,2002-12-31,0.0,6.357301587301588,2129614.412698413
2002-09-30,TECH,USD,842023,2002-11-13,2002-11-13 17:20:04,2003,Q1,34548236.0,8690255.0,25857981.0,0.7484602398,4833097,5100907.0,0.0,5100907.0,0.0,10418817.0,19109072.0,0.0,0.0,1557636.0,16996800.0,0.49197302,15439164.0,0.4468871869,467750.0,15906914.0,0.4604262284,5462000.0,10444914.0,0.3023284315,0.0631,0.0618,165453656,169142072,https://www.sec.gov/Archives/edgar/data/842023/000084202302000013/0000842023-02-000013-index.htm,https://www.sec.gov/Archives/edgar/data/842023/000084202302000013/q902.txt,0.2088091423014551,0.0631289404689854,0.1204116275315185,0.0793065582062447,0.6382721999204418,1.2854880100080714,1.174204962868877,1.2854880100080714,0.107714223008768,1356719979.1999998,1341660336.1999998,32.47322044011085,39.27031120199595,68.099735616094,103.3962409347669,6.378900414597031,6.378900414597031,38.83440926477403,78.9360547985503,67.34382597925244,102.24853875606252,0.0076986512767055,0.0096715314885664,0.0837924758303204,0.0715120376903981,-0.8860281347077097,6.899695506840966,0.0,1.907391865552938,0.0,0.0,0.1476459463805909,0.1398941757836782,0.0738813987515149,0.3413712626258975,0.196854739558917,4.366221633295583,0.0,1.3512618773914138,0.0439796922317854,0.0452551483961029,0.5226058891077028,116041577.0,194276504.0,99186591.0,210511281.0,20161982.5,4621470.5,6126474.0,49.665150486988686,50.91822737077335,63.96039817013425,1.812135856179038,1.76753992916217,1.4071206961626563,0.0491089298208149,0.0411050693252737,2002-10-25,0.06,bmo,34548236.0,2025-04-25,2002-09-30,0.0,5.784262295081967,2185506.229508197
2002-06-30,TECH,USD,842023,2002-09-27,2002-09-27 10:13:12,2002,Q4,35635542.0,8539454.0,27096088.0,0.7603669393,4729203,5657697.0,0.0,5657697.0,0.0,12524211.0,21063665.0,0.0,0.0,3248252.0,17820129.0,0.5000661699,14571877.0,0.4089141397,-16848536.0,-2276659.0,-0.0638873123,-1973000.0,-303659.0,-0.0085212398,-0.0018,-0.0018,165453656,169142072,https://www.sec.gov/Archives/edgar/data/842023/000084202302000011/0000842023-02-000011-index.htm,https://www.sec.gov/Archives/edgar/data/842023/000084202302000011/k02.txt,0.2153808072999003,-0.0018353115146636,-0.0209164009044321,-0.0712875030093019,0.5866526213237621,1.2481850688146776,1.1339718174616824,1.2481850688146776,0.1090957397762186,1151557445.76,1143215254.76,-948.067936204756,32.3148570536685,-332.75323186816524,-97.63282070760468,5.576096184686356,5.576096184686356,32.08075956190031,64.15302912565896,-330.34267820770106,-96.92554236798692,-0.0002636941831413,-0.0102424573289226,0.0874034968867397,0.0757629355512571,-0.4681330309112801,8.823099712608558,0.0,11.39664887258405,0.0,0.0,0.1587655661305783,0.1327102868254396,0.0793168570936513,-2.4082107784707985,0.2338699661141677,2.565713189740205,0.0,,0.0086548110570225,-0.0013843585901923,0.5096076072806757,114448225.0,187619783.0,97347573.0,203657827.0,20791817.5,3382931.0,6012211.5,53.69115783337882,45.5968625160344,64.0477892380473,1.676253663206507,1.9738200181723249,1.4052007269992686,-0.0014703841285383,0.0503711021048697,2002-08-13,0.06,bmo,34210120.0,2025-04-25,2002-06-30,0.1666666666666668,7.82421875,1868994.9375
2002-03-31,TECH,USD,842023,2002-05-10,2002-05-10 13:20:02,2002,Q3,34285276.0,8392165.0,25893111.0,0.7552253918,4442057,4526706.0,0.0,4526706.0,0.0,11106075.0,19498240.0,0.0,0.0,3170497.0,17957533.0,0.5237680747,14787036.0,0.4312940634,562876.0,15349912.0,0.4477114899,4776000.0,10573912.0,0.3084097092,0.0636,0.0622,166176440,170099968,https://www.sec.gov/Archives/edgar/data/842023/000084202302000007/0000842023-02-000007-index.htm,https://www.sec.gov/Archives/edgar/data/842023/000084202302000007/q302.txt,0.2063185130214608,0.0636306325974969,0.06929050231188,0.0225475885751313,0.6526972957177323,1.237668673128393,1.1110904951387814,1.237668673128393,0.1099722078532913,1173205666.4,1165338650.4,27.73821236643543,34.21893603539898,101.88986606306564,313.1155234838177,5.704273003981584,5.704273003981584,33.98947846883309,64.89413943440894,101.206636149068,311.0159045477328,0.009012837478399,0.0031937094299052,0.088854319609884,0.076556380937082,-0.4380900204944632,9.421398424275264,0.0,1.0889488204554758,0.0,0.0,0.1320306127913335,0.1295616520631188,0.0881165105407534,0.6745933739426003,0.2265570503209599,2.449953745422248,0.0,1.3311487196735186,0.0452865781964028,0.0485764014429121,0.5635047603619382,123930554.0,184637063.0,105607864.0,208011504.0,18866094.0,2530717.5,5963856.0,53.35274652594309,26.16193437569447,63.78150572587646,1.686885977954986,3.4401125967051485,1.4110673458667906,0.0514116855173049,0.0467429137367487,2002-04-23,0.06,bmo,32856722.0,2025-04-25,2002-03-31,0.0,7.01328125,1879823.875
2001-12-31,TECH,USD,842023,2002-01-29,2002-01-29 00:00:00,2002,Q2,31136911.0,8028285.0,23108626.0,0.7421618028,4309273,4833875.0,0.0,4833875.0,0.0,11280459.0,19308744.0,0.0,0.0,3141146.0,14969313.0,0.4807578054,11828167.0,0.3798760577,578468.0,12406635.0,0.3984542654,3972000.0,8434635.0,0.2708886248,0.0508,0.0496,165946428,170163616,https://www.sec.gov/Archives/edgar/data/842023/000084202302000004/0000842023-02-000004-index.htm,https://www.sec.gov/Archives/edgar/data/842023/000084202302000004/q1201.txt,0.1876323062524732,0.0508274574008908,0.0600715912969214,0.0366807835116523,0.6458660381650396,1.173014528520011,1.033381375343614,1.173014528520011,0.1114956207433401,1528366601.88,1516785387.88,45.30031832675629,49.085363730525486,153.31706387594892,251.0851491782959,7.851565156332913,7.851565156332913,48.71341887061308,101.32631924257312,152.15530221195093,249.1825488196654,0.0055187250163833,0.0039827126505594,0.0950505028134764,0.0811363283484414,-0.7736636945195815,9.69780165410998,0.0,1.18187283741383,0.0,0.0,0.155245810992619,0.1383975757903537,0.1016122542653777,0.3893821901546305,0.1246630084789078,1.235734028281398,0.0,1.1582228993276644,0.0373805923127343,0.0411710655017385,0.5413972393548597,120334025.0,171485948.0,100786938.0,196882699.0,18329290.5,5445196.5,5934794.5,50.31595073769521,29.39281303541167,67.04161100409365,1.788697196028032,3.0619730031137347,1.3424498405103136,0.0433306290460184,0.0233908077852691,2002-01-29,0.05,bmo,32619621.0,2025-04-25,2001-12-31,0.0,7.19578125,1576125.0
2001-09-30,TECH,USD,842023,2001-11-13,2001-11-13 00:00:00,2002,Q1,29842666.0,7547942.0,22294724.0,0.7470754791,3989734,4535917.0,0.0,4535917.0,0.0,10662963.0,18210905.0,0.0,0.0,3128020.0,14759781.0,0.4945865426,11631761.0,0.3897694998,624020.0,12255781.0,0.41067983,3831000.0,8424781.0,0.2823065808,0.0508,0.0495,165741516,170125552,https://www.sec.gov/Archives/edgar/data/842023/000084202301500017/0000842023-01-500017-index.htm,https://www.sec.gov/Archives/edgar/data/842023/000084202301500017/q901.txt,0.1800554666098263,0.0508308431304562,0.058191859425251,0.044357142238279,0.6113005748058923,1.1236591199033077,0.9709578860133028,1.1236591199033077,0.1129614018976392,1204940821.32,1202181009.32,35.755849953844496,40.37644697427502,124.93156382704184,163.8969427053437,6.469933693614832,6.469933693614832,40.28396823929872,81.44978637013652,124.64541896172727,163.5215510336216,0.0069918628790173,0.0061013950809187,0.1005299560131365,0.0837566934380029,-0.1869819071163725,7.867161378596168,0.0,1.1448139720189758,0.0,0.0,0.1519943627020454,0.1336922780290474,0.1132223062008335,0.2377431710142048,0.0768358631229528,0.7330474229704413,0.0,1.133632286174847,0.0384596427654866,0.0425012793848241,0.4911540464611172,113529148.0,160928032.0,92765186.0,189369346.0,18786638.5,5872766.5,5663429.5,58.05744734736501,98.5913100551117,70.2223003303417,1.5501887201743243,0.9128593579869336,1.2816441440485358,0.0452368892220892,0.013834717186972,2001-10-18,0.05,bmo,28310000.0,2025-04-25,2001-09-30,0.0,7.795833333333333,1669820.0
2001-06-30,TECH,USD,842023,2001-09-27,2001-09-27 00:00:00,2001,Q4,30705444.0,16795374.0,13910070.0,0.4530164097,3801908,4533682.0,0.0,4533682.0,0.0,1123474.0,17918848.0,0.0,0.0,3303018.0,16089614.0,0.5239987411,22221026.0,0.7236835917,-8814722.0,13406304.0,0.4366100031,4011000.0,9395304.0,0.3059817015,0.0567,0.0552,165741516,170125552,https://www.sec.gov/Archives/edgar/data/842023/000084202301500014/0000842023-01-500014-index.htm,https://www.sec.gov/Archives/edgar/data/842023/000084202301500014/k601.txt,0.1852610301935454,0.0566864852376516,0.0792146247775361,0.0582772453945697,0.5856822740779082,1.0719116868702951,0.906314999556297,1.0719116868702951,0.1142444539966679,1347478525.0800002,1345145783.0800002,35.855107112021074,43.88402672438152,102.6325634039426,139.50556422074058,7.584580054106414,7.584580054106414,43.80805511491709,83.60335947649212,102.45488688683018,139.26405351549792,0.0069725074093052,0.0071681728652607,0.1065800992712675,0.0878554185005809,-0.1449843358579018,7.814937001763704,0.0,1.3974164114327754,0.0,0.0,0.1476507553513963,0.1238186948216739,0.127345930216494,0.2643120439157075,0.1130155616704321,1.0506128031999826,0.0,1.1692584766899845,0.0776625829482292,0.0499540652804974,0.4565394225065493,108299953.0,150214022.0,86326664.0,184940171.0,17901484.0,3282624.0,5263758.0,53.70402460228226,18.63230196600564,29.137991211151355,1.6758520551581768,4.830321028727619,3.088751017453675,0.0528835406237257,0.0209373793829664,2001-08-14,0.05,bmo,30705444.0,2025-04-25,2001-06-30,0.1999999999999999,7.78796875,1076600.0
2001-03-31,TECH,USD,842023,2001-05-14,2001-05-14 00:00:00,2001,Q3,30240889.0,4332632.0,25908257.0,0.8567293442,3857116,4551285.0,0.0,4551285.0,0.0,13790877.0,18123509.0,0.0,0.0,3160163.0,17499856.0,0.5786819296,8957217.0,0.2961955583,3726295.0,12683512.0,0.4194159768,2519000.0,10164512.0,0.3361181611,0.0613,0.0597,165808436,170121532,https://www.sec.gov/Archives/edgar/data/842023/000084202301500009/0000842023-01-500009-index.htm,https://www.sec.gov/Archives/edgar/data/842023/000084202301500009/q301.txt,0.1823845018356002,0.0613027433658441,0.0541145566320883,0.05051083166842,0.5288705334630863,0.9940607605755356,0.8151280071178043,0.9940607605755356,0.1154579915342787,1082729087.08,1083251081.08,26.63012958910374,35.80348074687883,120.66993442071184,129.27920179312014,6.569014952586298,6.569014952586298,35.82074194578076,61.900571129271,120.72811054482231,129.34152852698742,0.009387862690022,0.0077351962738774,0.1161478212533322,0.0948805946523825,0.0298284740171576,8.254171537253232,0.0,0.8827428212982581,0.0,0.0,0.1505010318975742,0.1275463826476794,0.1470426241202823,0.0665943728998679,0.0197589429331922,0.1890813859917985,0.0,1.170948189781001,0.0380101433179858,0.0590617050655132,0.4004735500912632,100005900.0,135155100.0,76847111.0,176492434.0,16431456.5,3306370.0,4972384.0,52.024303915139534,64.14942233727673,105.73087675112956,1.729960676586952,1.4029744418711887,0.8512177593291214,0.061669010383582,0.0036037249636683,2001-05-01,0.05,bmo,28761904.0,2025-04-25,2001-03-31,0.0,7.579322033898305,1349240.6779661018
2000-12-31,TECH,USD,842023,2001-02-13,2001-02-13 00:00:00,2001,Q2,26688666.0,5835674.0,20852992.0,0.7813426119,3594500,4154722.0,0.0,4154722.0,0.0,10902839.0,16738513.0,0.0,0.0,3153617.0,13103770.0,0.4909863236,9950153.0,0.3728231677,485357.0,10435510.0,0.3910090523,3453000.0,6982510.0,0.2616282882,0.0421,0.0407,165829076,171361100,https://www.sec.gov/Archives/edgar/data/842023/000084202301500004/0000842023-01-500004-index.htm,https://www.sec.gov/Archives/edgar/data/842023/000084202301500004/q1200.txt,0.160940811127718,0.0421066689173375,0.0718728481608376,0.0621020043553761,0.487163306632668,0.9409156027619668,0.7486038938068978,0.9409156027619668,0.1167249222325764,1495778265.52,1498279415.52,53.554461988597225,56.0454488628244,125.4994094545269,145.24490946191406,9.586407084251404,9.586407084251404,56.13916467462255,114.33956911026368,125.70926198092933,145.4877792198687,0.0046681451127868,0.0068849228775361,0.1240546143457943,0.0992250868004836,0.1908725504186963,7.102832793086528,0.0,1.7069231551404866,0.0,0.0,0.1556736481321322,0.1346826401889101,0.1634796207085454,0.1359462447292502,0.0607107901159241,0.513787818875913,0.0,0.9441522598102184,0.0367357614878869,0.0427890115377455,0.3359216555605725,89687603.0,124140292.0,65339303.0,168754685.0,15463678.0,3157626.5,4696672.0,51.87224307127228,54.357176223346265,74.87329484134995,1.7350319683754627,1.6557151466110418,1.2020307132296266,0.0447507393795335,0.0097708438054614,2001-01-30,0.04063,bmo,26688666.0,2025-04-25,2000-12-31,-0.0155057839035195,7.956984126984127,1711568.253968254
2000-09-30,TECH,USD,842023,2000-11-14,2000-11-14 00:00:00,2001,Q1,27721563.0,5905853.0,21815710.0,0.7869581524,3268709,4474526.0,0.0,4474526.0,0.0,10863885.0,16769738.0,0.0,0.0,3120650.0,14072475.0,0.5076364201,10951825.0,0.3950652061,331225.0,11283050.0,0.4070134862,3780000.0,7503050.0,0.2706575383,0.0453,0.0439,165659664,171039920,https://www.sec.gov/Archives/edgar/data/842023/000084202300000006/0000842023-00-000006-index.htm,https://www.sec.gov/Archives/edgar/data/842023/000084202300000006/0000842023-00-000006-0001.txt,0.1673404516865372,0.0452919547150596,0.0745582883712718,0.0677555340206412,0.4270953610047163,0.8983530354136177,0.6924297274923846,0.8983530354136177,0.1180827216937974,2319235296.0,2317539311.0,77.27641745690086,83.6617796767087,187.7725509239877,206.6251886633348,15.58407379739542,15.58407379739542,83.60060040626136,164.68597819502256,187.6352386683799,206.4740900571694,0.0032351396225042,0.0048396810014743,0.1314435606481032,0.1050378067865315,-0.1205178904208392,7.904423228706095,0.0,1.6461706905858284,0.0,0.0,0.1614095857437764,0.1179121465842312,0.1831744079067079,0.091240752694797,0.0406521811198019,0.3611241247816961,0.0,0.956809130630046,0.0415709532556071,0.049323174268986,0.2853323682341888,82046000.0,114707676.0,56516606.0,162639413.0,17218152.5,2710426.5,4595056.5,50.46833290027695,42.527643339581935,69.16271366727212,1.7832964718259223,2.116270569741021,1.30127918972312,0.0504166546219843,0.0068027543506305,2000-10-24,0.04,bmo,27700000.0,2025-04-25,2000-09-30,0.0,6.895806451612904,2438232.193548387
2000-06-30,TECH,USD,842023,2000-09-27,2000-09-27 00:00:00,2000,Q4,27313357.0,5338463.0,21974894.0,0.8045475333,2878047,3829655.0,0.0,3829655.0,0.0,10069766.0,15408229.0,0.0,0.0,3362064.0,15267192.0,0.5589643192,11905128.0,0.4358720168,204829.0,12109957.0,0.4433712414,3589000.0,8520957.0,0.3119703301,0.0514,0.0498,165659664,171039920,https://www.sec.gov/Archives/edgar/data/842023/000084202300000004/0000842023-00-000004-index.htm,https://www.sec.gov/Archives/edgar/data/842023/000084202300000004/0000842023-00-000004-0001.txt,0.1648763274082217,0.0514365222906645,0.0713964022044617,0.0548209550877756,0.3611276852523375,0.8520201876058374,0.6326819424190068,0.8520201876058374,0.1192768566764689,2691969540.0,2694372796.0,78.98084510929934,98.5587212879032,227.60250514394247,296.4194982371539,19.07231804643295,19.07231804643295,98.64670959340516,176.4812282441984,227.8056972967416,296.684126765475,0.0031653244486562,0.0033735972361708,0.1399929936069178,0.1095250257246592,0.1574130986235059,6.870483794721409,0.0,1.388048783722298,0.0,0.0,0.140211801866757,0.1053714122361451,0.2014056005151966,0.2321608177008437,0.10053260754436,0.8167253805995365,0.0,0.993006291957602,0.0496632271376601,0.0591428863599692,0.223677152936879,73740051.0,104809878.0,47037002.0,156341728.0,16913975.5,2911240.5,4494210.0,62.24816597974391,44.34136941662797,78.42057723355954,1.4458257296975912,2.02970727300655,1.1476579639544546,0.0603700746049225,0.0165754471166861,2000-08-15,0.04125,bmo,22493352.0,2025-04-25,2000-06-30,0.2121212121212121,11.867777777777777,1574571.4285714286
2000-03-31,TECH,USD,842023,2000-05-16,2000-05-16 00:00:00,2000,Q3,26776906.0,6382933.0,20393973.0,0.7616254469,2468439,4356323.0,0.0,4356323.0,0.0,9132075.0,15515008.0,0.0,0.0,3189286.0,14451184.0,0.5396883419,11261898.0,0.4205824975,64640.0,11326538.0,0.422996518,3677000.0,7649538.0,0.2856766947,0.0469,0.045,162946384,169887960,https://www.sec.gov/Archives/edgar/data/842023/000084202300000002/0000842023-00-000002-index.htm,https://www.sec.gov/Archives/edgar/data/842023/000084202300000002/,0.1643295502648282,0.046945122758907,0.0602155062244277,0.0422833562234802,0.2993750263276784,0.7672964255530825,0.5301459527938956,0.7672964255530825,0.1224553286190137,1406227293.92,1408022645.92,45.95791582184441,52.51642194658338,143.31856594936414,204.09921942780176,11.247282943849669,11.247282943849669,52.583470469665166,97.43303011850102,143.5015429653322,204.3597960382704,0.0054397592999892,0.0048995777779235,0.1595932478516963,0.1204983833134241,0.1242356335646961,5.614668950741648,0.0,1.2806191463147234,0.0,0.0,0.1626895579347367,0.0921853704830573,0.2333605968132545,0.2977995391106248,0.1091231003313078,0.9161859425589302,0.0,0.9002602734911445,0.0494878772033251,0.0602563573685935,0.1324885629250907,58655285.0,86385366.0,30801376.0,141887145.0,14018384.5,3196158.5,4268402.5,50.20405307469056,45.01199213590367,61.14938853345319,1.7926839465750593,1.999467158180093,1.471805395907817,0.0611825119934163,0.0179321500009475,2000-04-25,0.0382,bmo,20844444.0,2025-04-25,2000-03-31,0.3089005235602096,13.074761904761903,2868203.1746031744
1999-12-31,TECH,USD,842023,2000-02-11,2000-02-11 00:00:00,2000,Q2,25100000.0,6300000.0,18800000.0,0.7490039841,2700000,4700000.0,0.0,4700000.0,0.0,10400000.0,16700000.0,0.0,0.0,3000000.0,11400000.0,0.4541832669,8400000.0,0.3346613546,0.0,8400000.0,0.3346613546,2800000.0,5600000.0,0.2231075697,0.0347,0.0332,161412504,168484368,https://www.sec.gov/Archives/edgar/data/842023/000084202300000001/0000842023-00-000001-index.htm,https://www.sec.gov/Archives/edgar/data/842023/000084202300000001/,0.1555022032246027,0.0346937186477201,0.0446062096899258,0.0427476176195123,0.2434755612241787,0.6796251670812318,0.4256175841247094,0.6796251670812318,0.1245256687177097,1110518027.52,1111918027.52,49.57669765714285,44.24374611633466,154.23861493333334,160.9446416695652,10.123227233546036,10.123227233546036,44.299523008764936,97.53666908070176,154.43305937777777,161.14754022028984,0.0050426916639128,0.0062133165144639,0.1832269826800364,0.1312010443864229,0.1228070175438596,4.089655172413793,0.0,1.2857142857142858,0.0,0.0,0.1872509960159362,0.1075697211155378,0.2676240208877284,0.0416666666666666,0.0119521912350597,0.1,0.0,0.7283689295158642,0.0403749098774333,0.0499108734402852,0.0478587458131496,44800000.0,68700000.0,15800000.0,128200000.0,13350000.0,3200000.0,4650000.0,46.97211155378486,45.71428571428572,60.0,1.916030534351145,1.96875,1.5,0.0510483135824977,0.0018585920704135,2000-02-08,0.02539,bmo,20536363.0,2025-04-25,1999-12-31,0.1815675462780622,10.587936507936508,2289053.9682539683
1999-09-30,TECH,USD,842023,1999-11-15,1999-11-15 00:00:00,2000,Q1,24600000.0,6200000.0,18400000.0,0.7479674797,3200000,4400000.0,0.0,4400000.0,0.0,10700000.0,16900000.0,0.0,0.0,3100000.0,10800000.0,0.4390243902,7700000.0,0.3130081301,-221053.0,7500000.0,0.3048780488,2700000.0,4800000.0,0.1951219512,0.03,0.03,160000000,160000000,https://www.sec.gov/Archives/edgar/data/842023/000084202399000005/0000842023-99-000005-index.htm,https://www.sec.gov/Archives/edgar/data/842023/000084202399000005/,0.15375,0.03,0.061875,-0.090625,0.20125,0.64625,0.375625,0.64625,0.1275,627200000.0,633500000.0,32.666666666666664,25.495934959349597,63.35353535353536,-43.25517241379311,6.065764023210832,6.065764023210832,25.752032520325205,58.657407407407405,63.98989898989899,-43.689655172413794,0.0076530612244897,-0.0231186224489795,0.1972920696324951,0.136,0.5833333333333334,3.268292682926829,0.0,2.0625,0.0,0.0,0.1788617886178861,0.1300813008130081,0.2886666666666667,2.4646464646464645,0.991869918699187,7.870967741935484,0.0,0.6604685836586022,0.0366666666666666,0.0449859418931583,-0.0103125,37200000.0,60100000.0,7000000.0,123400000.0,13550000.0,2800000.0,5400000.0,49.75609756097561,46.45161290322581,74.03225806451613,1.8088235294117647,1.9375,1.2156862745098038,0.04642166344294,0.1525,1999-10-21,0.02739,bmo,22363636.0,2025-04-25,1999-09-30,0.0952902519167578,8.776349206349206,1503263.492063492
1999-06-30,TECH,USD,842023,1999-09-27,1999-09-27 00:00:00,1999,Q4,24300000.0,6600000.0,17700000.0,0.7283950617,3300000,3700000.0,0.0,3700000.0,0.0,10100000.0,16700000.0,0.0,0.0,3100000.0,10700000.0,0.4403292181,7600000.0,0.3127572016,400000.0,8000000.0,0.329218107,2900000.0,5100000.0,0.2098765432,0.0319,0.0319,160000000,160000000,https://www.sec.gov/Archives/edgar/data/842023/000084202399000004/0000842023-99-000004-index.htm,https://www.sec.gov/Archives/edgar/data/842023/000084202399000004/,0.151875,0.031875,0.069375,0.079375,0.181875,0.605,0.32,0.605,0.0,507200000.0,494400000.0,24.862745098039216,20.872427983539097,45.69369369369369,39.93700787401575,5.239669421487603,5.239669421487603,20.34567901234568,46.20560747663552,44.54054054054054,38.92913385826772,0.0100552050473186,0.0250394321766561,0.0,0.0,-1.1962616822429906,3.77037037037037,0.0,2.176470588235294,0.0,0.0,0.1522633744855967,0.1358024691358024,0.3683360258481422,0.1441441441441441,0.0658436213991769,0.5161290322580645,0.0,0.6587096761851916,0.0439256572982774,0.0652173913043478,0.09421875,37400000.0,51200000.0,23900000.0,98100000.0,13550000.0,2500000.0,6450000.0,50.0,32.72727272727273,77.72727272727273,1.8,2.75,1.1578947368421053,0.0526859504132231,0.01,1999-08-10,0.02917,bmo,24300000.0,2025-04-25,1999-06-30,0.0284538909838874,5.30453125,1255575.0
1999-03-31,TECH,USD,842023,1999-05-14,1999-05-14 00:00:00,1999,Q3,23800000.0,6700000.0,17100000.0,0.718487395,3000000,4300000.0,0.0,4300000.0,0.0,10200000.0,16900000.0,0.0,0.0,2900000.0,9800000.0,0.4117647059,6900000.0,0.2899159664,200000.0,7100000.0,0.2983193277,2600000.0,4500000.0,0.1890756303,0.03,0.0275,150000000,163636364,https://www.sec.gov/Archives/edgar/data/842023/000084202399000003/0000842023-99-000003-index.htm,https://www.sec.gov/Archives/edgar/data/842023/,0.1586666666666666,0.03,0.042,0.004,0.0753333333333333,0.6246666666666667,0.3046666666666666,0.6246666666666667,0.0,541500000.0,530200000.0,30.08333333333333,22.752100840336137,85.95238095238095,902.5,5.779082177161152,5.779082177161152,22.277310924369747,54.10204081632653,84.15873015873017,883.6666666666666,0.0083102493074792,0.0011080332409972,0.0,0.0,-1.153061224489796,3.9516129032258074,0.0,1.4,0.0,0.0,0.180672268907563,0.1260504201680672,0.3983402489626556,0.9047619047619048,0.2394957983193277,1.9655172413793105,0.0,0.6493458246574009,0.0404554989511537,0.0620689655172413,-0.0113333333333333,36600000.0,45700000.0,22200000.0,98100000.0,12950000.0,5700000.0,7900000.0,51.42857142857143,34.92537313432836,96.71641791044776,1.75,2.576923076923077,0.9305555555555556,0.048025613660619,0.038,1999-04-26,0.0291,bmo,23800000.0,2025-04-25,1999-03-31,0.0309278350515463,3.6834375,505450.0
1998-12-31,TECH,USD,842023,1999-02-12,1999-02-12 00:00:00,1999,Q2,21500000.0,5600000.0,15900000.0,0.7395348837,2900000,4500000.0,0.0,4500000.0,0.0,10400000.0,16000000.0,0.0,0.0,3000000.0,8500000.0,0.3953488372,5500000.0,0.2558139535,200000.0,5700000.0,0.2651162791,2100000.0,3600000.0,0.1674418605,0.0225,0.0225,160000000,160000000,https://www.sec.gov/Archives/edgar/data/842023/000084202399000001/0000842023-99-000001-index.htm,https://www.sec.gov/Archives/edgar/data/842023/,0.134375,0.0225,0.033125,0.03,0.085625,0.5425,0.228125,0.5425,0.0,422400000.0,408700000.0,29.333333333333336,19.64651162790698,79.69811320754717,88.0,4.8663594470046085,4.8663594470046085,19.009302325581395,48.08235294117648,77.11320754716981,85.14583333333333,0.0085227272727272,0.0113636363636363,0.0,0.0,-1.611764705882353,3.858267716535433,0.0,1.4722222222222223,0.0,0.0,0.2093023255813953,0.1348837209302325,0.4389179755671902,0.0943396226415094,0.0232558139534883,0.1666666666666666,0.0,0.5240616614483452,0.034089148287795,0.0559875583203732,-0.00359375,36300000.0,36500000.0,21200000.0,99100000.0,12650000.0,6250000.0,8900000.0,51.48837209302326,141.42857142857144,138.21428571428572,1.7479674796747968,0.6363636363636364,0.6511627906976745,0.0414746543778801,0.003125,1999-02-02,0.01942,bmo,18812500.0,2025-04-25,1998-12-31,0.0298661174047374,3.266031746031746,501053.9682539682
1998-09-30,TECH,USD,842023,1998-11-13,1998-11-13 00:00:00,1999,Q1,21300000.0,6100000.0,15200000.0,0.7136150235,2800000,4400000.0,0.0,4400000.0,0.0,10100000.0,16200000.0,0.0,0.0,2900000.0,8000000.0,0.3755868545,5100000.0,0.2394366197,200000.0,5300000.0,0.2488262911,1800000.0,3500000.0,0.1643192488,0.0225,0.0225,155555556,155555556,https://www.sec.gov/Archives/edgar/data/842023/000084202398000006/0000842023-98-000006-index.htm,https://www.sec.gov/Archives/edgar/data/842023/,0.1369285710373469,0.0224999999357142,0.0366428570381632,-0.1304999996271428,0.0681428569481632,0.538714284175102,0.1999285708573469,0.538714284175102,0.0,284666667.48,274066667.48,20.33333339142857,13.36463227605634,49.94152061052632,-14.022988545812808,3.396976938902148,3.396976938902148,12.866979693896717,34.258333435000004,48.081871487719305,-13.50082105812808,0.0122950819320843,-0.0713114752060889,0.0,0.0,-1.325,3.519083969465649,0.0,1.6285714285714286,0.0,0.0,0.2065727699530516,0.1314553990610328,0.4626865671641791,4.56140350877193,1.2206572769953052,8.96551724137931,0.0,0.5222299355498817,0.0334119496855346,0.0571895424836601,-0.033107142762551,33000000.0,31100000.0,16000000.0,98200000.0,11500000.0,3450000.0,6500000.0,54.929577464788736,54.59016393442623,135.7377049180328,1.6384615384615384,1.648648648648649,0.6630434782608695,0.0417661097852028,0.1671428566653061,1998-10-22,0.01647,bmo,15214285.0,2025-04-25,1998-09-30,0.2143290831815423,3.074262295081968,788340.9836065574
1998-06-30,TECH,USD,842023,1998-09-14,1998-09-14 00:00:00,1998,Q4,18600000.0,4500000.0,14100000.0,0.7580645161,2900000,3800000.0,0.0,3800000.0,0.0,7300000.0,11800000.0,0.0,0.0,600000.0,7400000.0,0.3978494624,6800000.0,0.3655913978,400000.0,7200000.0,0.3870967742,2400000.0,4800000.0,0.2580645161,0.0309,0.0309,155555556,155555556,https://www.sec.gov/Archives/edgar/data/842023/000084202398000004/0000842023-98-000004-index.htm,https://www.sec.gov/Archives/edgar/data/842023/,0.1195714282297959,0.0308571427689795,0.0430714284483673,0.0392142856022449,0.1761428566395918,0.4101428559710204,0.4082142845479591,0.4101428559710204,0.0,370222223.28,342822223.28,19.2824074625,19.90442060645161,55.257048250746266,60.69216775081967,5.802856164263323,5.802856164263323,18.43130232688172,46.32732747027027,51.16749601194029,56.20036447213114,0.0129651860373863,0.0164765905891785,0.0,0.0,-3.702702702702702,7.905405405405405,0.0,1.3958333333333333,0.0,0.0,0.2043010752688172,0.1559139784946236,0.0041152263374485,0.0895522388059701,0.032258064516129,1.0,0.0,0.5336256411600113,0.0692111959287531,0.0661157024793388,0.178071428062653,51100000.0,63500000.0,49400000.0,63100000.0,10100000.0,2800000.0,3850000.0,48.38709677419355,64.0,76.0,1.86,1.40625,1.1842105263157894,0.0752351097178683,0.0038571428461224,1998-08-11,0.0252,bmo,15218181.0,2025-04-25,1998-06-30,0.1904761904761904,2.20421875,464100.0
1998-03-31,TECH,USD,842023,1998-05-14,1998-05-14 00:00:00,1998,Q3,17700000.0,4900000.0,12800000.0,0.7231638418,2700000,3700000.0,0.0,3700000.0,0.0,7000000.0,11900000.0,0.0,0.0,600000.0,6400000.0,0.3615819209,5800000.0,0.3276836158,200000.0,6000000.0,0.3389830508,2000000.0,4000000.0,0.2259887006,0.0275,0.025,145454545,160000000,https://www.sec.gov/Archives/edgar/data/842023/000084202398000003/0000842023-98-000003-index.htm,https://www.sec.gov/Archives/edgar/data/842023/,0.1216875003802734,0.0275000000859375,0.0323125001009765,0.026812500083789,0.0831875002599609,0.4042500012632812,0.4021875012568359,0.4042500012632812,0.0,351999998.9,339899998.9,21.99999993125,19.88700558757062,74.89361678723404,90.25640997435896,5.986394539115646,5.986394539115646,19.203389768361586,53.109374828125,72.31914870212765,87.15384587179487,0.0113636363991477,0.011079545489169,0.0,0.0,-1.890625,7.96969696969697,0.0,1.175,0.0,0.0,0.2090395480225988,0.1525423728813559,0.0044843049327354,0.1702127659574468,0.0451977401129943,1.3333333333333333,0.0,0.5001296722484185,0.0641238253178551,0.06006006006006,0.0935000002921875,46000000.0,58500000.0,44500000.0,58100000.0,9500000.0,2450000.0,3950000.0,51.86440677966102,44.08163265306123,71.63265306122449,1.7352941176470589,2.0416666666666665,1.2564102564102564,0.0680272108843537,0.0055000000171875,1998-04-28,0.027,bmo,15733333.0,2025-04-25,1998-03-31,0.111111111111111,1.95203125,316875.0
1997-12-31,TECH,USD,842023,1998-02-12,1998-02-12 00:00:00,1998,Q2,15500000.0,4400000.0,11100000.0,0.7161290323,2500000,3900000.0,0.0,3900000.0,0.0,6900000.0,11300000.0,0.0,0.0,500000.0,4700000.0,0.3032258065,4200000.0,0.2709677419,300000.0,4500000.0,0.2903225806,1400000.0,3100000.0,0.2,0.0225,0.02,137777778,155000000,https://www.sec.gov/Archives/edgar/data/842023/000084202398000001/0000842023-98-000001-index.html,https://www.sec.gov/Archives/edgar/data/842023/,0.1124999998185483,0.0224999999637096,0.0261290322159209,0.0217741935132674,0.0718548385937825,0.3977419348423517,0.3955645154910249,0.3977419348423517,0.0,301733333.82,291833333.82,24.333333372580643,19.466666698064515,83.81481495,100.57777794,5.506082733941605,5.506082733941605,18.82795702064516,62.09219868510638,81.06481495,97.27777794,0.0102739725861688,0.0099425541156472,0.0,0.0,-2.106382978723404,8.428571428571429,0.0,1.1612903225806452,0.0,0.0,0.2516129032258064,0.1612903225806451,0.0048622366288492,0.1666666666666666,0.0387096774193548,1.2,0.0,0.4487280403419998,0.051574569221628,0.0504885993485342,0.0841935482513007,41600000.0,54500000.0,40300000.0,53500000.0,8950000.0,2300000.0,4050000.0,51.09677419354839,51.13636363636363,81.81818181818181,1.7613636363636365,1.76,1.1,0.0565693430656934,0.0043548387026534,1998-02-03,0.01938,bmo,15500000.0,2025-04-25,1997-12-31,0.0319917440660474,2.2306349206349205,346984.126984127
1997-09-30,TECH,USD,842023,1997-11-13,1997-11-13 00:00:00,1998,Q1,15500000.0,3900000.0,11600000.0,0.7483870968,2500000,4000000.0,0.0,4000000.0,0.0,7100000.0,11000000.0,0.0,0.0,600000.0,5100000.0,0.3290322581,4500000.0,0.2903225806,300000.0,4800000.0,0.3096774194,1500000.0,3300000.0,0.2129032258,0.0225,0.0225,146666667,146666667,https://www.sec.gov/Archives/edgar/data/842023/000084202397000009/0000842023-97-000009-index.html,https://www.sec.gov/Archives/edgar/data/842023/,0.1056818179416322,0.0224999999488636,0.0361363635542355,0.0293181817515495,0.0620454544044421,0.3490909082975206,0.3470454537567148,0.3490909082975206,0.0,325600000.74,316500000.74,24.666666722727275,21.00645166064516,61.43396240377359,75.72093040465117,6.359375014453126,6.359375014453126,20.41935488645161,62.0588236745098,59.71698127169812,73.60465133488373,0.0101351351121007,0.0132063881763736,0.0,0.0,-1.7843137254901962,6.696969696969697,0.0,1.606060606060606,0.0,0.0,0.2580645161290322,0.1612903225806451,0.0050933786078098,0.1886792452830188,0.064516129032258,1.6666666666666667,0.0,0.4203894288917918,0.0591539196940726,0.0563139931740614,0.0700568180225981,37600000.0,50900000.0,36500000.0,49600000.0,9100000.0,1850000.0,4100000.0,52.83870967741935,48.46153846153846,94.6153846153846,1.7032967032967032,1.8571428571428568,0.951219512195122,0.064453125,0.0068181818026859,1997-10-23,0.01848,bmo,15500000.0,2025-04-25,1997-09-30,0.0822510822510822,2.303934426229508,259986.88524590165
1997-06-30,TECH,USD,842023,1997-09-26,1997-09-26 00:00:00,1997,Q4,16200000.0,4200000.0,12000000.0,0.7407407407,2900000,3500000.0,0.0,3500000.0,0.0,7000000.0,11200000.0,0.0,0.0,600000.0,5600000.0,0.3456790123,5000000.0,0.3086419753,200000.0,5200000.0,0.3209876543,1700000.0,3500000.0,0.2160493827,0.0239,0.0239,146666668,146666668,https://www.sec.gov/Archives/edgar/data/842023/000084202397000008/0000842023-97-000008-index.htm,https://www.sec.gov/Archives/edgar/data/842023/,0.1104545444504132,0.0238636361466942,0.0361363633078512,0.0340909087809917,0.0586363631033057,0.3279545424731405,0.3252272697706612,0.3279545424731405,0.0,277200002.52,268600002.52,19.80000018,17.111111266666665,52.30188726792453,55.440000504,5.762993815384615,5.762993815384615,16.5802470691358,47.96428616428571,50.67924575849056,53.720000504,0.0126262625114784,0.0180375178735406,0.0,0.0,-1.5357142857142858,8.122448979591837,0.0,1.5142857142857142,0.0,0.0,0.2160493827160493,0.1790123456790123,0.0074211502782931,0.0566037735849056,0.0185185185185185,0.5,0.0,0.419629869254178,0.0686813186813186,0.0654205607476635,0.0796022720036157,34900000.0,47700000.0,34000000.0,46600000.0,9100000.0,1700000.0,4050000.0,50.55555555555556,34.285714285714285,87.85714285714286,1.78021978021978,2.625,1.024390243902439,0.0727650727650727,0.0020454545268595,1997-08-12,0.01852,bmo,14175000.0,2025-04-25,1997-06-30,0.0799136069114472,2.19609375,353087.5
1997-03-31,TECH,USD,842023,1997-05-15,1997-05-15 00:00:00,1997,Q3,16300000.0,4500000.0,11800000.0,0.7239263804,2900000,4100000.0,0.0,4100000.0,0.0,7600000.0,12100000.0,0.0,0.0,600000.0,4800000.0,0.2944785276,4200000.0,0.2576687117,200000.0,4400000.0,0.2699386503,1400000.0,3000000.0,0.1840490798,0.02,0.02,150000000,150000000,https://www.sec.gov/Archives/edgar/data/842023/000084202397000007/0000842023-97-000007-index.htm,https://www.sec.gov/Archives/edgar/data/842023/,0.1086666666666666,0.02,0.008,0.0046666666666666,0.036,0.2913333333333333,0.2886666666666667,0.2913333333333333,0.0,217500000.0,212100000.0,18.125,13.343558282208589,181.25,310.7142857142857,4.977116704805492,4.977116704805492,13.012269938650308,44.1875,176.75,303.0,0.0137931034482758,0.0032183908045977,0.0,0.0,-1.125,8.285714285714286,0.0,0.4137931034482758,0.0,0.0,0.2515337423312883,0.1779141104294478,0.0082304526748971,0.4166666666666667,0.0306748466257668,0.8333333333333334,0.0,0.3620773398046334,0.0644963144963145,0.0622406639004149,0.0621666666666666,30600000.0,43300000.0,29900000.0,42500000.0,8350000.0,1900000.0,4050000.0,50.24539877300613,36.0,80.0,1.7912087912087913,2.5,1.125,0.068649885583524,0.0033333333333333,1997-04-22,0.01777,bmo,13971428.0,2025-04-25,1997-03-31,0.1254924029262802,1.8578125,318275.0
1996-12-31,TECH,USD,842023,1997-02-14,1997-02-14 00:00:00,1997,Q2,14400000.0,4000000.0,10400000.0,0.7222222222,2900000,3700000.0,0.0,3700000.0,0.0,7200000.0,11200000.0,0.0,0.0,600000.0,3800000.0,0.2638888889,3200000.0,0.2222222222,200000.0,3400000.0,0.2361111111,1100000.0,2300000.0,0.1597222222,0.015,0.015,153333333,153333333,https://www.sec.gov/Archives/edgar/data/842023/000084202397000001/0000842023-97-000001-index.htm,https://www.sec.gov/Archives/edgar/data/842023/,0.0939130436824196,0.0150000000326086,0.0221739130916824,0.0143478261181474,0.0456521740122873,0.2732608701592627,0.2700000005869565,0.2732608701592627,0.0,249933332.79,242933332.79,27.166666607608693,17.35648144375,73.5098037617647,113.6060603590909,5.964996009307876,5.964996009307876,16.87037033263889,63.92982441842105,71.45098023235293,110.42424217727272,0.0092024540077353,0.0088023473117469,0.0,0.0,-1.8421052631578947,6.568627450980392,0.0,1.4782608695652173,0.0,0.0,0.2569444444444444,0.2013888888888889,0.0105042016806722,0.3529411764705882,0.0833333333333333,2.0,0.0,0.3036865882439353,0.0509342560553633,0.048832271762208,0.0590217392587429,28400000.0,41400000.0,27800000.0,40500000.0,7850000.0,1950000.0,3900000.0,47.5,45.0,92.25,1.894736842105263,2.0,0.975609756097561,0.0548926014319809,0.0078260869735349,1997-01-28,0.01467,bmo,14400000.0,2025-04-25,1996-12-31,0.0224948875255622,1.60625,368700.0
1996-09-30,TECH,USD,842023,1996-11-13,1996-11-13 00:00:00,1997,Q1,14000000.0,4300000.0,9700000.0,0.6928571429,2900000,3300000.0,0.0,3300000.0,0.0,6700000.0,11000000.0,0.0,0.0,500000.0,3500000.0,0.25,3000000.0,0.2142857143,100000.0,3100000.0,0.2214285714,900000.0,2200000.0,0.1571428571,0.015,0.015,146666667,146666667,https://www.sec.gov/Archives/edgar/data/842023/000084202396000004/0000842023-96-000004-index.html,https://www.sec.gov/Archives/edgar/data/842023/,0.0954545452376033,0.014999999965909,0.0177272726869834,0.0027272727210743,0.0381818180950413,0.2699999993863636,0.2665909084850206,0.2699999993863636,0.0,214133333.82,208533333.82,24.333333388636365,15.29523813,82.35897454615385,535.33333455,5.407407419696969,5.407407419696969,14.89523813,59.58095252,80.20512839230769,521.33333455,0.0102739725793897,0.0018679950144345,0.0,0.0,-1.6,6.36,0.0,1.181818181818182,0.0,0.0,0.2357142857142857,0.2071428571428571,0.0110864745011086,0.8461538461538461,0.1571428571428571,4.4,0.0,0.3018691762764053,0.0530930737671949,0.0493273542600896,0.0547159089665547,26800000.0,39100000.0,26300000.0,38000000.0,8250000.0,1800000.0,3700000.0,52.07142857142857,39.76744186046511,77.44186046511628,1.728395061728395,2.263157894736842,1.162162162162162,0.0555555555555555,0.014999999965909,1996-10-24,0.01688,bmo,,2025-04-25,1996-09-30,-0.1113744075829383,1.5508196721311476,271134.4262295082
1996-06-30,TECH,USD,842023,1996-09-27,1996-09-27 00:00:00,1996,Q4,14600000.0,4100000.0,10500000.0,0.7191780822,2900000,3200000.0,0.0,3200000.0,0.0,6700000.0,10800000.0,0.0,0.0,600000.0,4400000.0,0.301369863,3800000.0,0.2602739726,100000.0,3900000.0,0.2671232877,1300000.0,2600000.0,0.1780821918,0.0177,0.0177,146666668,146666668,https://www.sec.gov/Archives/edgar/data/842023/000084202396000003/0000842023-96-000003-index.html,https://www.sec.gov/Archives/edgar/data/842023/,0.0995454536404958,0.0177272725661157,0.0224999997954545,0.016363636214876,0.0504545449958677,0.2652272703161157,0.2611363612623967,0.2652272703161157,0.0,277200002.52,269800002.52,26.65384639615384,18.986301542465757,84.00000076363636,115.50000105,7.125964075064267,7.125964075064267,18.47945222739726,61.31818239090909,81.75757652121212,112.41666771666664,0.0093795092942411,0.0086580085792994,0.0,0.0,-1.681818181818182,6.66,0.0,1.2692307692307692,0.0,0.0,0.2191780821917808,0.1986301369863013,0.0135135135135135,0.2727272727272727,0.0616438356164383,1.5,0.0,0.3252529977407806,0.0642978003384094,0.0593607305936073,0.0685227266497933,28300000.0,38300000.0,27800000.0,37900000.0,8450000.0,1650000.0,3500000.0,51.78082191780822,37.31707317073171,81.21951219512195,1.738095238095238,2.411764705882353,1.108108108108108,0.0668380462724935,0.0061363635805785,1996-08-15,0.01962,bmo,,2025-04-25,1996-06-30,0.0193679918450561,1.52859375,304400.0
1996-03-31,TECH,USD,842023,1996-05-14,1996-05-14 00:00:00,1996,Q3,14700000.0,4500000.0,10200000.0,0.693877551,2600000,3500000.0,0.0,3500000.0,0.0,6600000.0,11100000.0,0.0,0.0,500000.0,4100000.0,0.2789115646,3600000.0,0.2448979592,100000.0,3700000.0,0.2517006803,1200000.0,2500000.0,0.1700680272,0.0175,0.0175,142857143,142857143,https://www.sec.gov/Archives/edgar/data/842023/000084202396000002/0000842023-96-000002-index.html,https://www.sec.gov/Archives/edgar/data/842023/,0.1028999998971,0.0174999999825,0.0181999999818,0.0090999999909,0.0398999999601,0.2477999997522,0.2428999997571,0.2477999997522,0.0,221428571.65,215728571.65,22.142857165,15.063168139455785,85.16483525,170.3296705,6.255044396892656,6.255044396892656,14.675413037414966,52.61672479268293,82.97252755769232,165.94505511538463,0.0112903225693548,0.0058709677360645,0.0,0.0,-1.3902439024390243,6.818181818181818,0.0,1.04,0.0,0.0,0.238095238095238,0.1768707482993197,0.0173697270471464,0.5,0.0884353741496598,2.6,0.0,0.3123639700811498,0.0677557780621847,0.0631313131313131,0.061774999938225,25600000.0,34700000.0,25100000.0,35000000.0,7900000.0,1550000.0,3300000.0,52.04081632653061,32.0,66.0,1.7294117647058824,2.8125,1.3636363636363635,0.0706214689265536,0.0090999999909,1996-04-22,,bmo,,2025-04-25,1996-03-31,,1.67546875,493725.0
1995-12-31,TECH,USD,842023,1996-02-13,1996-02-13 00:00:00,1996,Q2,12500000.0,4200000.0,8300000.0,0.664,2500000,3200000.0,0.0,3200000.0,0.0,6100000.0,10300000.0,0.0,0.0,400000.0,2600000.0,0.208,2200000.0,0.176,200000.0,2400000.0,0.192,700000.0,1700000.0,0.136,0.0125,0.0125,136000000,136000000,https://www.sec.gov/Archives/edgar/data/842023/000084202396000001/0000842023-96-000001-index.html,https://www.sec.gov/Archives/edgar/data/842023/,0.0919117647058823,0.0125,0.013235294117647,0.0044117647058823,0.0301470588235294,0.2404411764705882,0.2352941176470588,0.2404411764705882,0.0,171360000.0,167260000.0,25.2,13.7088,95.2,285.6,5.240366972477064,5.240366972477064,13.3808,64.33076923076923,92.92222222222222,278.76666666666665,0.0099206349206349,0.003501400560224,0.0,0.0,-1.5769230769230769,7.2105263157894735,0.0,1.0588235294117647,0.0,0.0,0.256,0.2,0.0189189189189189,0.6666666666666666,0.096,3.0,0.0,0.2600463052657217,0.046937751004016,0.046831955922865,0.0509191176470588,23600000.0,32000000.0,23100000.0,32100000.0,7600000.0,1650000.0,3350000.0,52.56,32.142857142857146,70.71428571428572,1.7123287671232876,2.8,1.2727272727272727,0.0519877675840978,0.0088235294117647,1996-02-06,,bmo,,2025-04-25,1995-12-31,,1.7368253968253968,554793.6507936508
1995-09-30,TECH,USD,842023,1995-11-14,1995-11-14 00:00:00,1996,Q1,12800000.0,4300000.0,8500000.0,0.6640625,2500000,3100000.0,0.0,3100000.0,0.0,6000000.0,10300000.0,0.0,0.0,400000.0,2900000.0,0.2265625,2500000.0,0.1953125,100000.0,2600000.0,0.203125,800000.0,1800000.0,0.140625,0.0125,0.0125,144000000,144000000,https://www.sec.gov/Archives/edgar/data/842023/000084202395000008/0000842023-95-000008-index.html,https://www.sec.gov/Archives/edgar/data/842023/,0.0888888888888888,0.0125,0.0145833333333333,-0.00625,0.0416666666666666,0.2166666666666666,0.2111111111111111,0.2166666666666666,0.0,169920000.0,163920000.0,23.6,13.275,80.91428571428571,-188.8,5.4461538461538455,5.4461538461538455,12.80625,56.52413793103448,78.05714285714286,-182.13333333333333,0.010593220338983,-0.0052966101694915,0.0,0.0,-2.068965517241379,5.829787234042553,0.0,1.1666666666666667,0.0,0.0,0.2421875,0.1953125,0.0220385674931129,1.4285714285714286,0.234375,7.5,0.0,0.2468552207266437,0.0547711781888997,0.0507042253521126,0.0592013888888888,22700000.0,30400000.0,22300000.0,30500000.0,7650000.0,2000000.0,3350000.0,55.546875,37.67441860465116,71.16279069767441,1.620253164556962,2.388888888888889,1.2647058823529411,0.0576923076923076,0.0208333333333333,1995-10-19,,bmo,,2025-04-25,1995-09-30,,1.2866666666666666,431238.09523809527
1995-06-30,TECH,USD,842023,1995-09-25,1995-09-25 00:00:00,1995,Q4,12800000.0,4100000.0,8700000.0,0.6796875,2400000,3000000.0,0.0,3000000.0,0.0,5900000.0,10000000.0,0.0,0.0,500000.0,3300000.0,0.2578125,2800000.0,0.21875,200000.0,3000000.0,0.234375,900000.0,2100000.0,0.1640625,0.0146,0.0146,144000000,144000000,https://www.sec.gov/Archives/edgar/data/842023/000084202395000006/0000842023-95-000006-index.html,https://www.sec.gov/Archives/edgar/data/842023/,0.0888888888888888,0.0145833333333333,0.0173611111111111,0.0131944444444444,0.0368055555555555,0.2048611111111111,0.1993055555555555,0.2048611111111111,0.0,121500000.0,116200000.0,14.464285714285714,9.4921875,48.6,63.94736842105263,4.11864406779661,4.11864406779661,9.078125,35.21212121212121,46.48,61.1578947368421,0.0172839506172839,0.0156378600823045,0.0,0.0,-1.606060606060606,6.780487804878049,0.0,1.1904761904761905,0.0,0.0,0.234375,0.1875,0.0234604105571847,0.24,0.046875,1.2,0.0,0.2592683013469509,0.0653333333333333,0.063063063063063,0.0548611111111111,23700000.0,28700000.0,23200000.0,28800000.0,7300000.0,1850000.0,3100000.0,52.03125,48.29268292682927,72.4390243902439,1.7297297297297298,1.8636363636363635,1.2424242424242424,0.0711864406779661,0.0041666666666666,1995-08-01,,bmo,,2025-04-25,1995-06-30,,1.3547619047619046,753447.619047619
1995-03-31,TECH,USD,842023,1995-05-10,1995-05-10 00:00:00,1995,Q3,12600000.0,4600000.0,8000000.0,0.6349206349,2100000,0.0,0.0,2900000.0,400000.0,5400000.0,10000000.0,0.0,0.0,400000.0,3000000.0,0.2380952381,2600000.0,0.2063492063,100000.0,2700000.0,0.2142857143,900000.0,1800000.0,0.1428571429,0.0125,0.0125,144000000,144000000,https://www.sec.gov/Archives/edgar/data/842023/000084202395000005/0000842023-95-000005-index.html,https://www.sec.gov/Archives/edgar/data/842023/,0.0875,0.0125,0.0145833333333333,0.0131944444444444,0.0361111111111111,0.19375,0.1875,0.19375,0.0,121500000.0,116300000.0,16.875,9.642857142857142,57.85714285714285,63.94736842105263,4.354838709677419,4.354838709677419,9.23015873015873,38.766666666666666,55.38095238095238,61.21052631578947,0.0148148148148148,0.0156378600823045,0.0,0.0,-1.7333333333333334,7.558823529411764,0.0,1.1666666666666667,0.0,0.0,0.0,0.1666666666666666,0.0283018867924528,0.0952380952380952,0.0158730158730158,0.5,0.0,0.2334356174622887,0.0610328638497652,0.058252427184466,0.0565972222222222,22300000.0,27000000.0,21800000.0,27300000.0,7000000.0,1300000.0,2750000.0,51.42857142857143,29.347826086956523,56.73913043478261,1.75,3.066666666666667,1.5862068965517242,0.064516129032258,0.0013888888888888,1995-05-01,,bmo,,2025-04-25,1995-03-31,,1.1109557142857145,796926.9841269841
1994-12-31,TECH,USD,842023,1994-12-31,1994-12-30 19:00:00,1995,Q2,11400000.0,4000000.0,7400000.0,0.649122807,2100000,0.0,0.0,2900000.0,400000.0,5400000.0,9400000.0,0.0,0.0,400000.0,2400000.0,0.2105263158,2000000.0,0.1754385965,0.0,2000000.0,0.1754385965,600000.0,1400000.0,0.1228070175,0.01,0.01,140000000,140000000,,,0.0814285714285714,0.01,0.0057142857142857,0.0035714285714285,0.0321428571428571,0.185,0.1778571428571428,0.185,0.0,89688200.0,85188200.0,16.01575,7.86738596491228,112.11025,179.3764,3.462864864864865,3.462864864864865,7.4726491228070175,35.49508333333333,106.48525,170.3764,0.0156096342662691,0.0055748693808104,0.0,0.0,-1.875,8.392857142857142,0.0,0.5714285714285714,0.0,0.0,0.0,0.1842105263157894,0.0343642611683848,0.375,0.0263157894736842,0.75,0.0,0.2040220576310316,0.053231939163498,0.0498220640569395,0.055,20700000.0,24900000.0,20300000.0,25900000.0,6850000.0,1250000.0,2450000.0,53.68421052631579,24.75,58.5,1.6764705882352942,3.636363636363636,1.5384615384615383,0.054054054054054,0.0021428571428571,1995-01-23,,bmo,,2025-04-25,1994-12-31,,0.8673288888888889,318653.9682539682
1994-09-30,TECH,USD,842023,1994-09-30,1994-09-29 20:00:00,1995,Q1,11000000.0,4100000.0,6900000.0,0.6272727273,2000000,0.0,0.0,2400000.0,400000.0,4800000.0,8900000.0,0.0,0.0,400000.0,2500000.0,0.2272727273,2100000.0,0.1909090909,-100000.0,2000000.0,0.1818181818,600000.0,1400000.0,0.1272727273,0.01,0.01,140000000,140000000,,,0.0785714285714285,0.01,0.0135714285714285,0.0121428571428571,0.0428571428571428,0.175,0.1678571428571428,0.175,0.0,87500000.0,81500000.0,15.625,7.954545454545454,46.05263157894737,51.47058823529411,3.571428571428572,3.571428571428572,7.409090909090909,32.6,42.89473684210526,47.94117647058823,0.016,0.0194285714285714,0.0,0.0,-2.4,6.162162162162162,0.0,1.3571428571428572,0.0,0.0,0.0,0.1818181818181818,0.0352112676056338,0.1052631578947368,0.0181818181818181,0.5,0.0,0.1984313483298443,0.0595141700404858,0.0510948905109489,0.0601785714285714,19100000.0,23500000.0,18900000.0,24300000.0,6750000.0,1650000.0,2400000.0,56.45454545454545,30.73170731707317,50.487804878048784,1.5942028985507246,2.9285714285714284,1.7826086956521738,0.0571428571428571,0.0014285714285714,1994-10-20,,bmo,,2025-04-25,1994-09-30,,0.7554580952380953,695568.253968254
1994-06-30,TECH,USD,842023,1994-06-30,1994-06-29 20:00:00,1994,Q4,10900000.0,3900000.0,7000000.0,0.6422018349,1800000,0.0,0.0,2300000.0,400000.0,4500000.0,8400000.0,0.0,0.0,400000.0,2900000.0,0.2660550459,2500000.0,0.2293577982,-200000.0,2300000.0,0.2110091743,600000.0,1700000.0,0.1559633028,0.0121,0.0121,140000000,140000000,,,0.0778571428571428,0.0121428571428571,0.0128571428571428,0.0114285714285714,0.0421428571428571,0.1642857142857142,0.1564285714285714,0.1642857142857142,0.0,91875000.0,85975000.0,13.511029411764708,8.428899082568808,51.04166666666666,57.421875,3.994565217391304,3.994565217391304,7.887614678899083,29.64655172413793,47.763888888888886,53.734375,0.0185034013605442,0.0174149659863945,0.0,0.0,-2.034482758620689,5.805555555555555,0.0,1.0588235294117647,0.0,0.0,0.0,0.1651376146788991,0.0410447761194029,0.1111111111111111,0.018348623853211,0.5,0.0,0.2118612849994841,0.079647676161919,0.0661478599221789,0.0592857142857142,17300000.0,21900000.0,17100000.0,22800000.0,6550000.0,1700000.0,2500000.0,54.4954128440367,43.84615384615385,57.692307692307686,1.6515151515151516,2.0526315789473686,1.56,0.0739130434782608,0.0014285714285714,1994-08-16,,bmo,,2025-04-25,1994-06-30,,0.6653049206349207,355453.9682539682
1994-03-31,TECH,USD,842023,1994-03-31,1994-03-30 19:00:00,1994,Q3,11000000.0,4100000.0,6900000.0,0.6272727273,1800000,0.0,0.0,2500000.0,500000.0,4800000.0,8900000.0,0.0,0.0,500000.0,2600000.0,0.2363636364,2100000.0,0.1909090909,0.0,2100000.0,0.1909090909,600000.0,1500000.0,0.1363636364,0.01,0.01,150000000,150000000,,,0.0733333333333333,0.01,0.014,0.014,0.034,0.1413333333333333,0.1326666666666666,0.1413333333333333,0.0,107812500.0,102712500.0,17.96875,9.801136363636363,51.33928571428572,51.33928571428572,5.085495283018868,5.085495283018868,9.3375,39.50480769230769,48.910714285714285,48.910714285714285,0.0139130434782608,0.0194782608695652,0.0,0.0,-1.9615384615384617,4.948717948717949,0.0,1.4,0.0,0.0,0.0,0.1636363636363636,0.0511811023622047,0.0,0.0,0.0,0.0,0.1783255450012701,0.0697674418604651,0.0622406639004149,0.0468333333333333,15400000.0,19900000.0,15100000.0,21100000.0,6000000.0,1250000.0,2550000.0,53.18181818181818,32.926829268292686,54.87804878048781,1.6923076923076923,2.7333333333333334,1.64,0.070754716981132,0.0,1994-05-02,,bmo,,2025-04-25,1994-03-31,,0.6102321875,214300.0
1993-12-31,TECH,USD,842023,1993-12-31,1993-12-30 19:00:00,1994,Q2,9000000.0,3400000.0,5600000.0,0.6222222222,0,0.0,0.0,3800000.0,500000.0,4300000.0,7700000.0,0.0,0.0,500000.0,1800000.0,0.2,1300000.0,0.1444444444,-100000.0,1200000.0,0.1333333333,400000.0,800000.0,0.0888888889,0.0075,0.0075,106666667,106666667,,,0.0843749997363281,0.0074999999765625,0.0065624999794921,0.0018749999941406,0.0318749999003906,0.1846874994228515,0.1715624994638672,0.1846874994228515,0.0,73333333.5625,69933333.5625,22.91666673828125,8.14814817361111,104.76190508928572,366.6666678125,3.722504241751269,3.722504241751269,7.770370395833333,38.85185197916667,99.90476223214286,349.6666678125,0.010909090875,0.00272727271875,0.0,0.0,-1.8888888888888888,5.354838709677419,0.0,0.875,0.0,0.0,0.0,0.0,0.0608695652173913,0.7142857142857143,0.0555555555555555,1.0,0.0,0.1765389912461618,0.0435510887772194,0.037037037037037,0.0517968748381347,13500000.0,18300000.0,13300000.0,19600000.0,5650000.0,1250000.0,2550000.0,55.0,26.47058823529412,68.8235294117647,1.6363636363636365,3.4,1.3076923076923077,0.0406091370558375,0.0046874999853515,1994-02-01,,bmo,,2025-04-25,1993-12-31,,0.7040719354838709,184129.0322580645
1993-09-30,TECH,USD,842023,1993-09-30,1993-09-29 20:00:00,1994,Q1,9400000.0,3900000.0,5500000.0,0.585106383,0,0.0,0.0,3500000.0,400000.0,3900000.0,7800000.0,0.0,0.0,400000.0,2000000.0,0.2127659574,1600000.0,0.170212766,0.0,1600000.0,0.170212766,500000.0,1100000.0,0.1170212766,0.0075,0.0075,146666667,146666667,,,0.0640909089452479,0.0074999999829545,0.0115909090645661,0.0074999999829545,0.0231818181291322,0.1288636360707644,0.1179545451864669,0.1288636360707644,0.0,139792400.31771,136392400.31771,31.77100007220682,14.871531948692557,82.2308237163,127.08400028882728,7.396423297233334,7.396423297233334,14.50982982103298,68.196200158855,80.23082371630001,123.9930911979182,0.0078688111621232,0.0078688111621232,0.0,0.0,-1.7,4.527777777777778,0.0,1.5454545454545454,0.0,0.0,0.0,0.0,0.0704845814977973,0.3529411764705882,0.0638297872340425,1.5,0.0,0.1474643636188735,0.0575916230366492,0.0521327014218009,0.0354545453739669,12700000.0,17300000.0,12500000.0,18900000.0,5300000.0,1050000.0,2100000.0,55.53191489361703,34.61538461538461,57.692307692307686,1.6206896551724137,2.6,1.56,0.0582010582010582,0.0040909090816115,1993-10-22,,bmo,,2025-04-25,1993-09-30,,0.6509198412698413,252723.80952380956
1993-06-30,TECH,USD,842023,1993-06-30,1993-06-29 20:00:00,1993,Q4,7700000.0,3300000.0,4400000.0,0.5714285714,0,0.0,0.0,2200000.0,400000.0,2600000.0,5900000.0,0.0,0.0,400000.0,2200000.0,0.2857142857,1800000.0,0.2337662338,0.0,1800000.0,0.2337662338,600000.0,1200000.0,0.1558441558,0.0082,0.0082,146666668,146666668,,,0.0524999995227272,0.008181818107438,0.0115909089855371,0.0095454544586776,0.0272727270247933,0.1213636352603305,0.1097727262747934,0.1213636352603305,0.0,135209067.89584002,131209067.89584002,28.168555811633333,17.559619207251952,79.53474582108235,96.57790563988571,7.596015050328091,7.596015050328091,17.04013868777143,59.64048540720001,77.18180464461177,93.72076278274288,0.0088751443869462,0.0103543351181039,0.0,0.0,-1.818181818181818,6.25,0.0,1.4166666666666667,0.0,0.0,0.0,0.0,0.0833333333333333,0.1764705882352941,0.0389610389610389,0.75,0.0,0.1494722106029853,0.0666666666666666,0.0641711229946524,0.0398863632737603,12600000.0,16100000.0,12400000.0,18000000.0,4700000.0,600000.0,1700000.0,56.1038961038961,16.363636363636363,46.36363636363637,1.6041666666666667,5.5,1.9411764705882355,0.0674157303370786,0.0020454545268595,1993-08-17,,bmo,,2025-04-25,1993-06-30,,0.79895265625,240375.0
1993-03-31,TECH,USD,842023,1993-03-31,1993-03-30 19:00:00,1993,Q3,7800000.0,3200000.0,4600000.0,0.5897435897,0,0.0,0.0,2300000.0,300000.0,2600000.0,5800000.0,0.0,0.0,300000.0,2300000.0,0.2948717949,2000000.0,0.2564102564,-200000.0,1800000.0,0.2307692308,600000.0,1200000.0,0.1538461538,0.01,0.01,120000000,120000000,,,0.065,0.01,0.0116666666666666,0.0041666666666666,0.0208333333333333,0.1375,0.1225,0.1375,0.0,112500000.0,110000000.0,23.4375,14.423076923076923,80.35714285714285,225.0,6.8181818181818175,6.8181818181818175,14.102564102564102,47.82608695652174,78.57142857142857,220.0,0.0106666666666666,0.0044444444444444,0.0,0.0,-1.0869565217391304,5.666666666666667,0.0,1.0769230769230769,0.0,0.0,0.0,0.0,0.0947368421052631,0.6428571428571429,0.1153846153846153,3.0,0.0,0.1758905909933786,0.0803212851405622,0.0697674418604651,0.0358333333333333,11200000.0,14700000.0,11100000.0,16600000.0,4150000.0,650000.0,1900000.0,53.07692307692307,16.875,47.8125,1.6956521739130437,5.333333333333333,1.8823529411764703,0.0727272727272727,0.0075,1993-05-03,,bmo,,2025-04-25,1993-03-31,,0.93305421875,259250.0
1992-12-31,TECH,USD,842023,1992-12-31,1992-12-30 19:00:00,1993,Q2,6900000.0,2900000.0,4000000.0,0.5797101449,0,0.0,0.0,2200000.0,300000.0,2500000.0,5400000.0,0.0,0.0,300000.0,1800000.0,0.2608695652,1500000.0,0.2173913043,0.0,1500000.0,0.2173913043,500000.0,1000000.0,0.1449275362,0.0075,0.0075,133333333,133333333,,,0.051750000129375,0.00750000001875,0.006750000016875,0.002250000005625,0.015750000039375,0.114750000286875,0.10050000025125,0.114750000286875,0.000750000001875,141333332.98000002,139333332.98000002,35.333333245,20.483091736231888,157.03703664444444,471.1111099333334,9.23747274379085,9.23747274379085,20.19323666376812,77.40740721111112,154.81481442222224,464.4444432666667,0.0070754717158018,0.0021226415147405,0.0065359477124183,0.0057803468208092,-1.1111111111111112,6.888888888888889,0.0,0.9,0.0,0.0,0.0,0.0,0.1098265895953757,0.6666666666666666,0.0869565217391304,2.0,0.0,0.139154815212483,0.064516129032258,0.0649350649350649,0.0294375000735937,10600000.0,13400000.0,10400000.0,15400000.0,3700000.0,600000.0,2100000.0,48.26086956521739,21.724137931034484,65.17241379310344,1.864864864864865,4.142857142857143,1.380952380952381,0.065359477124183,0.00450000001125,1992-12-30,,bmo,,2025-04-25,1992-12-31,,0.8727707936507937,204317.46031746035
1992-09-30,TECH,USD,842023,1992-09-30,1992-09-29 20:00:00,1993,Q1,6300000.0,2600000.0,3700000.0,0.5873015873,0,0.0,0.0,1900000.0,300000.0,2200000.0,4800000.0,0.0,0.0,300000.0,1800000.0,0.2857142857,1500000.0,0.2380952381,-200000.0,1300000.0,0.2063492063,400000.0,900000.0,0.1428571429,0.0075,0.0075,120000000,120000000,,,0.0525,0.0075,0.0041666666666666,-0.0025,0.0208333333333333,0.1008333333333333,0.0833333333333333,0.1008333333333333,0.0175,95625600.0,95225600.0,26.56266666666667,15.178666666666668,191.2512,-318.752,7.9029421487603315,7.9029421487603315,15.115174603174603,52.90311111111111,190.4512,-317.41866666666664,0.0094117056520429,-0.0031372352173476,0.1735537190082644,0.1265060240963855,-0.2222222222222222,5.217391304347826,0.0,0.5555555555555556,0.0,0.0,0.0,0.0,0.1265060240963855,1.6,0.1269841269841269,2.6666666666666665,0.0,0.1304439534819456,0.0726196880043033,0.0620689655172413,0.0152083333333333,9700000.0,10000000.0,7500000.0,14300000.0,3450000.0,450000.0,2150000.0,52.85714285714285,17.307692307692307,72.6923076923077,1.7027027027027026,5.2,1.238095238095238,0.0743801652892562,0.0066666666666666,1993-02-01,,bmo,,2025-04-25,1992-09-30,,1.0043811290322582,804954.8387096775
1992-06-30,TECH,USD,842023,1992-06-30,1992-06-29 20:00:00,1992,Q4,6300000.0,2000000.0,4300000.0,0.6825396825,0,0.0,0.0,1900000.0,300000.0,2200000.0,4200000.0,0.0,0.0,300000.0,2400000.0,0.380952381,2100000.0,0.3333333333,-500000.0,1600000.0,0.253968254,500000.0,1100000.0,0.1746031746,0.0092,0.0092,120000000,120000000,,,0.0525,0.0091666666666666,0.015,0.0141666666666666,0.0375,0.0933333333333333,0.075,0.0933333333333333,0.0175,67500000.0,65100000.0,15.340909090909092,10.714285714285714,37.5,39.70588235294117,6.026785714285714,6.026785714285714,10.333333333333334,27.125,36.16666666666666,38.294117647058826,0.0162962962962962,0.0251851851851851,0.1875,0.1337579617834395,-1.0,4.833333333333333,0.0,1.6363636363636365,0.0,0.0,0.0,0.0,0.1401273885350318,0.0555555555555555,0.0158730158730158,0.3333333333333333,0.0,0.138744369255116,0.1085526315789473,0.0814814814814814,0.0291666666666666,9200000.0,9000000.0,7100000.0,13300000.0,3150000.0,400000.0,2200000.0,45.71428571428572,18.0,99.0,1.96875,5.0,0.9090909090909092,0.0982142857142857,0.0008333333333333,1992-06-29,,bmo,,2025-04-25,1992-06-30,,0.91546078125,633775.0
1992-03-31,TECH,USD,842023,1992-03-31,1992-03-30 19:00:00,1992,Q3,5900000.0,2500000.0,3400000.0,0.5762711864,0,0.0,0.0,1900000.0,300000.0,2200000.0,4700000.0,0.0,0.0,200000.0,1500000.0,0.2542372881,1200000.0,0.2033898305,-100000.0,1100000.0,0.186440678,400000.0,700000.0,0.1186440678,0.005,0.005,140000000,140000000,,,0.0421428571428571,0.005,0.0128571428571428,0.0114285714285714,0.0278571428571428,0.0707142857142857,0.0535714285714285,0.0707142857142857,0.0178571428571428,83125000.0,81725000.0,29.6875,14.08898305084746,46.18055555555556,51.953125,8.396464646464647,8.396464646464647,13.851694915254235,54.48333333333333,45.40277777777778,51.078125,0.0084210526315789,0.0192481203007518,0.2525252525252525,0.1736111111111111,-0.9333333333333332,4.857142857142857,0.0,2.25,0.0,0.0,0.0,0.0,0.1666666666666666,0.1111111111111111,0.0338983050847457,1.0,0.0,0.0891928088068603,0.061090909090909,0.0583333333333333,0.0201785714285714,8100000.0,7500000.0,5700000.0,12400000.0,3200000.0,550000.0,2400000.0,47.28813559322033,14.4,79.2,1.903225806451613,6.25,1.1363636363636365,0.0707070707070707,0.0014285714285714,1992-03-30,,bmo,,2025-04-25,1992-03-31,,0.6901865625,346325.0
1991-12-31,TECH,USD,842023,1991-12-31,1991-12-30 19:00:00,1992,Q2,4900000.0,2300000.0,2600000.0,0.5306122449,0,0.0,0.0,1700000.0,200000.0,1900000.0,4200000.0,0.0,0.0,300000.0,1000000.0,0.2040816327,700000.0,0.1428571429,-200000.0,500000.0,0.1020408163,200000.0,300000.0,0.0612244898,0.0025,0.0025,120000000,120000000,,,0.0408333333333333,0.0025,0.0016666666666666,0.0,0.0183333333333333,0.0758333333333333,0.055,0.0758333333333333,0.0216666666666666,91875600.0,92275600.0,76.563,18.750122448979592,459.378,0.0,10.09621978021978,10.09621978021978,18.831755102040816,92.2756,461.378,0.0,0.00326528479814,0.0,0.2857142857142857,0.1954887218045112,0.4,4.7368421052631575,0.0,0.6666666666666666,0.0,0.0,0.0,0.0,0.18796992481203,1.0,0.0408163265306122,0.6666666666666666,0.0,0.0653117523880656,0.0362068965517241,0.0277777777777777,0.0147916666666666,7100000.0,6600000.0,4800000.0,11400000.0,3350000.0,850000.0,3400000.0,60.61224489795918,27.39130434782609,101.7391304347826,1.4848484848484849,3.2857142857142856,0.8846153846153846,0.0329670329670329,0.0016666666666666,1991-12-30,,bmo,,2025-04-25,1991-12-31,,0.6118569841269842,329498.4126984127
1991-09-30,TECH,USD,842023,1991-09-30,1991-09-29 20:00:00,1992,Q1,5200000.0,2500000.0,2700000.0,0.5192307692,0,0.0,0.0,2200000.0,200000.0,2400000.0,4900000.0,0.0,0.0,200000.0,500000.0,0.0961538462,300000.0,0.0576923077,-300000.0,0.0,0.0,200000.0,-200000.0,-0.0384615385,-0.0015,-0.0015,133056000,133056000,,,0.039081289081289,-0.0015031265031265,0.0007515632515632,0.0,0.0135281385281385,0.0661375661375661,0.0465969215969215,0.0661375661375661,0.021043771043771,80041167.36,81041167.36,-100.0514592,15.392532184615384,800.4116736,0.0,9.0955872,9.0955872,15.584839876923075,162.08233472,810.4116736,0.0,-0.0024987141816718,0.0,0.3181818181818182,0.193103448275862,2.0,3.225806451612903,0.0,-0.5,0.0,0.0,0.0,0.0,0.1793103448275862,1.0,0.0192307692307692,0.5,0.0,,,-0.0168067226890756,0.0056367243867243,6900000.0,6200000.0,4300000.0,11400000.0,3400000.0,900000.0,3150000.0,58.84615384615384,36.0,151.2,1.5294117647058822,2.5,0.5952380952380952,-0.0227272727272727,0.0007515632515632,1991-09-29,,bmo,,2025-04-25,1991-09-30,,0.7366095238095238,560355.5555555555
1991-06-30,TECH,USD,842023,1991-06-30,1991-06-29 20:00:00,1991,Q4,5100000.0,2200000.0,2900000.0,0.568627451,0,0.0,0.0,1900000.0,200000.0,2100000.0,4300000.0,0.0,0.0,200000.0,1000000.0,0.1960784314,800000.0,0.1568627451,0.0,800000.0,0.1568627451,200000.0,600000.0,0.1176470588,0.0045,0.0045,133056000,133056000,,,0.0383297258297258,0.0045093795093795,0.006012506012506,0.0052609427609427,0.015031265031265,0.0473484848484848,0.0473484848484848,0.0473484848484848,0.006012506012506,56133665.28,54933665.28,23.3890272,11.006601035294116,70.16708159999999,80.19095039999999,8.9101056,8.9101056,10.771306917647058,54.93366527999999,68.66708159999999,78.47666468571428,0.0106887728960356,0.0124702350453748,0.1269841269841269,0.0833333333333333,-1.2,3.0,0.0,1.3333333333333333,0.0,0.0,0.0,0.0,0.0,0.125,0.0196078431372549,0.5,0.0,0.0693110847264583,0.0821917808219178,0.0625,0.0172859547859547,5200000.0,6300000.0,4500000.0,7000000.0,3500000.0,800000.0,2050000.0,60.0,32.72727272727273,85.9090909090909,1.5,2.75,1.0476190476190477,0.0952380952380952,0.0007515632515632,1991-06-29,,bmo,,2025-04-25,1991-06-30,,0.6818867187500001,532325.0
1991-03-31,TECH,USD,842023,1991-03-31,1991-03-30 19:00:00,1991,Q3,5400000.0,2400000.0,3000000.0,0.5555555556,0,0.0,0.0,2200000.0,100000.0,2300000.0,4700000.0,0.0,0.0,100000.0,800000.0,0.1481481481,700000.0,0.1296296296,0.0,700000.0,0.1296296296,200000.0,500000.0,0.0925925926,0.005,0.005,100000000,100000000,,,0.054,0.005,0.001,-0.001,0.015,0.057,0.057,0.057,0.011,31250000.0,30850000.0,15.625,5.787037037037037,312.5,-312.5,5.482456140350877,5.482456140350877,5.712962962962963,38.5625,308.5,-308.5,0.016,-0.0032,0.1929824561403508,0.1195652173913043,-0.5,2.740740740740741,0.0,0.2,0.0,0.0,0.0,0.0,0.0,2.0,0.037037037037037,2.0,0.0,0.0800780868902348,0.0714285714285714,0.0543478260869565,0.017,4700000.0,5700000.0,3900000.0,6500000.0,3350000.0,850000.0,2100000.0,60.0,30.0,75.0,1.5,3.0,1.2,0.087719298245614,0.002,1991-03-30,,bmo,,2025-04-25,1991-03-31,,0.52258359375,777350.0
1990-12-31,TECH,USD,842023,1990-12-31,1990-12-30 19:00:00,1991,Q2,4800000.0,2300000.0,2500000.0,0.5208333333,0,0.0,0.0,2000000.0,100000.0,2100000.0,4400000.0,0.0,0.0,100000.0,500000.0,0.1041666667,400000.0,0.0833333333,0.0,0.0,0.0,100000.0,300000.0,0.0625,0.0025,0.0025,120000000,120000000,,,0.04,0.0025,-0.0008333333333333,-0.0041666666666666,0.0125,0.0441666666666666,0.0441666666666666,0.0441666666666666,0.0083333333333333,23437200.0,22937200.0,19.531,4.88275,-234.372,-46.8744,4.42211320754717,4.42211320754717,4.778583333333334,45.8744,-229.372,-45.8744,0.0128001638420971,-0.0213336064034952,0.1886792452830188,0.1123595505617977,-1.0,2.730769230769231,0.0,-0.3333333333333333,0.0,0.0,0.0,0.0,0.0,-4.0,0.0833333333333333,4.0,0.0,0.0498435050934422,,0.0337078651685393,0.0110416666666666,4500000.0,5300000.0,3500000.0,6300000.0,2900000.0,800000.0,2150000.0,58.125,35.21739130434783,86.08695652173914,1.5483870967741935,2.555555555555556,1.0454545454545454,0.0566037735849056,0.0033333333333333,1990-12-30,,bmo,,2025-04-25,1990-12-31,,0.350586875,620850.0
1990-09-30,TECH,USD,842023,1990-09-30,1990-09-29 20:00:00,1991,Q1,4000000.0,1900000.0,2100000.0,0.525,0,0.0,0.0,1600000.0,100000.0,1700000.0,3600000.0,0.0,0.0,100000.0,500000.0,0.125,400000.0,0.1,-100000.0,300000.0,0.075,100000.0,200000.0,0.05,0.0016,0.0016,127440000,127440000,,,0.0313873195229127,0.0015693659761456,0.0078468298807281,0.0062774639045825,0.0164783427495291,0.0392341494036409,0.0392341494036409,0.0392341494036409,0.0078468298807281,17921887.2,16821887.2,22.402359,4.4804718,17.9218872,22.402359,3.58437744,3.58437744,4.2054718,33.6437744,16.8218872,21.027359,0.0111595390467584,0.0446381561870337,0.2,0.1162790697674418,-2.2,2.6923076923076925,0.0,5.0,0.0,0.0,0.0,0.0,0.0,0.2,0.05,2.0,0.0,0.0372207822524526,0.0423280423280423,0.0232558139534883,0.0123587570621468,4400000.0,5000000.0,3400000.0,5900000.0,2900000.0,650000.0,2000000.0,60.75,33.15789473684211,99.47368421052632,1.4814814814814814,2.7142857142857144,0.9047619047619048,0.04,0.0015693659761456,1990-09-29,,bmo,,2025-04-25,1990-09-30,,0.2273318032786885,599868.8524590164
1990-06-30,TECH,USD,842023,1990-06-30,1990-06-29 20:00:00,1990,Q4,4300000.0,1800000.0,2500000.0,0.5813953488,0,0.0,0.0,1700000.0,100000.0,1800000.0,3600000.0,0.0,0.0,100000.0,800000.0,0.1860465116,700000.0,0.1627906977,-100000.0,600000.0,0.1395348837,200000.0,400000.0,0.0930232558,0.0031,0.0031,127440000,127440000,,,0.0337413684871312,0.0031387319522912,0.0023540489642184,0.0023540489642184,0.0102008788449466,0.0360954174513496,0.0360954174513496,0.0360954174513496,0.008631512868801,20907806.4,20707806.4,13.067379000000004,4.862280558139536,69.692688,69.692688,4.5451753043478265,4.5451753043478265,4.815768930232559,25.884758,69.02602133333335,69.02602133333335,0.0191316100956435,0.0143487075717326,0.2391304347826087,0.1375,-0.25,2.8260869565217392,0.0,0.75,0.0,0.0,0.0,0.0,0.0,0.0,0.0,0.0,0.0,0.0504887254932373,0.0777777777777777,0.05,0.0092200251098556,4200000.0,4600000.0,3100000.0,5600000.0,2950000.0,700000.0,1850000.0,64.88372093023256,30.0,95.0,1.3870967741935485,3.0,0.9473684210526316,0.0869565217391304,0.0,1990-06-29,,bmo,,2025-04-25,1990-06-30,,0.16528390625,308687.5
1990-03-31,TECH,USD,842023,1990-03-31,1990-03-30 19:00:00,1990,Q3,4100000.0,2000000.0,2100000.0,0.512195122,0,0.0,0.0,1700000.0,0.0,1700000.0,3700000.0,0.0,0.0,100000.0,500000.0,0.1219512195,400000.0,0.0975609756,0.0,400000.0,0.0975609756,100000.0,300000.0,0.0731707317,0.0025,0.0025,120000000,120000000,,,0.0341666666666666,0.0025,0.0075,0.0058333333333333,0.0116666666666666,0.0341666666666666,0.0341666666666666,0.0341666666666666,0.01,11250000.0,11050000.0,9.375,2.7439024390243905,12.5,16.071428571428573,2.7439024390243905,2.7439024390243905,2.6951219512195124,22.1,12.27777777777778,15.785714285714286,0.0266666666666666,0.0622222222222222,0.2926829268292683,0.1578947368421052,-0.4,2.652173913043478,0.0,3.0,0.0,0.0,0.0,0.0,0.0,0.2222222222222222,0.048780487804878,2.0,0.0,0.0438391947918754,0.0535714285714285,0.0394736842105263,0.0075,3800000.0,4100000.0,2600000.0,5200000.0,3200000.0,800000.0,1700000.0,61.46341463414634,36.0,81.0,1.4642857142857142,2.5,1.1111111111111112,0.073170731707317,0.0016666666666666,1990-03-30,,bmo,,2025-04-25,1990-03-31,,0.1690219047619048,320736.507936508
1989-12-31,TECH,USD,842023,1989-12-31,1989-12-30 19:00:00,1990,Q2,4100000.0,2200000.0,1900000.0,0.4634146341,0,0.0,0.0,1700000.0,0.0,1700000.0,3900000.0,0.0,0.0,0.0,200000.0,0.0487804878,200000.0,0.0487804878,0.0,0.0,0.0,-200000.0,200000.0,0.0487804878,0.0016,0.0016,126880000,126880000,,,0.0323139974779319,0.0015762925598991,-0.0007881462799495,-0.0015762925598991,0.0063051702395964,0.0299495586380832,0.0299495586380832,0.0299495586380832,0.0094577553593947,10903813.44,11303813.44,13.6297668,2.6594666926829267,-109.0381344,-54.5190672,2.869424589473684,2.869424589473684,2.757027668292683,56.5190672,-113.0381344,-56.5190672,0.018342206705987,-0.018342206705987,0.3157894736842105,0.1621621621621621,2.0,2.48,0.0,-0.5,0.0,0.0,0.0,0.0,0.0,-1.0,0.024390243902439,0.0,0.0,0.0325915402398097,,0.027027027027027,0.0055170239596469,3700000.0,3800000.0,2600000.0,4900000.0,3050000.0,750000.0,1700000.0,79.02439024390245,32.72727272727273,65.45454545454545,1.1388888888888888,2.75,1.375,0.0526315789473684,0.0007881462799495,1989-12-30,,bmo,,2025-04-25,1989-12-31,,0.1325042222222222,385396.8253968254
1989-09-30,TECH,USD,842023,1989-09-30,1989-09-29 20:00:00,1990,Q1,3200000.0,1400000.0,1800000.0,0.5625,0,0.0,0.0,1500000.0,100000.0,1600000.0,3000000.0,0.0,0.0,100000.0,300000.0,0.09375,200000.0,0.0625,0.0,0.0,0.0,100000.0,100000.0,0.03125,0.0008,0.0008,126864000,126864000,,,0.0252238617732374,0.0007882456804136,0.0,-0.0007882456804136,0.0078824568041367,0.0260121074536511,0.0260121074536511,0.0260121074536511,0.007094211123723,12884307.84,12784307.84,32.2107696,4.0263462,0.0,-128.8430784,3.9043357090909088,3.9043357090909088,3.9950962,42.61435946666666,0.0,-127.8430784,0.0077613792872555,-0.0077613792872555,0.2727272727272727,0.1384615384615384,-0.3333333333333333,2.619047619047619,0.0,0.0,0.0,0.0,0.0,0.0,0.0,0.0,0.03125,1.0,0.0,0.0214787908207824,,0.0153846153846153,0.0045324126623786,3400000.0,3300000.0,2300000.0,4400000.0,,,,70.3125,45.0,115.71428571428572,1.28,2.0,0.7777777777777778,0.0303030303030303,0.0007882456804136,1989-09-29,,bmo,,2025-04-25,1989-09-30,,0.096105492063492,285790.4761904762
