date,symbol,reportedCurrency,cik,fillingDate,acceptedDate,calendarYear,period,revenue,costOfRevenue,grossProfit,grossProfitRatio,researchAndDevelopmentExpenses,generalAndAdministrativeExpenses,sellingAndMarketingExpenses,sellingGeneralAndAdministrativeExpenses,otherExpenses,operatingExpenses,costAndExpenses,interestIncome,interestExpense,depreciationAndAmortization,ebitda,ebitdaratio,operatingIncome,operatingIncomeRatio,totalOtherIncomeExpensesNet,incomeBeforeTax,incomeBeforeTaxRatio,incomeTaxExpense,netIncome,netIncomeRatio,eps,epsdiluted,weightedAverageShsOut,weightedAverageShsOutDil,link,finalLink,revenuePerShare,netIncomePerShare,operatingCashFlowPerShare,freeCashFlowPerShare,cashPerShare,bookValuePerShare,tangibleBookValuePerShare,shareholdersEquityPerShare,interestDebtPerShare,marketCap,enterpriseValue,peRatio,priceToSalesRatio,pocfratio,pfcfRatio,pbRatio,ptbRatio,evToSales,enterpriseValueOverEBITDA,evToOperatingCashFlow,evToFreeCashFlow,earningsYield,freeCashFlowYield,debtToEquity,debtToAssets,netDebtToEBITDA,currentRatio,interestCoverage,incomeQuality,dividendYield,payoutRatio,salesGeneralAndAdministrativeToRevenue,researchAndDdevelopementToRevenue,intangiblesToTotalAssets,capexToOperatingCashFlow,capexToRevenue,capexToDepreciation,stockBasedCompensationToRevenue,grahamNumber,roic,returnOnTangibleAssets,grahamNetNet,workingCapital,tangibleAssetValue,netCurrentAssetValue,investedCapital,averageReceivables,averagePayables,averageInventory,daysSalesOutstanding,daysPayablesOutstanding,daysOfInventoryOnHand,receivablesTurnover,payablesTurnover,inventoryTurnover,roe,capexPerShare,report_date,epsEstimated,time,revenueEstimated,updatedFromDate,fiscalDateEnding,surprise(%),QuarterAvgPrice,QuarterAvgVolume
2025-03-31,TMUS,USD,1283699,2025-04-24,2025-04-24 16:07:48,2025,Q1,20886000000.0,7400000000.0,13486000000.0,0.6456956813,0,0.0,0.0,5488000000.0,3198000000.0,8686000000.0,16086000000.0,0.0,916000000.0,3198000000.0,7890000000.0,0.3777650101,4800000000.0,0.2298190175,-962000000.0,3838000000.0,0.1837594561,885000000.0,2953000000.0,0.1413865747,2.59,2.58,1140537935,1144655297,https://www.sec.gov/Archives/edgar/data/1283699/000128369925000079/0001283699-25-000079-index.htm,https://www.sec.gov/Archives/edgar/data/1283699/000128369925000079/tmus-20250331.htm,18.31241150255997,2.589129137559111,6.003307553290632,3.854321601324028,10.5239813877826,53.57559632595649,-47.09444407914411,53.57559632595649,106.81450941831234,304192872643.85,413099872643.85,25.752867646787163,14.56443898515034,44.42717579141959,69.19765073790946,4.9781993722911375,4.9781993722911375,19.778793097953173,52.35739830720532,60.3329739511976,93.97176356775478,0.0097076567716212,0.0144513576593454,1.9787251452417969,0.5633336905322108,13.80316856780735,1.1613271826992255,5.240174672489083,2.318658990856756,0.0032972501665886,0.3396545885540128,0.0,0.0,0.5349503571212255,0.3579669928435811,0.1173513358230393,0.7664165103189493,0.0089054869290433,55.86652033165189,0.0181341042030016,0.0295847317537444,-117.5252447872328,3812000000.0,-53713000000.0,-126087000000.0,184529000000.0,8670500000.0,4128500000.0,1772000000.0,37.428899741453606,48.83108108108108,23.558108108108108,2.4045590605572187,1.843088418430884,3.820340733092411,0.0483266508469028,2.1489859519666044,2025-04-24,2.47,amc,20627346207.0,2025-05-12,2025-03-31,0.0445344129554655,246.515,3952839.65
2024-12-31,TMUS,USD,1283699,2025-01-31,2025-01-31 16:04:31,2024,Q4,21872000000.0,8785000000.0,13087000000.0,0.5983449159,0,0.0,0.0,5352000000.0,3149000000.0,8501000000.0,17286000000.0,0.0,841000000.0,3149000000.0,7829000000.0,0.3579462326,4586000000.0,0.2096744696,-747000000.0,3839000000.0,0.1755212143,858000000.0,2981000000.0,0.1362929773,2.55,2.54,1169195373,1173213898,https://www.sec.gov/Archives/edgar/data/1283699/000128369925000012/0001283699-25-000012-index.htm,https://www.sec.gov/Archives/edgar/data/1283699/000128369925000012/tmus-20241231.htm,18.70688210463864,2.5496166584641453,4.745998939220914,2.139933203447599,4.626258472201464,52.80640124462757,-46.47127525024853,52.80640124462757,98.17435362019688,258076494682.29,366611494682.29,21.643449738534887,11.79940081758824,46.50864924892593,103.14807940938849,4.179985660781166,4.179985660781166,16.76168135891962,46.82737190985949,66.06802931740674,146.5273759721383,0.0115508388459391,0.0096947999974973,1.8455159456438992,0.5477155286370082,13.863200919657682,0.912263309209874,5.4530321046373365,1.8614558872861453,0.003929067624885,0.3401543106340154,0.0,0.0,0.5579589972841108,0.5491079473779059,0.1393105340160936,0.9676087646872022,0.008001097293343,55.03918428223656,0.0181329974825048,0.0324162679425837,-114.25827803032196,-1770000000.0,-54334000000.0,-127890000000.0,181327000000.0,8268000000.0,3646000000.0,1698000000.0,35.61402706656913,43.45816733067729,16.46328969834946,2.527094165222415,2.070957095709571,5.466708151835719,0.0482823407460196,2.606065735773315,2025-01-29,2.29,bmo,21332623160.0,2025-04-29,2024-12-31,0.1222707423580785,227.4209375,3566464.34375
2024-09-30,TMUS,USD,1283699,2024-10-23,2024-10-23 16:06:57,2024,Q3,20162000000.0,7029000000.0,13133000000.0,0.6513738716,0,0.0,0.0,5186000000.0,3151000000.0,8337000000.0,15366000000.0,0.0,836000000.0,3151000000.0,7954000000.0,0.3945045134,4796000000.0,0.2378732269,-829000000.0,3967000000.0,0.1967562742,908000000.0,3059000000.0,0.1517210594,2.62,2.61,1166961755,1170649561,https://www.sec.gov/Archives/edgar/data/1283699/000128369924000142/0001283699-24-000142-index.htm,https://www.sec.gov/Archives/edgar/data/1283699/000128369924000142/tmus-20240930.htm,17.277344277662294,2.621336977748684,5.260669403857198,1.507333031663921,8.358457300085211,55.057502719958464,-43.07167718619879,55.057502719958464,100.2492151081678,240814227761.8,347211227761.80005,19.68079664610984,11.943965269407798,39.22694702098062,136.90405216702672,3.748081365942413,3.748081365942413,17.221070715296104,43.65240479781243,56.55827134090244,197.3912608083002,0.0127027378258804,0.0073043856932735,1.8077976653696497,0.5511525941672756,13.376540105607242,1.0752087807205917,5.7368421052631575,2.0068649885583523,0.0031476545511661,0.2477933965348153,0.0,0.0,0.5433800571314689,0.7134712493891513,0.2172403531395695,1.390034909552523,0.0084317032040472,56.9850508914604,0.0184711243519456,0.0317887539099439,-111.34276632741918,1576000000.0,-50263000000.0,-123961000000.0,182877000000.0,8110000000.0,3170000000.0,1554000000.0,35.17954567999207,39.05249679897568,22.90653008962868,2.5583047836568964,2.304590163934426,3.9290106204583566,0.0476108949416342,3.753336372193277,2024-10-23,2.42,amc,20014928793.0,2025-04-25,2024-09-30,0.0785123966942148,191.4346875,4006853.34375
2024-06-30,TMUS,USD,1283699,2024-07-31,2024-07-31 07:03:45,2024,Q2,19772000000.0,6752000000.0,13020000000.0,0.6585069796,0,0.0,0.0,5142000000.0,3248000000.0,8390000000.0,15142000000.0,0.0,854000000.0,3248000000.0,7870000000.0,0.398037629,4630000000.0,0.2341695327,-862000000.0,3768000000.0,0.1905725268,843000000.0,2925000000.0,0.1479364758,2.5,2.49,1170025862,1172447353,https://www.sec.gov/Archives/edgar/data/1283699/000128369924000111/0001283699-24-000111-index.htm,https://www.sec.gov/Archives/edgar/data/1283699/000128369924000111/tmus-20240630.htm,16.89877176407234,2.499944740537709,4.718699115387588,2.841817525568508,5.484494153856575,53.53385940797264,-44.45884632933012,53.53385940797264,98.2918444242047,209528231366.96,317261231366.96,17.908395843329917,10.597219874922112,37.951137722687925,63.01600943367219,3.345172606280095,3.345172606280095,16.045985806542586,40.31273587890216,57.46445052833907,95.41691168931128,0.0139599326587989,0.0158689832788056,1.822434382783064,0.5473323839525885,13.689072426937738,0.8376161125097664,5.421545667447306,1.887521367521368,0.0036224235514626,0.2594871794871795,0.0,0.0,0.549748989484889,0.3977540300670168,0.1110661541573942,0.6761083743842364,0.0082945579607525,54.87452078170746,0.0183524718605595,0.0311491645634324,-113.32249508857436,-3741000000.0,-52018000000.0,-126624000000.0,178646000000.0,8325500000.0,3317500000.0,1420000000.0,37.95822375075865,43.85367298578199,17.581457345971565,2.371027701163209,2.0522796352583588,5.119029567854435,0.0466983843157289,1.8768815898190805,2024-07-31,2.28,bmo,19608400157.0,2025-04-25,2024-06-30,0.0921052631578949,167.70126984126983,5139620.079365079
2024-03-31,TMUS,USD,1283699,2024-04-26,2024-04-26 12:32:12,2024,Q1,19594000000.0,7087000000.0,12507000000.0,0.6383076452,0,0.0,0.0,5138000000.0,3371000000.0,8509000000.0,15596000000.0,0.0,880000000.0,3371000000.0,7389000000.0,0.3771052363,3998000000.0,0.2040420537,-860000000.0,3138000000.0,0.1601510667,764000000.0,2374000000.0,0.1211595386,2.0,2.0,1185298497,1189092019,https://www.sec.gov/Archives/edgar/data/1283699/000128369924000065/0001283699-24-000065-index.htm,https://www.sec.gov/Archives/edgar/data/1283699/000128369924000065/tmus-20240331.htm,16.530857036934215,2.002871011824121,4.289214921699171,2.0214317372917416,5.659333928945326,52.3699305762302,-41.98014266106,52.3699305762302,98.32291215670038,192812506506.99,301766506506.99,20.30460262289279,9.840385143767987,37.92535533182337,80.4726654870576,3.10617177090231,3.10617177090231,15.400964913085128,40.83996569319123,59.356118510422895,125.94595430174874,0.0123124793251621,0.0124265798075351,1.8632921996326963,0.5607365175402874,14.74543239951279,0.9383358459368768,4.543181818181818,2.1415332771693345,0.0039883304974935,0.3239258635214827,0.0,0.0,0.5421732891190102,0.5287175452399685,0.1371848525058691,0.7973894986650846,0.0071450444013473,48.58013849767615,0.0154499345053139,0.0251389844866839,-110.09167760718084,-1268000000.0,-49759000000.0,-124899000000.0,179797000000.0,8977500000.0,4459000000.0,1599500000.0,38.17903439828519,42.47918724425004,19.3156483702554,2.3573147256977864,2.118684603886398,4.659434582511506,0.0382446757096368,2.267783184407429,2024-04-25,1.87,amc,19825885180.0,2025-04-25,2024-03-31,0.06951871657754,162.7644262295082,4672510.278688525
2023-12-31,TMUS,USD,1283699,2024-02-02,2024-02-02 16:07:53,2023,Q4,20478000000.0,8400000000.0,12078000000.0,0.5898036918,0,2780000000.0,2500000000.0,5280000000.0,12000000.0,8598000000.0,16998000000.0,0.0,849000000.0,3318000000.0,7621000000.0,0.3721554839,3480000000.0,0.1699384706,-837000000.0,2643000000.0,0.1290653384,629000000.0,2014000000.0,0.0983494482,1.74,1.67,1157313367,1205014105,https://www.sec.gov/Archives/edgar/data/1283699/000128369924000008/0001283699-24-000008-index.htm,https://www.sec.gov/Archives/edgar/data/1283699/000128369924000008/tmus-20231231.htm,17.694429688549516,1.7402373958755113,4.198517133346132,2.1489426035463737,4.4370005103380095,55.918303413149815,-40.47650475292575,55.918303413149815,98.44783897670128,185552052131.11,293503052131.11,23.0327770768508,9.061043663009572,38.18729206238115,74.60878654246483,2.867218606677123,2.867218606677123,14.332603385638734,38.51240678796877,60.40400331984153,118.01489832372738,0.0108540971488524,0.0134032470750724,1.747446496175539,0.5445151722344739,14.164938984385252,0.9085913608562692,4.098939929328622,2.4126117179741806,0.0040258245135018,0.3709036742800397,0.1357554448676628,0.0,0.5371625851060756,0.4881662893599506,0.115831624182049,0.7148884870403858,0.0081550932708272,46.7920961386987,0.013258824954175,0.0209523215047387,-112.12239804709697,-1913000000.0,-46844000000.0,-123952000000.0,180483000000.0,9551500000.0,5088000000.0,1681500000.0,42.38060357456783,59.71071428571429,17.978571428571428,2.1236129835113555,1.5072671810514984,5.00595947556615,0.0311210693038708,2.049574529799758,2024-01-25,1.9,amc,19636200000.0,2025-04-25,2023-12-31,-0.1210526315789473,147.95698412698414,4289701.904761905
2023-09-30,TMUS,USD,1283699,2023-10-25,2023-10-25 07:06:28,2023,Q3,19252000000.0,7135000000.0,12117000000.0,0.6293891544,0,0.0,0.0,5334000000.0,41000000.0,8521000000.0,15656000000.0,790000000.0,790000000.0,3187000000.0,6935000000.0,0.3602223146,3596000000.0,0.1867857885,-749000000.0,2847000000.0,0.1478807397,705000000.0,2142000000.0,0.1112611677,1.83,1.82,1171336373,1174390472,https://www.sec.gov/Archives/edgar/data/1283699/000128369923000151/0001283699-23-000151-index.htm,https://www.sec.gov/Archives/edgar/data/1283699/000128369923000151/tmus-20230930.htm,16.435927752070242,1.8286805134497437,4.519624014100346,2.348599482959965,4.29424042140626,55.23434727318931,-40.16694186615172,55.23434727318931,94.6517179484872,164045659038.65002,269094659038.65,19.146318748675306,8.520967122306775,30.98709086487533,59.63128282030172,2.5355599715393056,2.5355599715393056,13.977491119813529,38.80240216851478,50.83012070998301,97.81703345643405,0.0130573403316654,0.0167697214063546,1.7014281739775572,0.5277568690999573,15.147656813266044,0.8598866933812354,4.551898734177216,2.471521942110177,0.0,0.0,0.0,0.0,0.5357538390729651,0.4803551190026445,0.1320901724496156,0.7979290869155946,0.0081030542281321,47.67215567772175,0.0135298615103947,0.0221207865168539,-111.76422334150465,-3042000000.0,-47049000000.0,-125212000000.0,180743000000.0,9660500000.0,5034000000.0,1529000000.0,44.22397672969042,58.06166783461808,21.25437981779958,2.035095137420719,1.550076037366935,4.234421364985163,0.0331076694797366,2.171024531140381,2023-10-25,1.74,bmo,18220500000.0,2025-04-25,2023-09-30,0.0459770114942529,138.53523809523807,4691637.492063492
2023-06-30,TMUS,USD,1283699,2023-07-27,2023-07-27 16:15:38,2023,Q2,19196000000.0,7004000000.0,12192000000.0,0.6351323192,0,0.0,0.0,5272000000.0,6000000.0,8382000000.0,15386000000.0,861000000.0,861000000.0,3110000000.0,7196000000.0,0.3748697645,3793000000.0,0.1975932486,-855000000.0,2938000000.0,0.1530527193,717000000.0,2221000000.0,0.1157011877,1.86,1.86,1193078891,1195533499,https://www.sec.gov/Archives/edgar/data/1283699/000128369923000134/0001283699-23-000134-index.htm,https://www.sec.gov/Archives/edgar/data/1283699/000128369923000134/tmus-20230630.htm,16.08946411239456,1.86157010802398,3.6502196400019953,1.2849108399823328,5.571299643419808,55.10951580485217,-38.05699718812643,55.10951580485217,95.17308608555376,165718657959.9,271759657959.9,18.65360850516659,8.632978639294645,38.05250469802526,108.100885818591,2.520435862507985,2.520435862507985,14.157098247546363,37.76537770426626,62.40175842936854,177.27309716888453,0.0134022325991647,0.0092506179984329,1.7138859315589354,0.5350756403073095,14.736103390772652,0.8236802474663193,4.40534262485482,1.960828455650608,0.0,0.0,0.0,0.0,0.5277965071556775,0.6479908151549942,0.1470097937070223,0.907395498392283,0.0086997291102312,48.04456383426461,0.0141400259893392,0.0223335042786609,-109.0646653641951,-4332000000.0,-45405000000.0,-124615000000.0,179883000000.0,9852500000.0,5947000000.0,1557000000.0,46.23306938945613,70.22415762421473,17.64277555682467,1.946658553899199,1.2816102470265325,5.101238164603059,0.0337794676806083,2.3653088000196627,2023-07-27,1.69,amc,19359000000.0,2025-04-25,2023-06-30,0.1005917159763314,140.3424193548387,6595180.0
2023-03-31,TMUS,USD,1283699,2023-04-27,2023-04-27 16:13:02,2023,Q1,19632000000.0,7649000000.0,11983000000.0,0.6103810106,0,0.0,0.0,5425000000.0,3203000000.0,8628000000.0,16277000000.0,835000000.0,835000000.0,3203000000.0,6873000000.0,0.350091687,3397000000.0,0.1730338223,-826000000.0,2571000000.0,0.1309596577,631000000.0,1940000000.0,0.0988182559,1.59,1.58,1219608362,1224604698,https://www.sec.gov/Archives/edgar/data/1283699/000128369923000087/0001283699-23-000087-index.htm,https://www.sec.gov/Archives/edgar/data/1283699/000128369923000087/tmus-20230331.htm,16.09697064376146,1.5906745644303806,3.321558072426532,0.8010768296126195,3.7225064549040874,54.87417279613568,-36.431367137510655,54.87417279613568,90.90131180979884,176648075152.08002,282137075152.08,22.76392721031959,8.997966338227386,43.60604175563565,180.80662758657115,2.6394930915514383,2.6394930915514383,14.37128540913203,41.05006185829769,69.64627873415947,288.7789919673286,0.0109822877963986,0.0055307707098358,1.6440642510272694,0.5235163412997864,15.34831951113051,0.7915793005116162,4.068263473053892,2.088144329896908,0.0,0.0,0.0,0.0,0.5298349454972808,0.7588249814860528,0.1565810920945395,0.9597252575710272,0.0090158924205378,44.31654764866999,0.0130670666245732,0.0196324481865284,-106.96425513684696,-4970000000.0,-44432000000.0,-124372000000.0,179868000000.0,9884000000.0,6821000000.0,1812500000.0,45.12836185819071,75.64518237678128,20.48503072297032,1.99431125558716,1.1897651267693266,4.393452039058013,0.0289876727680239,2.5204812428139123,2023-04-27,1.48,amc,19814600000.0,2025-04-25,2023-03-31,0.0675675675675676,144.87403225806452,5337960.048387097
2022-12-31,TMUS,USD,1283699,2023-02-14,2023-02-14 16:03:54,2022,Q4,20273000000.0,8671000000.0,11602000000.0,0.5722882652,0,3277000000.0,2300000000.0,5577000000.0,3262000000.0,8839000000.0,17510000000.0,822000000.0,822000000.0,3262000000.0,6642000000.0,0.3276278794,2747000000.0,0.1355004193,-820000000.0,1927000000.0,0.0950525329,450000000.0,1477000000.0,0.0728555221,1.19,1.18,1240827732,1246880141,https://www.sec.gov/Archives/edgar/data/1283699/000128369923000016/0001283699-23-000016-index.htm,https://www.sec.gov/Archives/edgar/data/1283699/000128369923000016/tmus-20221231.htm,16.338287319967797,1.1903344532921836,3.49444156362553,0.7583647397074778,3.632252796877367,56.136720838537805,-33.75488709660787,56.136720838537805,87.58669491116757,173715882480.0,277066882480.0,29.40350075829384,8.568829599960539,40.06362603321033,184.60773908607865,2.493911256460319,2.493911256460319,13.666792407635771,41.71437556157784,63.89918876383764,294.43876990435706,0.008502388952087,0.0054168909979105,1.5484380383599403,0.5103578154425612,15.560222824450468,0.7706329318567617,3.341849148418492,2.935680433310765,0.0,0.0,0.1616435653332018,0.0,0.5277801436561338,0.7829797047970479,0.1674641148325359,1.0407725321888412,0.0073990036008484,38.77477453772656,0.010718721591066,0.0147998957894947,-103.79361830704153,-5675000000.0,-41884000000.0,-122615000000.0,179923000000.0,9759000000.0,7017500000.0,2065500000.0,44.05662704089183,74.8667973705455,19.55483796563257,2.042825473599355,1.2021350339664494,4.602441613588111,0.0212042035144136,2.736076823918052,2023-02-01,1.1,bmo,20638362317.0,2025-04-25,2022-12-31,0.0727272727272725,143.67904761904762,5347217.507936508
2022-09-30,TMUS,USD,1283699,2022-10-27,2022-10-27 16:08:25,2022,Q3,19477000000.0,8694000000.0,10783000000.0,0.5536273553,0,0.0,0.0,5118000000.0,3313000000.0,8431000000.0,17125000000.0,827000000.0,827000000.0,3313000000.0,6942000000.0,0.3564203933,2349000000.0,0.1206037891,-830000000.0,451000000.0,0.0231555168,-57000000.0,508000000.0,0.0260820455,0.41,0.4,1253873429,1259210271,https://www.sec.gov/Archives/edgar/data/1283699/000128369922000141/0001283699-22-000141-index.htm,https://www.sec.gov/Archives/edgar/data/1283699/000128369922000141/tmus-20220930.htm,15.533465778546296,0.4051445610464403,3.501948361328582,0.3166188794004662,5.493377434031262,55.94663574292872,-33.18835780194207,55.94663574292872,88.54242974790719,168232197968.93,271538197968.93,82.79143600833169,8.637480000458488,38.31295786129128,423.75868506027706,2.3981781606404846,2.3981781606404846,13.941479589717614,39.11526908224287,61.83971714163744,683.9753097454156,0.0030196359919985,0.0023598336394161,1.5708339272986458,0.5161335650284077,14.88130221838087,0.8127987254381307,2.8403869407496978,8.643700787401574,0.0,0.0,0.0,0.0,0.5234872294483814,0.909587793213391,0.2050623812702161,1.205553878659825,0.0077013913847101,22.583084190431425,0.0129861066227988,0.0049933651152504,-102.1969179953011,-4935000000.0,-41614000000.0,-121922000000.0,180746000000.0,9708000000.0,6557000000.0,2245000000.0,44.33228936694563,70.62111801242236,23.26086956521739,2.030122993537628,1.274406332453826,3.869158878504673,0.0072416250890947,3.185329481928116,2022-10-27,0.04358,amc,20002209683.0,2025-04-25,2022-09-30,8.178522257916475,140.4278125,4301695.671875
2022-06-30,TMUS,USD,1283699,2022-07-29,2022-07-29 16:12:22,2022,Q2,19701000000.0,9168000000.0,10533000000.0,0.5346429115,0,0.0,0.0,5856000000.0,3491000000.0,9347000000.0,18515000000.0,0.0,851000000.0,3491000000.0,6345000000.0,0.3220648698,1165000000.0,0.0591340541,-872000000.0,-163000000.0,-0.0082736917,-55000000.0,-108000000.0,-0.0054819552,-0.09,-0.0861,1200000000,1253932986,https://www.sec.gov/Archives/edgar/data/1283699/000128369922000117/0001283699-22-000117-index.htm,https://www.sec.gov/Archives/edgar/data/1283699/000128369922000117/tmus-20220630.htm,16.4175,-0.09,3.5075,0.4341666666666666,2.625833333333333,58.361666666666665,-34.97666666666667,58.361666666666665,90.7675,161448000000.0,266367000000.0,-373.72222222222223,8.194913963758184,38.35780470420527,309.8809980806142,2.305280292429392,2.305280292429392,13.520481193848028,41.9806146572104,63.28510334996436,511.2610364683301,-0.0006689460383529,0.0032270452405728,1.5431076334351883,0.5159383757513261,16.535697399527187,0.847444476772379,1.3689776733254997,-38.97222222222222,0.0,0.0,0.0,0.0,0.5347292839308135,0.8762176288904728,0.1871986193594234,1.0564308221140075,0.0078168620882188,,0.0038418558747096,-0.0011081810439475,-106.49166666666666,-3146000000.0,-41972000000.0,-121953000000.0,182803000000.0,9554500000.0,6515500000.0,2479000000.0,44.8698035632709,61.76701570680627,22.018979057591626,2.005803298717165,1.4570883661792753,4.087382969237628,-0.0015421081189136,3.0733333333333333,2022-07-27,0.41,bmo,20097068849.0,2025-04-25,2022-06-30,2.4878048780487805,130.47370967741935,4792271.5
2022-03-31,TMUS,USD,1283699,2022-05-06,2022-05-06 16:06:11,2022,Q1,20120000000.0,9673000000.0,10447000000.0,0.5192345924,0,0.0,0.0,5056000000.0,3585000000.0,8641000000.0,18314000000.0,0.0,864000000.0,3585000000.0,6804000000.0,0.3381709742,1806000000.0,0.0897614314,-875000000.0,931000000.0,0.0462723658,218000000.0,713000000.0,0.0354373757,0.57,0.57,1250505999,1255368592,https://www.sec.gov/Archives/edgar/data/1283699/000128369922000084/0001283699-22-000084-index.htm,https://www.sec.gov/Archives/edgar/data/1283699/000128369922000084/tmus-20220331.htm,16.089486988538628,0.5701691959656084,3.074755341497566,-1.9024298978992744,2.594949566491444,55.95814818638067,-31.48085657444335,55.95814818638067,88.23708169991754,160502444971.65,266734444971.65,56.27715461839061,7.977258696404075,41.74315864022107,-67.4663492945145,2.293678475072168,2.293678475072168,13.257179173541251,39.20259332328777,69.37176722279584,-112.12040562070196,0.0044422999296112,-0.0148222041129666,1.564493540642506,0.5197030187084921,15.613168724279836,0.8147785090790273,2.0902777777777777,5.392706872370266,0.0,0.0,0.0,0.0,0.5190669014920272,1.6187256176853055,0.3093439363817097,1.736122733612273,0.0070079522862823,26.793213283981885,0.0069953812093733,0.0070378047576744,-103.24560626118196,-3968000000.0,-39367000000.0,-123222000000.0,180117000000.0,9257500000.0,6619000000.0,2641000000.0,41.54224652087476,62.70133360901478,25.26103587304869,2.1664692581027243,1.4353761685710047,3.5627992633517493,0.010189207728364,4.9771852393968405,2022-04-27,0.33,bmo,20134007184.0,2025-04-25,2022-03-31,0.7272727272727271,119.10806451612903,5726999.70967742
2021-12-31,TMUS,USD,1283699,2022-02-11,2022-02-11 16:09:17,2021,Q4,20785000000.0,10452000000.0,10333000000.0,0.4971373587,0,3198000000.0,2200000000.0,5398000000.0,-13000000.0,9270000000.0,19722000000.0,13000000.0,834000000.0,3872000000.0,4935000000.0,0.2374308395,1063000000.0,0.051142651,-834000000.0,229000000.0,0.0110175607,-193000000.0,422000000.0,0.0203031032,0.34,0.34,1249272296,1254289170,https://www.sec.gov/Archives/edgar/data/1283699/000128369922000018/0001283699-22-000018-index.htm,https://www.sec.gov/Archives/edgar/data/1283699/000128369922000018/tmus-20211231.htm,16.63768584843412,0.3377966527803319,2.401398005547383,0.0336195720776633,5.307890058261566,55.31380165977842,-32.35883812475099,55.31380165977842,85.52578996757005,144890600890.08002,244270600890.08,85.83566403440759,6.970921380326198,48.29686696336,3449.776211668572,2.096764216521664,2.096764216521664,11.752254072171278,49.497588832842965,81.42353363002667,5815.966687859048,0.002912542272636,0.0002898738754756,1.5341234696535555,0.5132138863203962,20.137791286727456,0.8890165538959105,1.274580335731415,7.109004739336493,0.0,0.0,0.1538609574212172,0.0,0.5302353277208406,0.986,0.1423141688717825,0.7639462809917356,0.0065912917969689,20.50386265311093,0.0101375073988486,0.0043489014386413,-98.1575437097502,-2608000000.0,-40425000000.0,-116570000000.0,177003000000.0,8932500000.0,5300000000.0,2164500000.0,39.95766177531874,55.96153846153847,22.10390355912744,2.252384048547898,1.6082474226804124,4.071679002726919,0.00610691441637,2.36777843346972,2022-02-02,0.16,amc,20577149998.0,2025-04-25,2021-12-31,5.875,117.671875,5068110.40625
2021-09-30,TMUS,USD,1283699,2021-11-02,2021-11-02 16:06:48,2021,Q3,19624000000.0,8683000000.0,10941000000.0,0.557531594,0,0.0,0.0,5212000000.0,-60000000.0,9357000000.0,18040000000.0,2000000.0,838000000.0,4145000000.0,6684000000.0,0.3406033428,1584000000.0,0.0807174888,-896000000.0,688000000.0,0.0350591113,-3000000.0,691000000.0,0.0352119853,0.55,0.55,1248189719,1253661245,https://www.sec.gov/Archives/edgar/data/1283699/000128369921000169/0001283699-21-000169-index.htm,https://www.sec.gov/Archives/edgar/data/1283699/000128369921000169/tmus-20210930.htm,15.72196894533146,0.5536017397688564,2.785634224567748,0.1009461927798493,3.248704854938803,54.82099312179962,-33.16563128974146,54.82099312179962,84.45030302320572,159468718499.44,259985718499.44,57.69490539053546,8.126208647545862,45.863882225895885,1265.6247499955557,2.33049408127552,2.33049408127552,13.248354998952305,38.89672628657092,74.7729992808283,2063.378718249524,0.0043331382261181,0.0007901236128666,1.5282271617928596,0.5173630179344465,15.038450029922204,0.8714085311996674,1.890214797136038,5.031837916063676,0.0,0.0,0.0,0.0,0.5433469387755102,0.9637618636755824,0.170760293518141,0.8084439083232811,0.0066754993885038,26.13144535386261,0.0083099949162641,0.0074863760956002,-97.969281543169,-2475000000.0,-41397000000.0,-116926000000.0,177546000000.0,8726500000.0,3978000000.0,1734500000.0,39.6111903791276,42.50719797305079,18.263273062305657,2.2720852147736483,2.117288466227749,4.927922814982974,0.010098352989317,2.6846880317878985,2021-11-02,0.53,amc,20064200000.0,2025-04-25,2021-09-30,0.0377358490566038,139.2846875,4476443.8125
2021-06-30,TMUS,USD,1283699,2021-08-03,2021-08-03 17:07:40,2021,Q2,19950000000.0,8944000000.0,11006000000.0,0.551679198,0,0.0,0.0,4823000000.0,-1000000.0,8900000000.0,17844000000.0,2000000.0,852000000.0,4077000000.0,6184000000.0,0.3099749373,2106000000.0,0.1055639098,-851000000.0,1255000000.0,0.0629072682,277000000.0,978000000.0,0.0490225564,0.78,0.78,1247563331,1253718122,https://www.sec.gov/Archives/edgar/data/1283699/000128369921000150/0001283699-21-000150-index.htm,https://www.sec.gov/Archives/edgar/data/1283699/000128369921000150/tmus-20210630.htm,15.991172154770554,0.7839281387150677,3.029104740495134,0.4015828195258169,6.246576671785811,54.081422821171394,-25.00794887502188,54.081422821171394,87.07774371095233,180684597228.73,280674597228.73,46.18726923024796,9.056872041540352,47.812806887729565,360.6478986601398,2.677999069641767,2.677999069641767,14.06890211672832,45.38722464888907,74.27218767629796,560.2287369834929,0.0054127469358217,0.002772787540743,1.597495183044316,0.5280270815778645,16.16914618369987,0.941979209598388,2.471830985915493,3.8640081799591,0.0,0.0,0.0,0.0,0.4833777507789383,0.8674252447737497,0.1643107769423558,0.8040225656119696,0.0067167919799498,30.885414930893,0.0084687175998779,0.0092740979564743,-97.30608217115032,-1267000000.0,-31199000000.0,-116084000000.0,167737000000.0,8237000000.0,4207000000.0,1958000000.0,39.77142857142857,38.791368515205725,17.176878354203936,2.2629310344827585,2.3201037613488977,5.239601640304628,0.014495331258337,2.627521920969317,2021-07-29,0.53,amc,19344400000.0,2025-04-25,2021-06-30,0.4716981132075471,137.88285714285712,4095751.968253968
2021-03-31,TMUS,USD,1283699,2021-05-04,2021-05-04 16:07:10,2021,Q1,19759000000.0,8526000000.0,11233000000.0,0.5685004302,0,0.0,0.0,4805000000.0,-125000000.0,9094000000.0,17620000000.0,3000000.0,838000000.0,4289000000.0,6726000000.0,0.3404018422,2139000000.0,0.1082544663,-960000000.0,1179000000.0,0.0596690116,246000000.0,933000000.0,0.0472189888,0.75,0.74,1243520026,1252783564,https://www.sec.gov/Archives/edgar/data/1283699/000128369921000088/0001283699-21-000088-index.htm,https://www.sec.gov/Archives/edgar/data/1283699/000128369921000088/tmus-20210331.htm,15.8895712066321,0.7502894850846575,2.9440619559431203,-6.790401299094157,5.369435039560835,53.37831205944728,-26.19499430562448,53.37831205944728,87.49838983292739,155800624057.54,257091624057.54,41.747219736747056,7.885046007264538,42.556848964091785,-18.45104500918285,2.347207979534176,2.347207979534176,13.011368189561214,38.2235539782248,70.22442612880087,-30.446663199613926,0.0059884227399206,-0.0541974722571167,1.6265875227865074,0.5309936458599729,15.05961938745168,0.9632726340087202,2.552505966587112,3.9239013933547695,0.0,0.0,0.0,0.0,0.4866474534259241,3.306473641081672,0.6126322182296675,2.822336208906505,0.0069841591173642,30.01843918443869,0.0085800765223819,0.008938408331018,-99.2585542808138,-716000000.0,-32574000000.0,-118176000000.0,169476000000.0,7857500000.0,5061500000.0,2368000000.0,34.881319904853484,48.12456016889514,23.31808585503167,2.5801775920605903,1.8701469620530813,3.859665006790403,0.0140560736399656,9.734463255037278,2021-05-04,0.57,amc,18935500000.0,2025-04-25,2021-03-31,0.2982456140350878,125.99590163934428,4890549.934426229
2020-12-31,TMUS,USD,1283699,2021-02-23,2021-02-23 16:08:26,2020,Q4,20341000000.0,9652000000.0,10689000000.0,0.5254903889,200000000,4758000000.0,1800000000.0,4758000000.0,-101000000.0,8977000000.0,18629000000.0,8000000.0,798000000.0,4219000000.0,5838000000.0,0.2870065385,1712000000.0,0.084164987,-891000000.0,821000000.0,0.0403618308,71000000.0,750000000.0,0.0368713436,0.6,0.6,1241578615,1251566899,https://www.sec.gov/Archives/edgar/data/1283699/000128369921000039/0001283699-21-000039-index.htm,https://www.sec.gov/Archives/edgar/data/1283699/000128369921000039/tmus-20201231.htm,16.38317522084576,0.6040696826918205,2.798050770228513,-0.6757526183712499,8.364351539672741,52.62977246108576,-27.3031442314267,52.62977246108576,84.5834478229959,167426876232.75,261260876232.75,55.80895874425,8.23100517343051,48.19426489140759,-199.55527560518476,2.5622379443062866,2.5622379443062866,12.844052712882847,44.751777360868445,75.20462758570812,-311.39556166001194,0.0044795675394276,-0.0050111428874397,1.5949283790401567,0.5206732546637224,16.072970195272354,1.1005390959775143,2.145363408521303,4.632,0.0,0.0,0.2339118037461285,0.0098323582911361,0.4958133911531659,1.2415083477259643,0.2120348065483506,1.022280161175634,0.0066860036379725,26.74548791648776,0.0081075500612801,0.0074317026526224,-94.33695827629892,2182000000.0,-33899000000.0,-110933000000.0,173649000000.0,7829500000.0,4713000000.0,2229000000.0,35.64868983825771,51.88147534189805,23.56299212598425,2.524636961648256,1.7347232207045291,3.819548872180451,0.0114777179236043,3.473803388599763,2021-02-04,0.51,amc,19903300000.0,2025-04-25,2020-12-31,1.0196078431372548,123.538125,3691940.890625
2020-09-30,TMUS,USD,1283699,2020-11-05,2020-11-05 16:14:43,2020,Q3,19272000000.0,7681000000.0,11591000000.0,0.6014425073,0,0.0,0.0,4876000000.0,-99000000.0,9026000000.0,16707000000.0,3000000.0,809000000.0,4150000000.0,6619000000.0,0.3434516397,2565000000.0,0.1330946451,-905000000.0,1660000000.0,0.0861353259,407000000.0,1253000000.0,0.0650166044,1.01,1.0,1238450665,1249798740,https://www.sec.gov/Archives/edgar/data/1283699/000128369920000193/0001283699-20-000193-index.htm,https://www.sec.gov/Archives/edgar/data/1283699/000128369920000193/tmus-20200930.htm,15.561378862031615,1.0117480133938157,2.238280521251123,-0.3593199249483224,5.3058229816526445,52.07070561829768,-28.23689387739963,52.07070561829768,81.0020155304289,141629218049.4,234566218049.4,28.258024351436557,7.348963161550436,51.09279150411256,-318.26790572898875,2.1962444841502937,2.1962444841502937,12.171347968524284,35.43831667161203,84.61984778116883,-527.1150967402247,0.008847044538246,-0.0031420070387226,1.5430706964194334,0.5170777840711276,14.040942740595256,0.9810987903225806,3.170580964153276,2.212290502793296,0.0,0.0,0.0,0.0,0.5168127705346518,1.1605339105339103,0.1669261104192611,0.7751807228915663,0.0083540888335408,34.42898113101599,0.010424221166967,0.0134751467962919,-92.63025427016102,-375000000.0,-34970000000.0,-108491000000.0,168686000000.0,7171500000.0,4411000000.0,1740000000.0,35.50124533001245,45.25192032287463,22.625960161437312,2.5351223362273085,1.988865872604868,3.977731745209736,0.0194302727681548,2.5976004461994453,2020-11-05,0.43,amc,15529646511.0,2025-04-25,2020-09-30,1.3255813953488371,110.8425,4497854.484375
2020-06-30,TMUS,USD,1283699,2020-08-06,2020-08-06 17:09:49,2020,Q2,17671000000.0,6765000000.0,10906000000.0,0.6171693735,0,5604000000.0,0.0,5604000000.0,-195000000.0,9668000000.0,16433000000.0,6000000.0,839000000.0,4064000000.0,6441000000.0,0.3644955011,820000000.0,0.0464037123,-1028000000.0,-208000000.0,-0.0117706978,2000000.0,110000000.0,0.0062248882,0.09,0.09,1235301384,1236528444,https://www.sec.gov/Archives/edgar/data/1283699/000128369920000165/0001283699-20-000165-index.htm,https://www.sec.gov/Archives/edgar/data/1283699/000128369920000165/tmus-20200630.htm,14.30501109193285,0.0890470952471627,0.6289963000640498,-1.8011798811357926,8.96623297234159,50.99646192900242,-29.80811037446389,50.99646192900242,77.2993548269189,128656639143.6,212229639143.6,292.40145259909093,7.280665448678627,165.58126015907337,-57.82320860386517,2.04229854504413,2.04229854504413,12.010052580136948,32.94979648247167,273.13981871763195,-95.38410748026966,0.0008549889125987,-0.0172940939139298,1.5024604736808689,0.5056063333671654,12.975159136780004,1.048725798801259,0.9773539928486292,7.063636363636364,0.0,0.0,0.3171297606247524,0.0,0.5332186603560917,3.863577863577864,0.1698828589213966,0.7386811023622047,0.0146567822986814,10.108137962050886,0.0047507222642792,0.0012588548998065,-86.85876288146375,1130000000.0,-36822000000.0,-99882000000.0,160283000000.0,5527000000.0,5481500000.0,1387000000.0,34.33252221153302,65.98669623059867,20.607538802660752,2.6214211541314345,1.3639112903225807,4.367333763718528,0.0017461426122293,2.430176181199842,2020-08-06,0.11,amc,13744111111.0,2025-04-25,2020-06-30,4.545454545454546,95.85793650793651,8078447.603174604
2020-03-31,TMUS,USD,1283699,2020-05-06,2020-05-06 16:19:11,2020,Q1,11113000000.0,4168000000.0,6945000000.0,0.6249437596,0,3688000000.0,0.0,3688000000.0,-10000000.0,5406000000.0,9574000000.0,12000000.0,284000000.0,1718000000.0,3259000000.0,0.2932601458,1539000000.0,0.1384864573,-282000000.0,1257000000.0,0.1131107712,306000000.0,951000000.0,0.0855754522,1.11,1.1,858148284,865998532,https://www.sec.gov/Archives/edgar/data/1283699/000128369920000106/0001283699-20-000106-index.htm,https://www.sec.gov/Archives/edgar/data/1283699/000128369920000106/tmus-20200331.htm,12.949976370284276,1.1082000835184331,1.8842897319130456,-0.2738454465056065,1.295813346869083,33.766891503799826,-11.087827334046152,33.766891503799826,46.69938837749864,71998641027.6,110677641027.6,18.92708754668769,6.478776300512913,44.526061241558445,-306.3771958621277,2.4846823697277154,2.4846823697277154,9.959294612399892,33.96061400049095,68.4462838760668,-470.9686852238298,0.0132085826402673,-0.0032639504947032,1.3731925320081444,0.4561827895352303,11.868364528996624,0.6429249119002439,5.419014084507042,1.7003154574132493,0.0,0.0,0.3318635831908575,0.0,0.4412904409235778,1.145330859616574,0.1666516692162332,1.0779976717112922,0.0124178889588769,29.016557681004286,0.0144317158567451,0.0195140969343784,-62.09853354434954,-5269000000.0,-9515000000.0,-48762000000.0,69077000000.0,4435500000.0,5162500000.0,1094500000.0,34.92936200845856,129.623320537428,26.451535508637235,2.576628796661257,0.6943195069132101,3.4024489795918367,0.0328191324153639,2.158135178418652,2020-05-06,1.02,amc,10304781818.0,2025-04-25,2020-03-31,0.0784313725490196,84.61225806451613,5305764.822580645
2019-12-31,TMUS,USD,1283699,2020-02-06,2020-02-06 16:08:16,2019,Q4,11878000000.0,5212000000.0,6666000000.0,0.5612055902,0,3656000000.0,1600000000.0,3656000000.0,4000000.0,5432000000.0,10644000000.0,7000000.0,280000000.0,1776000000.0,3021000000.0,0.2543357468,1234000000.0,0.1038895437,-269000000.0,965000000.0,0.0812426334,214000000.0,751000000.0,0.0632261323,0.88,0.87,856294467,864158739,https://www.sec.gov/Archives/edgar/data/1283699/000128369920000026/0001283699-20-000026-index.htm,https://www.sec.gov/Archives/edgar/data/1283699/000128369920000026/tmus-20191231.htm,13.87139641531749,0.8770347455719342,1.794943280884238,0.3223190276669159,1.784432877808143,33.620443795300154,-11.3524031447467,33.620443795300154,30.82117310936683,67150612102.14,91734612102.14,22.353732390858852,5.653360170242465,43.6894027990501,243.29931921065216,2.3325093647622355,2.3325093647622355,7.723068875411686,30.365644522389932,59.68419785435263,332.3717829787681,0.0111838146591677,0.0041101635764717,0.907013095279447,0.3004107177782124,8.137702747434624,0.7440428594274748,4.4071428571428575,2.046604527296937,0.0,0.0,0.3077959252399393,0.0,0.4430459842845802,0.8204294079375407,0.1061626536453948,0.7100225225225225,0.0108604142111466,25.75736187627914,0.0123622124760521,0.0155130032430645,-61.548336502330805,-3201000000.0,-9721000000.0,-48827000000.0,70941000000.0,4434500000.0,5363500000.0,882500000.0,34.53611719144637,74.63161933998465,16.646201074443592,2.605967529618254,1.2059231837112447,5.406639004149378,0.0260863524262739,1.4726242532173222,2020-02-06,0.83,amc,11331885057.0,2025-04-25,2019-12-31,0.0481927710843373,78.675625,2730471.734375
2019-09-30,TMUS,USD,1283699,2019-10-28,2019-10-28 16:27:16,2019,Q3,11061000000.0,4437000000.0,6624000000.0,0.5988608625,0,3498000000.0,0.0,3498000000.0,3000000.0,5153000000.0,9590000000.0,5000000.0,284000000.0,1655000000.0,3134000000.0,0.2833378537,1471000000.0,0.1329897839,-276000000.0,1195000000.0,0.108037248,325000000.0,870000000.0,0.0786547328,1.02,1.01,854578241,862690751,https://www.sec.gov/Archives/edgar/data/1283699/000128369919000119/0001283699-19-000119-index.htm,https://www.sec.gov/Archives/edgar/data/1283699/000128369919000119/tmus09302019form10-q.htm,12.94322680981998,1.0180460468803347,2.045453436720489,0.2586070992650046,1.934287489072636,32.49673191714227,-12.573453762907125,32.49673191714227,31.610914839569386,67315128043.57,92392128043.57,19.34342759872701,6.08580852034807,38.50979865192791,304.59333956366515,2.423936049964712,2.423936049964712,8.35296338880481,29.48057691243459,52.855908491744856,418.0639277989593,0.0129242864908002,0.0032830658786975,0.9625148536242843,0.3104205135351705,8.00159540523293,0.6572383246561504,5.179577464788732,2.0091954022988507,0.0,0.0,0.3162462706807702,0.0,0.4472935465514638,0.8735697940503433,0.1380526173040412,0.9226586102719032,0.0113913751017087,27.283169041690805,0.0133524997006885,0.0182799991595402,-62.078868212138346,-4411000000.0,-10745000000.0,-49880000000.0,69972000000.0,4317000000.0,6832500000.0,899500000.0,35.077298616761595,129.91886409736307,16.247464503042597,2.5657620041753653,0.6927400468384075,5.53932584269663,0.0313276439451226,1.7868463374554842,2019-10-28,0.96,amc,10513425742.0,2025-04-25,2019-09-30,0.0520833333333333,78.36,4557921.890625
2019-06-30,TMUS,USD,1283699,2019-07-26,2019-07-26 16:31:57,2019,Q2,10979000000.0,4310000000.0,6669000000.0,0.6074323709,0,3543000000.0,0.0,3543000000.0,-22000000.0,5128000000.0,9438000000.0,4000000.0,283000000.0,1585000000.0,3108000000.0,0.2830858912,1541000000.0,0.1403588669,-301000000.0,1240000000.0,0.112942891,301000000.0,939000000.0,0.085526915,1.1,1.09,854368443,860135593,https://www.sec.gov/Archives/edgar/data/1283699/000128369919000109/0001283699-19-000109-index.htm,https://www.sec.gov/Archives/edgar/data/1283699/000128369919000109/tmus06302019form10-q.htm,12.850427810101127,1.0990574472798031,2.512967347507708,-0.3593297511340783,1.293353013039598,31.56366579424329,-13.484814536859012,31.56366579424329,30.69752893483216,63351420048.450005,88190420048.45001,16.866725252515977,5.770235909322343,29.506949254052167,-206.35641709592835,2.3492201597674938,2.3492201597674938,8.03264596488296,28.37529602588482,41.07611553258035,-287.265211884202,0.0148220829033014,-0.0048459845061912,0.9620647458004228,0.3059866962305986,7.991956241956242,0.6159568815000379,5.445229681978798,2.286474973375932,0.0,0.0,0.3227069860643046,0.0,0.4539321602113507,1.142990218910107,0.2235176245559705,1.5482649842271294,0.0118407869569177,27.937991051233663,0.0148887387552388,0.0202807775377969,-62.00457242309452,-5059000000.0,-11521000000.0,-49707000000.0,68304000000.0,4299000000.0,7295000000.0,1129500000.0,35.437653702522994,151.60092807424593,20.839907192575406,2.5396715244043486,0.59366391184573,4.318637274549098,0.0348203359661808,2.872297098641786,2019-07-25,0.97,bmo,9770302752.0,2025-04-25,2019-06-30,0.1237113402061856,74.27698412698412,3657295.6666666665
2019-03-31,TMUS,USD,1283699,2019-04-25,2019-04-25 16:26:07,2019,Q1,11080000000.0,4562000000.0,6518000000.0,0.588267148,0,3442000000.0,0.0,3442000000.0,7000000.0,5042000000.0,9604000000.0,8000000.0,288000000.0,1600000000.0,3091000000.0,0.2789711191,1476000000.0,0.1332129964,-273000000.0,1203000000.0,0.1085740072,295000000.0,908000000.0,0.0819494585,1.07,1.06,851223498,858643481,https://www.sec.gov/Archives/edgar/data/1283699/000128369919000077/0001283699-19-000077-index.htm,https://www.sec.gov/Archives/edgar/data/1283699/000128369919000077/tmus03312019form10-q.htm,13.016557961608338,1.0666998762762068,1.6352932023970044,-0.8505404299823499,1.6905078435698917,30.756904692497105,-13.524062748559134,30.756904692497105,30.267021599537657,59560108155.06,83597108155.06,16.39870819247247,5.37546102482491,42.78743401943965,-82.26534275560773,2.2749363337939728,2.2749363337939728,7.544865356954873,27.045327775820123,60.05539378955459,-115.46561899870166,0.0152451032767787,-0.0121557871942596,0.9730720751690156,0.3066700371962009,7.776447751536719,0.6561866886771216,5.125,1.5330396475770924,0.0,0.0,0.3106498194945848,0.0,0.4537334633394725,1.5201149425287357,0.1909747292418772,1.3225,0.009927797833935,27.16962816598397,0.0151146412531088,0.0200088144557073,-60.637717498724406,-4582000000.0,-11512000000.0,-48147000000.0,66423000000.0,4322000000.0,6408500000.0,1172500000.0,34.724729241877256,144.60762823323105,24.87724682156949,2.591812865497076,0.6223738062755798,3.6177636796193497,0.0346816393567854,2.485833632379354,2019-04-25,0.91,amc,9512075471.0,2025-04-25,2019-03-31,0.1648351648351648,69.9616393442623,3566838.2622950817
2018-12-31,TMUS,USD,1283699,2019-02-07,2019-02-07 07:46:51,2018,Q4,11445000000.0,5170000000.0,6275000000.0,0.5482743556,0,3498000000.0,1700000000.0,3498000000.0,-3000000.0,5138000000.0,10308000000.0,2000000.0,298000000.0,1640000000.0,2776000000.0,0.2425513325,1137000000.0,0.099344692,-299000000.0,838000000.0,0.0732197466,198000000.0,640000000.0,0.0559196156,0.75,0.75,849102785,856344347,https://www.sec.gov/Archives/edgar/data/1283699/000128369919000015/0001283699-19-000015-index.htm,https://www.sec.gov/Archives/edgar/data/1283699/000128369919000015/tmus12312018form10-k.htm,13.478933530997663,0.7537367811130192,1.1235388893465943,-0.3014947124452077,1.4167896057483782,29.110727743049388,-15.239615543128856,29.110727743049388,15.620017074846832,54011428153.85,65773428153.85,21.098214122597657,4.719216090332022,56.61575278181341,-210.98214122597656,2.185105111815276,2.185105111815276,5.746913774910441,23.693598038130403,68.94489324302936,-256.92745372597653,0.0118493441457792,-0.0047397376583117,0.5245165466461688,0.1789065518573715,4.237031700288185,0.8065647219246128,3.815436241610738,1.490625,0.0,0.0,0.3056356487549148,0.0,0.5196500524369377,1.2683438155136268,0.1057230231542158,0.7378048780487805,0.0087374399301004,22.21916042654017,0.0135928685559075,0.018385521401896,-50.321646277488064,-1986000000.0,-12940000000.0,-39469000000.0,59031000000.0,4225500000.0,5993500000.0,1021000000.0,34.3564875491481,95.5183752417795,18.870406189555126,2.6195925841153582,0.9422270821942774,4.769372693726937,0.0258920624646006,1.425033601791802,2019-02-07,0.69,bmo,10529400000.0,2025-04-25,2018-12-31,0.0869565217391305,67.1120634920635,3881851.873015873
2018-09-30,TMUS,USD,1283699,2018-10-30,2018-10-30 16:08:05,2018,Q3,10839000000.0,4448000000.0,6391000000.0,0.5896300397,0,3314000000.0,0.0,3314000000.0,3000000.0,4951000000.0,9399000000.0,5000000.0,318000000.0,1637000000.0,3085000000.0,0.2846203524,1440000000.0,0.1328535843,-310000000.0,1130000000.0,0.1042531599,335000000.0,795000000.0,0.0733462497,0.94,0.93,847087120,853852764,https://www.sec.gov/Archives/edgar/data/1283699/000128369918000060/0001283699-18-000060-index.htm,https://www.sec.gov/Archives/edgar/data/1283699/000128369918000060/tmus09302018form10-q.htm,12.795614222064904,0.9385103152081924,1.0789917334594816,-0.5548425762866044,0.388389803400623,28.75147009672393,-15.73391884414439,28.75147009672393,15.457678072120846,59507870180.0,71954870180.0,18.71316672327044,5.4901623932097054,65.10707897155362,-126.61248974468086,2.443353322931636,2.443353322931636,6.638515562321247,23.324107027552675,78.72524089715536,-153.0954684680851,0.013359577440686,-0.0078981149649338,0.5245740094436461,0.1820409791684477,4.034683954619124,0.8499766682221185,4.528301886792453,1.149685534591195,0.00021845849903,0.0163522012578616,0.305747762708737,0.0,0.5369325468068735,1.5142231947483589,0.1276870560014761,0.8454489920586439,0.0106098348556139,24.640006157090227,0.0162373558753825,0.0244622911474199,-49.53150509477703,-1286000000.0,-13328000000.0,-38541000000.0,58899000000.0,4050000000.0,6593000000.0,978000000.0,33.89427068917797,131.51978417266187,19.38399280575539,2.65531602155806,0.6843076923076923,4.643006263048017,0.0326421679326627,1.633834309746086,2018-10-30,0.85,amc,9906612903.0,2025-04-25,2018-09-30,0.0941176470588236,64.25587301587301,2920286.73015873
2018-06-30,TMUS,USD,1283699,2018-08-01,2018-08-01 16:19:54,2018,Q2,10571000000.0,4302000000.0,6269000000.0,0.5930375556,0,3185000000.0,0.0,3185000000.0,-64000000.0,4819000000.0,9121000000.0,6000000.0,324000000.0,1634000000.0,3026000000.0,0.2862548482,1450000000.0,0.137167723,-382000000.0,1068000000.0,0.1010311229,286000000.0,782000000.0,0.073975972,0.92,0.92,847660488,852040670,https://www.sec.gov/Archives/edgar/data/1283699/000128369918000045/0001283699-18-000045-index.htm,https://www.sec.gov/Archives/edgar/data/1283699/000128369918000045/tmus06302018form10-q.htm,12.470794793020954,0.9225391664121072,1.4876238987796255,-0.4671681712265914,0.2536392848831241,27.59359476007569,-16.873500891550343,27.59359476007569,16.177467505126888,50647714158.0,63821714158.0,16.19172447506394,4.7911942255226565,40.16472177478192,-127.89826807575756,2.1653575954681488,2.1653575954681488,6.037433937943431,21.09111505551884,50.61198585091198,-161.16594484343435,0.0154399860487381,-0.0078187141627881,0.5724241128687473,0.1921167422372725,4.353602115003305,0.7640340480551665,4.4753086419753085,1.6125319693094629,0.0,0.0,0.3012959984864251,0.0,0.5408511737358663,1.3140364789849326,0.1567495979566739,1.0140758873929008,0.0105950241225995,23.932485619679344,0.0171977665805489,0.0244382636957404,-50.225887136077056,-2190000000.0,-14303000000.0,-39211000000.0,57878000000.0,4000500000.0,6921500000.0,1154500000.0,34.20868413584335,139.8744769874477,20.87866108786611,2.6309109009457443,0.6434340412802871,4.31062124248497,0.0334330910645575,1.954792070006217,2018-08-01,0.87,amc,9996489130.0,2025-04-25,2018-06-30,0.0574712643678161,59.20375,4660753.390625
2018-03-31,TMUS,USD,1283699,2018-05-01,2018-05-01 16:13:24,2018,Q1,10455000000.0,4434000000.0,6021000000.0,0.5758967001,0,3164000000.0,0.0,3164000000.0,10000000.0,4739000000.0,9173000000.0,6000000.0,417000000.0,1575000000.0,2873000000.0,0.274796748,1282000000.0,0.1226207556,-401000000.0,881000000.0,0.0842659015,210000000.0,671000000.0,0.0641798183,0.78,0.78,855222664,862244084,https://www.sec.gov/Archives/edgar/data/1283699/000128369918000026/0001283699-18-000026-index.htm,https://www.sec.gov/Archives/edgar/data/1283699/000128369918000026/tmus03312018form10-q.htm,12.2248865004354,0.7845909939542949,0.9003503209311581,-0.7565281268083887,2.9547860532377097,26.74858953457295,-17.328820462597093,26.74858953457295,19.06988751177436,52202791410.56,65567791410.56,19.44962422152012,4.993093391732185,67.79583300072727,-80.68437621415765,2.281989482888617,2.281989482888617,6.271429116265901,22.822064535523843,85.15297585787013,-101.34125411214838,0.0128537187738252,-0.012393973243912,0.694701870956461,0.2207099605577468,4.651931778628612,0.7776159261956785,3.0743405275779376,1.147540983606557,0.0,0.0,0.3026303204208512,0.0,0.523526470751625,1.8402597402597405,0.135533237685318,0.8996825396825396,0.0092778574844571,21.730181893408897,0.0153979599603135,0.0195581205549726,-50.23048594044276,-2748000000.0,-14820000000.0,-39519000000.0,57256000000.0,4105000000.0,6669500000.0,1438500000.0,34.28694404591105,145.27063599458728,26.61028416779432,2.6249058498619133,0.6195333240184435,3.382151029748284,0.0293320510578772,1.6568784477395468,2018-05-01,0.71,bmo,9516730769.0,2025-04-25,2018-03-31,0.0985915492957747,62.56147540983606,3857054.7868852457
2017-12-31,TMUS,USD,1283699,2018-02-08,2018-02-08 06:15:41,2017,Q4,10759000000.0,5039000000.0,5720000000.0,0.5316479227,0,3291000000.0,1800000000.0,3291000000.0,16000000.0,4776000000.0,9815000000.0,2000000.0,416000000.0,1485000000.0,2615000000.0,0.2430523283,1112000000.0,0.1033553304,-398000000.0,714000000.0,0.0663630449,-1993000000.0,2707000000.0,0.2516033089,3.22,3.11,837416683,871501578,https://www.sec.gov/Archives/edgar/data/1283699/000128369918000011/0001283699-18-000011-index.htm,https://www.sec.gov/Archives/edgar/data/1283699/000128369918000011/tmus12312017form10-k.htm,12.84784530618194,3.2325603907272527,2.4575579180335008,1.348193823838592,1.4556672021782495,26.93879935515925,-17.562344169348247,26.93879935515925,16.896009223642373,53184333537.33,65698333537.33,4.911741183720909,4.943241336307278,25.842727666341105,47.10746991791852,2.357566095009974,2.357566095009974,6.106360585308114,25.123645712172085,31.923388502103982,58.191615179211695,0.0508984473425799,0.0212280557996944,0.6087592535130103,0.1946204101299548,4.78546845124283,0.7742075553625706,2.673076923076923,0.7602512005910602,0.000263235412928,0.0051717768747691,0.3058834464169532,0.0,0.5281238042600229,0.4514091350826045,0.0863463147132633,0.6255892255892256,0.00790036248722,44.26431016979509,0.0688059010916886,0.081298615490885,-51.14747636332915,-2600000000.0,-14707000000.0,-39089000000.0,56862000000.0,4060500000.0,6126500000.0,1282500000.0,35.35923412956594,110.41476483429253,27.969835284778725,2.545303998107405,0.8151083791653186,3.2177522349936143,0.119996453743517,1.1093640941949088,2018-02-08,0.37,bmo,9355968243.0,2025-04-25,2017-12-31,0.2972972972972972,61.01428571428571,4768135.365079365
2017-09-30,TMUS,USD,1283699,2017-10-23,2017-10-23 07:37:08,2017,Q3,10019000000.0,4211000000.0,5808000000.0,0.5796985727,0,3098000000.0,0.0,3098000000.0,1000000.0,4514000000.0,8725000000.0,2000000.0,420000000.0,1416000000.0,2819000000.0,0.2813654057,1323000000.0,0.1320491067,-417000000.0,906000000.0,0.0904281864,356000000.0,550000000.0,0.0548956982,0.65,0.63,831189779,871420065,https://www.sec.gov/Archives/edgar/data/1283699/000128369917000043/0001283699-17-000043-index.htm,https://www.sec.gov/Archives/edgar/data/1283699/000128369917000043/tmus09302017form10-q.htm,12.053805584632917,0.6617020732157006,2.8417096307917906,1.090003778788045,0.8890869674661868,24.39515079744502,-20.054385197150022,24.39515079744502,17.012961849714948,51251161773.14,64233161773.14,23.295982624154544,5.115396923159996,21.69820566178662,56.56861122863135,2.5275515003767817,2.5275515003767817,6.411135020774529,22.78579701069173,27.194395331558,70.89752955092715,0.0107314640482598,0.0176776480504061,0.6766780095674902,0.2020081562946277,4.605179141539553,0.9192891521658644,3.15,4.294545454545455,0.0002536527865952,0.0236363636363636,0.3092124962571115,0.0,0.5439394608600916,0.6164267569856055,0.1453238846192234,1.0282485875706215,0.0081844495458628,19.057865615783893,0.0133019592461532,0.0177551086289827,-52.31897828714759,-654000000.0,-16669000000.0,-40197000000.0,57862000000.0,3852500000.0,6148000000.0,1103500000.0,34.979538876135344,129.75302778437427,21.35122298741392,2.5729327170005134,0.6936254323834624,4.215215215215215,0.0271243280564186,1.7517058520037456,2017-10-23,0.46,bmo,7315460317.0,2025-04-25,2017-09-30,0.3695652173913043,62.71063492063493,3606793.412698413
2017-06-30,TMUS,USD,1283699,2017-07-20,2017-07-20 16:07:10,2017,Q2,10213000000.0,4364000000.0,5849000000.0,0.5727014589,0,2915000000.0,0.0,2915000000.0,-92000000.0,4434000000.0,8798000000.0,6000000.0,396000000.0,1519000000.0,2934000000.0,0.2872809165,1416000000.0,0.1386468227,-482000000.0,934000000.0,0.0914520709,353000000.0,581000000.0,0.0568882796,0.68,0.67,830971528,870456447,https://www.sec.gov/Archives/edgar/data/1283699/000128369917000032/0001283699-17-000032-index.htm,https://www.sec.gov/Archives/edgar/data/1283699/000128369917000032/tmus06302017form10-q.htm,12.290433132625935,0.6991815969896865,2.201038108251526,-6.388907226193194,0.2178173305596097,23.603696804398812,-20.96943085636022,23.603696804398812,17.815291500577143,50373494027.36,64600494027.36,21.675341664096383,4.932291591830021,27.54154949554948,-9.488320592834809,2.568241767480371,2.568241767480371,6.325320084927053,22.01789162486708,35.32011701878622,-12.168109630318328,0.0115338435663095,-0.1053927289045396,0.7345773427143877,0.2145356541937789,4.849011588275392,0.7680108744902583,3.575757575757576,3.1480206540447506,0.0002779239413568,0.0240963855421686,0.2854205424459022,0.0,0.5515120832650874,3.9026790595954073,0.6989131499069813,4.699144173798552,0.0070498384412023,19.2697582911047,0.0147956735779781,0.0192895086321381,-52.83183420936656,-2048000000.0,-17425000000.0,-40765000000.0,56414000000.0,3789500000.0,6192500000.0,1114500000.0,33.58366787427788,128.37992667277726,24.912923923006417,2.6798740488060875,0.7010441767068273,3.6125827814569536,0.029621698786581,8.58994533444472,2017-07-19,0.38,amc,8980049012.0,2025-04-25,2017-06-30,0.7631578947368421,65.14920634920634,3897150.8412698414
2017-03-31,TMUS,USD,1283699,2017-04-24,2017-04-24 16:15:44,2017,Q1,9613000000.0,4094000000.0,5519000000.0,0.5741183814,0,2955000000.0,0.0,2955000000.0,2000000.0,4519000000.0,8613000000.0,7000000.0,439000000.0,1564000000.0,2564000000.0,0.2667221471,1037000000.0,0.1078747529,-430000000.0,607000000.0,0.0631436596,-91000000.0,698000000.0,0.0726100073,0.83,0.8,827723034,869395984,https://www.sec.gov/Archives/edgar/data/1283699/000128369917000022/0001283699-17-000022-index.htm,https://www.sec.gov/Archives/edgar/data/1283699/000128369917000022/tmus03312017form10-q.htm,11.613788193793336,0.8432772453206854,2.069532838444605,0.206590843767675,9.062210053224156,22.90983725360481,-12.332627679417705,22.90983725360481,25.47470486365612,53462630766.060005,66608630766.060005,19.1485067213682,5.561492849897015,31.209942070087568,312.64696354421056,2.8193129128334125,2.8193129128334125,6.929015995637158,25.9784051349688,38.8841977618564,389.5241565266667,0.0130558483561028,0.0031984958007071,1.0888045140536835,0.303418175405596,5.127145085803432,1.0401701014066078,2.3621867881548977,2.4541547277936964,0.0002618651532742,0.0200573065902578,0.3073962342660979,0.0,0.4286826945685398,0.9001751313485113,0.1604077811297201,0.9859335038363172,0.0069697284926661,20.849106698470663,0.0197738923787605,0.0179540602412737,-46.20808945616464,614000000.0,-10208000000.0,-33186000000.0,51020000000.0,3817000000.0,5661500000.0,1066000000.0,35.27722875273068,135.41768441621886,22.44504152418173,2.5512208067940554,0.6646103896103897,4.009794319294809,0.0368085218583557,1.8629419946769297,2017-04-24,0.35,amc,6797764284.0,2025-04-25,2017-03-31,0.3142857142857144,61.472903225806455,4946776.919354838
2016-12-31,TMUS,USD,1283699,2017-02-14,2017-02-14 07:37:53,2016,Q4,10175000000.0,4732000000.0,5443000000.0,0.5349385749,0,2959000000.0,1700000000.0,2959000000.0,1548000000.0,4507000000.0,9239000000.0,63000000.0,399000000.0,1548000000.0,2553000000.0,0.2509090909,942000000.0,0.0925798526,-336000000.0,606000000.0,0.0595577396,216000000.0,390000000.0,0.0383292383,0.46,0.45,824982734,867262400,https://www.sec.gov/Archives/edgar/data/1283699/000128369917000010/0001283699-17-000010-index.htm,https://www.sec.gov/Archives/edgar/data/1283699/000128369917000010/tmus12312016form10-k.htm,12.333591456715263,0.472737166399897,1.941858821981116,0.3866747591835055,6.6668061928190605,22.104705042226986,-13.136032493014577,22.104705042226986,27.37633052087609,47444757032.34,64130757032.34,30.413305789961537,4.662875384013759,29.615953203707864,148.72964586940438,2.601708545313665,2.601708545313665,6.302777103915479,25.119763819952997,40.03168354078652,201.03685590075236,0.0082200863571534,0.0067236090972614,1.2166045185347665,0.3367075928427251,6.5358401880141015,1.5758146752383064,2.3609022556390977,4.107692307692307,0.0002950800230773,0.0358974358974358,0.2908108108108108,0.0,0.4412286958765233,0.8008739076154806,0.1260933660933661,0.8288113695090439,0.0062899262899262,15.333577585800963,0.0105328217899191,0.0105926449019501,-46.91007266583594,5195000000.0,-10837000000.0,-33438000000.0,55211000000.0,3733000000.0,5654500000.0,1075000000.0,34.195577395577395,98.1973795435334,21.130600169061708,2.631919296430419,0.916521402285493,4.259225922592259,0.0213862689186225,1.55518406279761,2017-02-14,0.3,bmo,6822666666.0,2025-04-25,2016-12-31,0.5000000000000001,52.324444444444445,3910355.396825397
2016-09-30,TMUS,USD,1283699,2016-10-24,2016-10-24 07:37:14,2016,Q3,9246000000.0,3975000000.0,5271000000.0,0.5700843608,0,2898000000.0,0.0,2898000000.0,-1000000.0,4466000000.0,8441000000.0,62000000.0,452000000.0,1568000000.0,2432000000.0,0.2630326628,989000000.0,0.1069651741,-450000000.0,598000000.0,0.0646766169,232000000.0,366000000.0,0.0395846853,0.43,0.42,822998697,832257819,https://www.sec.gov/Archives/edgar/data/1283699/000128369916000115/0001283699-16-000115-index.htm,https://www.sec.gov/Archives/edgar/data/1283699/000128369916000115/tmus09302016form10-q.htm,11.234525684795829,0.4447151633825734,2.1142196291958406,-0.1506685252990139,6.503047962905827,21.69262243680077,-13.18471103241613,21.69262243680077,27.462983942002523,38450499123.84,55248499123.84,26.26400213377049,4.158609033510707,22.097988002206897,-310.08467035354835,2.153727615741892,2.153727615741892,5.975394670542937,22.717310495,31.75201099071264,-445.55241228903225,0.0095187320929489,-0.0032249256271193,1.2406878395787824,0.3446290764251929,6.907072368421052,1.6664613868703042,2.188053097345133,4.754098360655738,0.0003380970415528,0.0355191256830601,0.3134328358208955,0.0,0.4466019417475728,1.071264367816092,0.2016006921912178,1.1887755102040816,0.0063811377893142,14.732900527442398,0.0107175837017545,0.0102901484480431,-45.98731460689056,5411000000.0,-10851000000.0,-32889000000.0,54689000000.0,3668000000.0,6565500000.0,1213500000.0,35.04218040233615,139.15471698113208,23.524528301886797,2.568333333333334,0.6467621217051741,3.8257940327237727,0.0205007561754327,2.2648881544948547,2016-10-24,0.22,bmo,7021181250.0,2025-04-25,2016-09-30,0.2272727272727273,45.90953125,2741955.421875
2016-06-30,TMUS,USD,1283699,2016-07-27,2016-07-27 07:40:25,2016,Q2,9222000000.0,4048000000.0,5174000000.0,0.5610496638,0,2772000000.0,0.0,2772000000.0,-3000000.0,4347000000.0,8395000000.0,68000000.0,461000000.0,1575000000.0,2467000000.0,0.2675124702,768000000.0,0.0832791152,-461000000.0,372000000.0,0.0403383214,147000000.0,225000000.0,0.0243981783,0.26,0.25,822434490,829752956,https://www.sec.gov/Archives/edgar/data/1283699/000128369916000100/0001283699-16-000100-index.htm,https://www.sec.gov/Archives/edgar/data/1283699/000128369916000100/tmus06302016form10-q.htm,11.213051145265078,0.2735780207855826,2.149715292217378,-2.220237626464328,6.733667018269139,21.15062076251204,-12.535952863552694,21.15062076251204,27.10611029943552,35586740382.3,51880740382.3,39.540822647,3.8588961594339626,20.12824682256787,-19.488904919112816,2.0458028388789886,2.0458028388789886,5.625758011526784,21.029890710295906,29.34431017098417,-28.412234601478644,0.0063225796345177,-0.0513112462783528,1.2550732969244036,0.341295647823912,6.604783137413863,1.6316270566727604,1.665943600867679,7.857777777777778,0.0003934049550366,0.0622222222222222,0.3005855562784645,0.0,0.4331071785892946,2.0328054298642533,0.3897202342225114,2.281904761904762,0.0065061808718282,11.41020428162336,0.0083735827420459,0.0062046714281774,-45.6437569878666,5528000000.0,-10310000000.0,-32293000000.0,53803000000.0,3901000000.0,7208000000.0,1415500000.0,36.46063760572544,155.29891304347828,30.85968379446641,2.4684154175588864,0.5795275590551181,2.9164265129683,0.0129347513653348,4.369952918681705,2016-07-27,0.2,bmo,7429600000.0,2025-04-25,2016-06-30,0.2499999999999999,41.0090625,4305110.640625
2016-03-31,TMUS,USD,1283699,2016-04-26,2016-04-26 06:21:56,2016,Q1,8599000000.0,3795000000.0,4804000000.0,0.5586696127,0,2749000000.0,0.0,2749000000.0,-2000000.0,4301000000.0,8096000000.0,68000000.0,418000000.0,1552000000.0,2120000000.0,0.2465402954,1103000000.0,0.1282707292,-417000000.0,751000000.0,0.0873357367,272000000.0,479000000.0,0.0557041516,0.57,0.56,819431761,859382827,https://www.sec.gov/Archives/edgar/data/1283699/000128369916000083/0001283699-16-000083-index.htm,https://www.sec.gov/Archives/edgar/data/1283699/000128369916000083/tmus03312016form10-q.htm,10.493857340245322,0.5845514206276903,1.2508668186709448,-1.1032035161741796,8.020191933956536,20.87300104053448,-12.954098809943492,20.87300104053448,25.97897837645568,31384236446.3,48607236446.3,16.38008165255741,3.6497542093615536,30.618767264682923,-34.71707571493363,1.8349062468603832,1.8349062468603832,5.652661524165601,22.92794171995283,47.42169409395122,-53.76906686537611,0.0152624391808796,-0.0288042693518062,1.2201824134705332,0.3309389023674738,8.124056603773585,1.4242715337816203,2.638755980861244,2.139874739039666,0.0004460838173952,0.0292275574112734,0.3196883358530061,0.0,0.4395445824017253,1.881951219512195,0.2243284102802651,1.2429123711340206,0.0060472147924177,16.56895302207333,0.0130137686276539,0.0135525124490719,-43.46426596466768,3975000000.0,-10615000000.0,-32615000000.0,52319000000.0,4134000000.0,6784000000.0,1369000000.0,42.55611117571811,176.22924901185772,34.22134387351779,2.1148548942449583,0.5106984255147355,2.62993762993763,0.0280051449953227,2.3540703348451246,2016-04-26,0.1,bmo,1547142857.0,2025-04-25,2016-03-31,4.6000000000000005,37.749836065573774,4530995.622950819
2015-12-31,TMUS,USD,1283699,2016-02-17,2016-02-17 06:09:43,2015,Q4,8247000000.0,3403000000.0,4844000000.0,0.5873651025,0,2755000000.0,1600000000.0,2755000000.0,-3000000.0,4124000000.0,7527000000.0,85000000.0,439000000.0,1369000000.0,2289000000.0,0.2775554747,838000000.0,0.1016127077,-357000000.0,481000000.0,0.0583242391,184000000.0,297000000.0,0.0360130957,0.35,0.34,816585782,824716119,https://www.sec.gov/Archives/edgar/data/1283699/000128369916000073/0001283699-16-000073-index.htm,https://www.sec.gov/Archives/edgar/data/1283699/000128369916000073/tmus12312015form10-k.htm,10.099367613040316,0.3637094920665665,2.734556551463444,0.9858119229413672,9.28255201974604,20.27588572439778,-11.848112241562394,20.27588572439778,25.845416936245407,31944835791.84,48028835791.84,26.889592417373738,3.873509857140778,14.305793010228392,39.68302582837266,1.9293855041275592,1.9293855041275592,5.823794809244573,20.982453382193096,21.508659109646217,59.66315005197515,0.0092972774045645,0.0251996912817322,1.2481729781965332,0.330994938817349,7.026649191786807,1.5627623845507976,1.9088838268792712,7.518518518518518,0.0004382555005518,0.0471380471380471,0.3340608706196192,0.0,0.4201422256390544,0.6394984326018809,0.1731538741360494,0.5814332247557004,0.0058202982902873,12.8812643869094,0.0097463648791582,0.008203513423931,-42.24908241177288,5362000000.0,-9675000000.0,-30989000000.0,51594000000.0,4720500000.0,6805500000.0,1265500000.0,45.85667515460168,162.30678812812224,34.249191889509255,1.9626368396001903,0.5545054586931726,2.627799227799228,0.0179380322522196,1.7487446285220771,2016-02-17,0.15,bmo,8164530000.0,2025-04-25,2015-12-31,1.2666666666666668,38.63171875,4675409.21875
2015-09-30,TMUS,USD,1283699,2015-10-27,2015-10-27 07:50:50,2015,Q3,7849000000.0,3363000000.0,4486000000.0,0.5715377755,0,2624000000.0,0.0,2624000000.0,-1000000.0,3781000000.0,7144000000.0,109000000.0,383000000.0,1157000000.0,1862000000.0,0.2372276723,513000000.0,0.0653586444,-275000000.0,238000000.0,0.0303223341,100000000.0,138000000.0,0.0175818576,0.15,0.15,815069272,822017220,https://www.sec.gov/Archives/edgar/data/1283699/000128369915000055/0001283699-15-000055-index.htm,https://www.sec.gov/Archives/edgar/data/1283699/000128369915000055/tmus09302015form10-q.htm,9.629856344283828,0.1693107625826434,1.878367953000196,0.3889239981065069,3.230400274493479,19.939409518066093,-11.948677657915685,19.939409518066093,23.88385953040811,32447907718.320004,48898907718.32001,58.782441518695656,4.134018055589247,21.19393058022208,102.35933034170348,1.996548592069899,1.996548592069899,6.229953843587719,26.26149716343717,31.93919511320706,154.25522939533124,0.0042529706752736,0.0097695051018966,1.1742554762490771,0.3263728558479982,8.835123523093447,1.4311885106864186,1.3394255874673628,11.094202898550725,0.000400642165062,0.0942028985507246,0.3343101031978596,0.0,0.4444957501752946,0.7929457870672763,0.1546693846349853,1.049265341400173,0.0053510001274047,8.715447446712432,0.0059796916515078,0.0042485068653408,-42.99113118817219,3813000000.0,-9739000000.0,-29565000000.0,47905000000.0,5310500000.0,7059500000.0,1185500000.0,60.07262071601478,200.0178412132025,33.07760927743087,1.4981866768467265,0.4499598608509499,2.720873786407767,0.0084912626138321,1.489443954893689,2015-10-27,0.3,bmo,15698000000.0,2025-04-25,2015-09-30,-0.5,39.8975,3504795.734375
2015-06-30,TMUS,USD,1283699,2015-07-30,2015-07-30 07:44:12,2015,Q2,8179000000.0,4058000000.0,4121000000.0,0.5038513266,0,2438000000.0,0.0,2438000000.0,1000000.0,3513000000.0,7571000000.0,114000000.0,349000000.0,1075000000.0,1683000000.0,0.2057708766,597000000.0,0.0729918083,-234000000.0,363000000.0,0.0443819538,2000000.0,361000000.0,0.0441374251,0.43,0.42,811605031,821122537,https://www.sec.gov/Archives/edgar/data/1283699/000128369915000038/0001283699-15-000038-index.htm,https://www.sec.gov/Archives/edgar/data/1283699/000128369915000038/tmus06302015form10-q.htm,10.077561976078975,0.4447976370417546,1.4304987717603244,-0.2193185024748817,3.255277997408077,19.7793253945465,-13.106128712501784,19.7793253945465,24.20758774226968,31465927051.870003,48121927051.87,21.79080820766621,3.8471606616786898,27.10243501453058,-176.77487107792138,1.9601275183373823,1.9601275183373823,5.883595433655704,28.592945366530007,41.44868824450474,-270.3479047857865,0.011472727290218,-0.0056569126250936,1.2021429016383232,0.3374484157515562,9.896613190730838,1.4105759922555663,1.7106017191977076,3.21606648199446,0.000444925712086,0.038781163434903,0.2980804499327546,0.0,0.4667063020214031,1.1533161068044788,0.1637119452255777,1.2455813953488373,0.0068468027876268,14.069486022947702,0.0120403720097678,0.0118368417601154,-41.75553219309701,3393000000.0,-10637000000.0,-29478000000.0,46993000000.0,5329500000.0,6719000000.0,1182500000.0,59.22239882626238,147.37555446032528,25.172498767865942,1.5196952805648458,0.6106847253574116,3.575330396475771,0.0224880084719367,1.6498172742352062,2015-07-30,0.18,bmo,6747674998.0,2025-04-25,2015-06-30,1.3333333333333333,35.82888888888888,4731329.126984127
2015-03-31,TMUS,USD,1283699,2015-04-28,2015-04-28 07:43:18,2015,Q1,7778000000.0,4074000000.0,3704000000.0,0.4762149653,0,2372000000.0,0.0,2372000000.0,-8000000.0,3459000000.0,7533000000.0,112000000.0,325000000.0,1087000000.0,1332000000.0,0.1712522499,117000000.0,0.0150424274,-221000000.0,-104000000.0,-0.0133710465,-41000000.0,-63000000.0,-0.0080997686,-0.0779,-0.0779,808605526,808605526,https://www.sec.gov/Archives/edgar/data/1283699/000128369915000018/0001283699-15-000018-index.htm,https://www.sec.gov/Archives/edgar/data/1283699/000128369915000018/tmus03312015form10-q.htm,9.619028994862449,-0.0779119088038485,0.6047448159536817,-2.7071296566924525,3.749665198305854,19.35430750444809,-13.479996920030942,19.35430750444809,24.209579789589515,25624709118.94,41843709118.94,-101.68535364658732,3.294511329254308,52.40226813689162,-11.706125682476015,1.6373616050440896,1.6373616050440896,5.379751750956545,31.41419603524024,85.56995729844581,-19.115445006368205,-0.0024585644936525,-0.0854253599461171,1.2300958466453673,0.3403762509282506,12.176426426426426,1.3452422245346285,0.36,-7.761904761904762,0.0005463476652561,-0.2222222222222222,0.3049627153509899,0.0,0.4694296120796351,5.476482617586912,0.3443044484443301,2.4636614535418584,0.0070712265363846,,0.0014650859930544,-0.0020994401492935,-41.18602820431381,2986000000.0,-10900000000.0,-29273000000.0,46019000000.0,5140000000.0,6057500000.0,1157500000.0,61.0606839804577,150.06627393225332,27.17231222385862,1.4739435285199924,0.5997350213455027,3.31219512195122,-0.0040255591054313,3.311874472646134,2015-04-28,-0.07,bmo,7778000000.0,2025-04-25,2015-03-31,0.2857142857142855,31.17377049180328,4329265.590163934
2014-12-31,TMUS,USD,1283699,2015-02-19,2015-02-18 21:30:33,2014,Q4,8154000000.0,4195000000.0,3959000000.0,0.4855285749,0,2333000000.0,1400000000.0,2333000000.0,21000000.0,3428000000.0,7623000000.0,104000000.0,358000000.0,1090000000.0,1648000000.0,0.2021093942,433000000.0,0.0531027716,-233000000.0,200000000.0,0.0245278391,99000000.0,101000000.0,0.0123865587,0.12,0.12,807420793,808605526,https://www.sec.gov/Archives/edgar/data/1283699/000128369915000010/0001283699-15-000010-index.htm,https://www.sec.gov/Archives/edgar/data/1283699/000128369915000010/tmus12312014form10-k.htm,10.09882340248327,0.1250896693219046,1.678183187437433,-0.5622842561598485,6.58268903411805,19.398806837514773,-10.954634902497489,19.398806837514773,23.827724238456664,21751916163.42,35317916163.42,53.84137664212872,2.6676374985798383,16.053074659350553,-47.91170961105728,1.388745206117602,1.388745206117602,4.331360824554819,21.43077437100728,26.064882777431738,-77.79276687977973,0.0046432690913847,-0.0208717244305808,1.2054523399093404,0.3332744956136479,8.231796116504855,1.593436645396536,1.2094972067039107,13.415841584158416,0.0,0.0,0.2861172430708854,0.0,0.4325984502144634,1.3350553505535054,0.2218543046357615,0.4100181323662738,0.0047829286239882,7.389065061443503,0.0045589400383621,0.0031420127547052,-38.86480292810592,5208000000.0,-8845000000.0,-27006000000.0,45961000000.0,4759000000.0,4754500000.0,879500000.0,55.22075055187638,114.17878426698452,23.2777115613826,1.6298221067359584,0.7882375046974821,3.866359447004608,0.0064483176913745,2.240467443597282,2015-02-19,0.05,bmo,3397500000.0,2025-04-25,2014-12-31,1.3999999999999997,27.6428125,4843955.359375
2014-09-30,TMUS,USD,1283699,2014-10-28,2014-10-27 21:23:14,2014,Q3,7350000000.0,3796000000.0,3554000000.0,0.483537415,0,2283000000.0,0.0,2283000000.0,-14000000.0,3421000000.0,7217000000.0,97000000.0,343000000.0,1138000000.0,1271000000.0,0.1729251701,49000000.0,0.0066666667,-260000000.0,-211000000.0,-0.028707483,-117000000.0,-94000000.0,-0.0127891156,-0.12,-0.12,783339861,807221761,https://www.sec.gov/Archives/edgar/data/1283699/000128369914000053/0001283699-14-000053-index.htm,https://www.sec.gov/Archives/edgar/data/1283699/000128369914000053/tmus09302014form10-q.htm,9.38290053389738,-0.1199990000253542,1.3557333832651726,-0.1174458298120488,7.387598012199203,18.54239867413054,-12.514363800516463,18.54239867413054,25.92106059058317,22615021787.07,36790021787.07,-60.14633454007979,3.07687371252653,21.29474744545198,-245.8154542072826,1.556972240073666,1.556972240073666,5.005445141097959,28.945729179441383,34.64220507257062,-399.89154116380433,-0.0041565292700157,-0.0040680924770366,1.3743201376936316,0.3621881520457226,11.152635719905586,1.5450319581638583,0.1428571428571428,-11.297872340425531,0.0,0.0,0.3106122448979592,0.0,0.4414043363875533,1.0866290018832392,0.1570068027210884,1.0140597539543057,0.0061224489795918,,0.0004578502430105,-0.0030532367557735,-39.6759459684894,4690000000.0,-9803000000.0,-27295000000.0,44816000000.0,4270500000.0,4871000000.0,732500000.0,55.285714285714285,99.27028451001054,15.979978925184405,1.627906976744186,0.9066157153092906,5.632047477744807,-0.0064716006884681,1.4731792130772214,2014-10-27,-0.00779,amc,612500000.0,2025-04-25,2014-09-30,14.404364569961489,30.77203125,4805106.84375
2014-06-30,TMUS,USD,1283699,2014-07-31,2014-07-30 20:44:30,2014,Q2,7185000000.0,3668000000.0,3517000000.0,0.4894919972,0,2151000000.0,0.0,2151000000.0,-12000000.0,2533000000.0,6201000000.0,83000000.0,356000000.0,1129000000.0,1366000000.0,0.190118302,962000000.0,0.1338900487,-285000000.0,677000000.0,0.0942240779,286000000.0,391000000.0,0.0544189283,0.49,0.48,803923913,813556137,https://www.sec.gov/Archives/edgar/data/1283699/000128369914000035/0001283699-14-000035-index.htm,https://www.sec.gov/Archives/edgar/data/1283699/000128369914000035/tmus06302014form10-q.htm,8.93741296136815,0.4863644353368053,1.20658184725499,-2.906991522716404,3.8312083397374943,18.114898393375693,-12.42406133029159,18.114898393375693,21.766985304242343,27027921955.06,41090921955.06,17.28128002241688,3.76171495547112,27.863837067072165,-11.565221204561402,1.8559309177408496,1.8559309177408496,5.718987050112735,30.0812020168814,42.36177521140206,-17.582765064210527,0.0144665209796789,-0.0864661369041167,1.1771612991828606,0.3318171260452152,10.29502196193265,1.3877436544664143,2.702247191011236,2.4808184143222505,0.0,0.0,0.2993736951983298,0.0,0.4752051718798389,3.409278350515464,0.4602644398051496,2.929140832595217,0.008768267223382,14.079593473756614,0.0124004281148063,0.0144211263969313,-38.07076702792395,2765000000.0,-9988000000.0,-27205000000.0,42853000000.0,3823000000.0,5173500000.0,733500000.0,50.43006263048017,136.30043620501638,19.40839694656489,1.7846497764530551,0.6603060306030603,4.6371681415929205,0.0268488635583327,4.1135733699713946,2014-07-30,0.08,bmo,1197500000.0,2025-04-25,2014-06-30,4.999999999999999,32.31174603174603,4160730.793650794
2014-03-31,TMUS,USD,1283699,2014-05-01,2014-04-30 21:34:40,2014,Q1,6875000000.0,3750000000.0,3125000000.0,0.4545454545,0,2096000000.0,0.0,2096000000.0,-6000000.0,3141000000.0,6891000000.0,75000000.0,294000000.0,1055000000.0,1029000000.0,0.1496727273,-28000000.0,-0.0040727273,-225000000.0,-253000000.0,-0.0368,-102000000.0,-151000000.0,-0.0219636364,-0.19,-0.19,794741024,802520723,https://www.sec.gov/Archives/edgar/data/1283699/000128369914000022/0001283699-14-000022-index.htm,https://www.sec.gov/Archives/edgar/data/1283699/000128369914000022/tmus03312014form10-q.htm,8.650616732224963,-0.1899990002277773,0.9550280872376358,-0.2365550466412062,6.884003511564039,17.812091703472955,-7.591152108438283,17.812091703472955,21.742931946595977,26250296022.72,37765296022.72,-43.46075500450331,3.818224876032,34.58537025391305,-139.62923416340425,1.854358294908166,1.854358294908166,5.493133966941091,36.70096795210885,49.756648251278,-200.87923416340425,-0.0057523160831903,-0.0071618239976144,1.1999152302910427,0.3385756144232494,11.19047619047619,2.120621931260229,-0.0952380952380952,-5.026490066225166,0.0,0.0,0.3048727272727273,0.0,0.402419821005003,1.2476943346508564,0.1377454545454545,0.8976303317535546,0.0071272727272727,,-0.000378001864976,-0.0050366911274182,-34.58862594212829,6847000000.0,-6033000000.0,-23056000000.0,42463000000.0,3640000000.0,3909000000.0,631000000.0,47.3890909090909,115.008,16.224,1.899171270718232,0.7825542570951586,5.547337278106509,-0.0106668550437976,1.191583133878842,2014-05-01,-0.08,bmo,5104687500.0,2025-04-25,2014-03-31,1.375,31.69918032786885,5666720.622950819
2013-12-31,TMUS,USD,1283699,2014-02-25,2014-02-24 21:52:32,2013,Q4,6827000000.0,3538000000.0,3289000000.0,0.4817635858,0,2096000000.0,-2067000000.0,2096000000.0,-16000000.0,3093000000.0,6631000000.0,64000000.0,326000000.0,997000000.0,1245000000.0,0.1823641424,139000000.0,0.020360334,-278000000.0,-139000000.0,-0.020360334,-119000000.0,-20000000.0,-0.0029295445,-0.0262,-0.0262,761964720,761964720,https://www.sec.gov/Archives/edgar/data/1283699/000128369914000012/0001283699-14-000012-index.htm,https://www.sec.gov/Archives/edgar/data/1283699/000128369914000012/tmus12312013form10k.htm,8.959732413857692,-0.0262479344188009,1.317646307823806,-0.2716661212345894,7.731329083057809,18.69509128979095,-8.877051420438468,18.69509128979095,22.850139308287133,25632493180.8,36826493180.8,-320.40616476,3.754576414354767,25.530371694023906,-123.82846947246377,1.7994028206949808,1.7994028206949808,5.394242446286803,29.579512595020084,36.67977408446215,-177.90576415845413,-0.0007802596438406,-0.0080756873137511,1.1993681993681993,0.3420215002101975,8.991164658634538,2.105371900826446,0.4263803680981595,-50.2,0.0,0.0,0.3070162589717299,0.0,0.4205753408203711,1.206175298804781,0.1773839168009374,0.3506249433600292,0.0067379522484253,,0.00045056207619,-0.0006909894969596,-35.14467179005348,6420000000.0,-6764000000.0,-23480000000.0,42778000000.0,3524500000.0,3675000000.0,673500000.0,48.24959718763733,76.97569248162803,14.906726964386658,1.8653005464480872,1.1692002643754131,6.037542662116041,-0.0014040014040014,1.589312429058395,2014-02-25,-0.15,bmo,22187750000.0,2025-04-25,2013-12-31,-0.8,27.41171875,6286803.90625
2013-09-30,TMUS,USD,1283699,2013-11-07,2013-11-06 20:49:16,2013,Q3,6688000000.0,3459000000.0,3229000000.0,0.4828050239,0,894000000.0,1039000000.0,1933000000.0,-7000000.0,2920000000.0,6379000000.0,50000000.0,334000000.0,987000000.0,1296000000.0,0.1937799043,297000000.0,0.0444078947,-291000000.0,6000000.0,0.0008971292,42000000.0,-36000000.0,-0.0053827751,-0.05,-0.0494,720000000,728144401,https://www.sec.gov/Archives/edgar/data/1283699/000128369913000127/0001283699-13-000127-index.htm,https://www.sec.gov/Archives/edgar/data/1283699/000128369913000127/tmus09302013form10q.htm,9.28888888888889,-0.05,1.147222222222222,-0.2666666666666666,3.2847222222222223,17.243055555555557,-12.470833333333331,17.243055555555557,13.580555555555556,18698400000.0,25777400000.0,-129.85,2.7958133971291868,22.63728813559322,-97.3875,1.5061135722915826,1.5061135722915826,3.8542763157894737,19.88996913580247,31.20750605326877,-134.25729166666667,-0.0019252984212552,-0.0102682582466949,0.7606927104309303,0.2063495531714991,5.462191358024692,1.444323540079797,0.8892215568862275,-22.944444444444443,0.0,0.0,0.1336722488038277,0.0,0.4674547162802893,1.2324455205811138,0.152212918660287,1.0314083080040526,0.0071770334928229,,-0.0440565664556962,-0.0014770442702991,-38.97881944444445,2450000000.0,-8979000000.0,-25388000000.0,39214000000.0,3211000000.0,4314500000.0,790000000.0,45.60556220095694,112.50650477016478,19.800520381613183,1.9734434936559453,0.7999537465309898,4.545335085413929,-0.0028997180829641,1.413888888888889,2013-11-07,-0.01581,bmo,13376000000.0,2025-04-25,2013-09-30,1.5300442757748258,24.4409375,3082005.03125
2013-06-30,TMUS,USD,1283699,2013-08-08,2013-08-08 10:16:35,2013,Q2,6228000000.0,3263000000.0,2965000000.0,0.4760757868,0,819000000.0,1028000000.0,1847000000.0,118000000.0,2735000000.0,5998000000.0,40000000.0,334000000.0,888000000.0,1227000000.0,0.1970134875,181000000.0,0.0290622993,-176000000.0,5000000.0,0.0008028259,21000000.0,-16000000.0,-0.002569043,-0.0241,-0.0241,664603682,664603682,https://www.sec.gov/Archives/edgar/data/1283699/000128369913000115/0001283699-13-000115-index.htm,https://www.sec.gov/Archives/edgar/data/1283699/000128369913000115/tmus06302013form10q.htm,9.370998338826537,-0.0240744979802865,2.244268336749901,-0.8164384500054576,3.553997764339801,18.596045033647588,-13.73600575387724,18.596045033647588,13.991797294917784,15764399337.04,22367399337.04,-246.31873964125,2.531213766384072,10.56914612730792,-29.053016794886915,1.275540038598592,1.275540038598592,3.5914257124341686,18.22933931299104,14.996087515086666,-41.22202278079203,-0.001014945108781,-0.0344198334740918,0.7253823124848289,0.2004068493763133,5.381418092909535,1.3547610226009634,0.5419161676646707,-93.2218125,0.1711635750421585,-168.64318430749998,0.1315028901734104,0.0,0.4803505163857469,1.363788249665281,0.3266148041104688,2.2907173423423424,0.0009633911368015,,-0.0146462347645779,-0.0006882904585735,-41.12037104242224,1915000000.0,-9129000000.0,-25062000000.0,38588000000.0,1560405000.0,2389337000.0,536935500.0,43.82947976878613,118.74042292368986,22.58964143426295,2.053412462908012,0.7579558652729385,3.984126984126984,-0.00129460312323,3.0607067867553583,2013-08-08,0.07,bmo,8719200000.0,2025-04-25,2013-06-30,-0.5714285714285715,21.3865625,6788603.5
2013-03-31,TMUS,USD,1283699,2013-04-25,2013-04-25 09:55:18,2013,Q1,1287061000.0,810947000.0,476114000.0,0.3699234147,0,194611000.0,0.0,194611000.0,84000.0,367778000.0,1178725000.0,373000.0,76346000.0,173167000.0,1163000000.0,0.9036090752,107828000.0,0.0837784689,-347061000.0,31939000.0,0.0248154516,12543000.0,19396000.0,0.0150699928,0.11,0.11,182499568,183278184,https://www.sec.gov/Archives/edgar/data/1283699/000128369913000088/0001283699-13-000088-index.htm,https://www.sec.gov/Archives/edgar/data/1283699/000128369913000088/mpcs2013-q110xq.htm,7.05240573500974,0.1062797036319559,1.2243919393825633,0.4416887167645241,14.828583046289731,18.586022077597462,4.533961417377164,18.586022077597462,45.6645245319156,4033240452.8,9589369452.8,51.985466756032174,3.1336824383615074,18.049775802301177,50.03523785232235,1.189065627261795,1.189065627261795,7.4505943795981695,8.24537356216681,42.9148647927286,118.9629993648273,0.0048090363634369,0.019985914785725,2.434420292098241,0.6043829605404439,4.777411006018917,2.1236872182808764,1.4123595211274984,11.520468137760362,0.0,0.0,0.1512057315076752,0.0,0.1877025702237343,0.6392587189137663,0.1109838616817695,0.8248858038771821,0.0074378759048716,6.666680632619288,0.0050668360690656,0.0017476942573069,-40.38969560738905,3583579000.0,827446000.0,-3497901000.0,10325574000.0,1723905000.0,1974337000.0,257014000.0,6.140268409966582,52.5689841629601,28.285929906640018,14.657339710739096,1.7120361261120518,3.181793927123917,0.0057182598400149,0.7827032226180393,2013-04-24,0.18,bmo,7015500000.0,2025-04-25,2013-03-31,-0.3333333333333333,19.993666666666662,3340413.4166666665
2012-12-31,TMUS,USD,1283699,2013-03-01,2013-03-01 15:46:18,2012,Q4,1284348000.0,796948000.0,487400000.0,0.3794921626,0,189292000.0,1374000000.0,189292000.0,4462000.0,361458000.0,1158406000.0,395000.0,69270000.0,172166000.0,1147341000.0,0.8933256407,121516000.0,0.0946129865,-64414000.0,57103000.0,0.0444606913,25437000.0,31665000.0,0.0246545329,0.18,0.18,182109659,182990270,https://www.sec.gov/Archives/edgar/data/1283699/000128369913000031/0001283699-13-000031-index.htm,https://www.sec.gov/Archives/edgar/data/1283699/000128369913000031/metropcs10k-2012.htm,7.052607791660298,0.1738787507146998,1.828475226566648,0.355060793343202,14.35010100150701,18.444419798732365,4.373738352889893,18.444419798732365,26.522601966982982,3620340020.92,6012790020.92,28.583136119690508,2.818815477518554,10.872447004561794,55.99041170615527,1.0778327655156872,1.0778327655156872,4.68158942974957,5.240630310361087,18.05734833586099,92.99087567151253,0.0087464160319265,0.0178602008723944,1.4173515372709038,0.4672252528727115,2.085212678706679,3.759485399320361,1.7542370434531542,10.515806095057634,0.6637498097179696,75.88820464234959,0.1473837308891359,0.0,0.2514773419278732,0.8058159125240628,0.2089176765175793,1.5585042429733922,0.0071771825081675,8.494679813028496,0.0166991056167745,0.0041516935605679,-8.608206223701732,2339500000.0,796500000.0,-3643205000.0,9193968000.0,1727631500.0,1962543500.0,285894500.0,235.45020508460323,392.4346381445214,29.26681540075387,0.3822464285714286,0.2293375539568345,3.0751552147925776,0.0094271737800421,1.4734144332234458,2013-02-26,0.23,bmo,6272611111.0,2025-04-25,2012-12-31,-0.2173913043478261,21.338064516129037,6455273.629032258
2012-09-30,TMUS,USD,1283699,2012-10-30,2012-10-30 08:43:10,2012,Q3,1259160000.0,638972000.0,620188000.0,0.4925410591,0,163409000.0,823000000.0,163409000.0,163089000.0,326498000.0,965470000.0,460000.0,66655000.0,163089000.0,-6733000000.0,-5.3472156041,292238000.0,0.2320896471,-130000000.0,278648000.0,0.2212967375,85981000.0,192667000.0,0.1530123257,0.72,0.72,267643038,267643038,https://www.sec.gov/Archives/edgar/data/1283699/000128369912000047/0001283699-12-000047-index.htm,https://www.sec.gov/Archives/edgar/data/1283699/000128369912000047/mpcs2012-q310xq.htm,4.704624523055967,0.7198655397118904,1.464256283027246,0.6887158409851857,9.584714099680784,12.413724731371492,2.840096292734504,12.413724731371492,18.061149791611616,6166495595.52,8876442595.52,8.001494282259028,4.897308996092633,15.734950409341206,33.45356477795258,1.856010222441472,1.856010222441472,7.049495374313034,-1.3183488185830985,22.64987980423477,48.15517059360929,0.0312441640499952,0.0298921805983153,1.4348719482959398,0.473324967491267,-0.4024873013515521,4.0589077932836295,4.384337259020328,2.0340691452090915,0.0,0.0,0.1297762000063534,0.0,0.2544021197967535,0.5296480206584366,0.1648464055402014,1.2727283875675244,0.0073517265478573,14.179731475089032,0.0216728051078603,0.0256561140322632,-14.782438503033283,2400172000.0,760132000.0,-3564640000.0,9159886000.0,91561500.0,441003000.0,285821500.0,6.809039359573049,63.39531309666151,44.034605585221264,13.217723565287676,1.4196633095379338,2.043847078993833,0.0579894878684295,0.7755404420420605,2012-10-30,0.52,bmo,3347842105.0,2025-04-25,2012-09-30,0.4615384615384615,17.93015873015873,3566151.8412698414
2012-06-30,TMUS,USD,1283699,2012-07-26,2012-07-26 06:33:45,2012,Q2,1281180000.0,646340000.0,634840000.0,0.4955119499,0,167494000.0,751000000.0,167494000.0,153351000.0,320845000.0,967185000.0,374000.0,69486000.0,153350000.0,467720000.0,0.3650697014,311948000.0,0.2434849123,-68902000.0,243046000.0,0.1897048034,94211000.0,148835000.0,0.1161702493,0.56,0.56,267643038,267643038,https://www.sec.gov/Archives/edgar/data/1283699/000128369912000008/0001283699-12-000008-index.htm,https://www.sec.gov/Archives/edgar/data/1283699/000128369912000008/mpcs2012-q210xq.htm,4.786898286515489,0.5560951673250697,1.1943744264328668,0.4079538209396651,8.77494896766192,11.643456236661011,2.07136342548914,11.643456236661011,18.051005683174168,3238480759.8,6099052759.799999,5.439716397016831,2.5277328398819834,10.130826424455526,29.660219806568605,1.039210330168245,1.039210330168245,4.760496385987917,13.039965705550328,19.079454054544428,55.85929294781381,0.045958278291328,0.0337151918131954,1.5280156853181186,0.4894059713666457,6.115992474129821,3.903337206387034,4.489364764125147,2.1477878187254342,0.0,0.0,0.1307341669398523,0.0,0.2633094447970899,0.6584372438732927,0.1642860487987636,1.37254646234105,0.0072924959802681,12.06998629840908,0.0211711746161491,0.0207645993263137,-15.204533360587543,2153922000.0,554386000.0,-3717542000.0,8785166000.0,84416500.0,441972000.0,255584500.0,6.171966468411933,60.14281956864808,36.06614165918866,14.582062371955384,1.4964379895304445,2.495415252634058,0.0477603175570951,0.7864206054932017,2012-07-26,0.43,bmo,995521549.0,2025-04-25,2012-06-30,0.9069767441860463,13.844444444444443,3219217.777777778
2012-03-31,TMUS,USD,1283699,2012-04-26,2012-04-26 06:42:08,2012,Q1,1276590000.0,847791000.0,428799000.0,0.3358940615,0,176593000.0,0.0,176593000.0,152819000.0,329412000.0,1177203000.0,375000.0,70083000.0,152819000.0,251564000.0,0.1970593534,98267000.0,0.0769761631,-69605000.0,28662000.0,0.022452001,7658000.0,21004000.0,0.0164532074,0.12,0.12,181359306,182141580,https://www.sec.gov/Archives/edgar/data/1283699/000144530512001188/0001445305-12-001188-index.htm,https://www.sec.gov/Archives/edgar/data/1283699/000144530512001188/mpcs2012-q110xq.htm,7.039010173539151,0.1158142940842528,0.7548771718391997,-0.0940012419324101,12.219659684846832,16.308928751635165,2.2944452599526377,16.308928751635165,26.63646055196087,3271721880.24,6146170880.24,38.94165254522948,2.562860339059525,23.897927600654477,-191.9123580619427,1.1061425477250475,1.1061425477250475,4.8145221882045135,24.431837942789905,44.894019752819496,-360.5215204270296,0.0064198610911448,-0.005210711858781,1.609549539924592,0.5006397484038364,11.426312985959836,3.5568542722480925,1.4021517343721015,6.5179965720815085,0.0,0.0,0.1383318058264595,0.0,0.2672838018985179,1.1245252147490212,0.1205962760165754,1.0074139995681166,0.0079555691333944,6.519061212277618,0.0082150923649363,0.0030145460025403,-22.87433350676805,1989317000.0,416119000.0,-3784081000.0,8538151000.0,79498000.0,331957500.0,245903000.0,5.70862218879985,47.98617819722078,26.7686493487192,15.76562557889667,1.875540069686411,3.3621419903393903,0.0071012815033998,0.8488784137716098,2012-04-26,0.34,bmo,14263000000.0,2025-04-25,2012-03-31,-0.6470588235294118,19.11709677419355,2827864.7580645164
2011-12-31,TMUS,USD,1283699,2012-02-29,2012-02-29 11:43:09,2011,Q4,1238165000.0,728682000.0,509483000.0,0.4114823146,0,157173000.0,0.0,157173000.0,136307000.0,293480000.0,1022162000.0,471000.0,68022000.0,136307000.0,1287059000.0,1.0394890826,215115000.0,0.1737369414,-67386000.0,147729000.0,0.1193128541,56459000.0,91270000.0,0.0737139234,0.5,0.5,181359306,182141580,https://www.sec.gov/Archives/edgar/data/1283699/000144530512000521/0001445305-12-000521-index.htm,https://www.sec.gov/Archives/edgar/data/1283699/000144530512000521/metropcs10k-2011.htm,6.827137946811508,0.5032551238368766,1.6991022230753354,0.6671176829492279,12.36911438115009,16.142540818942038,2.142481731816949,16.142540818942038,26.56425030651584,3148397552.16,5954767552.16,8.623856557905116,2.542793207819636,10.217160429923284,26.022395214070816,1.0754193032381474,1.0754193032381474,4.809348957659116,4.6266469153006975,19.32437514493036,49.21783608423976,0.0289893504514329,0.0384284379579048,1.6223705424238284,0.5008632879433584,2.1804517120038787,3.3592699115856908,3.162432742348064,3.3762243891749755,0.0,0.0,0.1269402704809132,0.0,0.267748547363679,0.6073704843127329,0.1511591750695586,1.3730769512937706,0.0077929839722492,13.51983241481811,0.0152676517158364,0.0131439294113242,-22.79307216801988,1926870000.0,388559000.0,-3811738000.0,8483910000.0,71535500.0,344107000.0,193325000.0,5.671352364184095,26.17067527398783,29.59908437425379,15.869230867821027,3.438963613195526,3.040634597409534,0.0311757070638065,1.0319845401261074,2012-02-23,0.32,bmo,792320000.0,2025-04-25,2011-12-31,0.5625,16.98761904761905,2339182.301587302
2011-09-30,TMUS,USD,1283699,2011-11-01,2011-11-01 08:11:59,2011,Q3,1205388000.0,725506000.0,479882000.0,0.3981141342,0,162459000.0,0.0,162459000.0,139309000.0,301768000.0,1027274000.0,531000.0,69511000.0,139309000.0,559488000.0,0.4641559398,176831000.0,0.1467004815,-68887000.0,107944000.0,0.0895512482,38618000.0,69326000.0,0.0575134314,0.38,0.38,181009602,182432613,https://www.sec.gov/Archives/edgar/data/1283699/000144530511003134/0001445305-11-003134-index.htm,https://www.sec.gov/Archives/edgar/data/1283699/000144530511003134/metropcs10-qx2011q3.htm,6.659248938628129,0.3829962567400153,1.5002519037636468,-0.1367993726653241,11.82667646548386,15.609503411868726,1.5848330521162075,15.609503411868726,26.59175506059617,3151377170.82,6054468170.82,11.36434083467963,2.6144089461816447,11.604717818603625,-127.26666548824812,1.115346179863881,1.115346179863881,5.0228376015191785,10.821444196872855,22.295139824790105,-244.50642802762297,0.0219986362286051,-0.0078575170973764,1.678960314567134,0.5112129282282719,5.188835149279341,3.271774249427078,2.543928299118125,3.917145082652973,0.0,0.0,0.1347773496998476,0.0,0.273567796718846,1.0911842686699071,0.2458312178319346,2.1270843951216363,0.0082114638605992,11.597999007031987,0.0133090799087981,0.0102842293006632,-23.15403135354112,1770480000.0,286870000.0,-3904313000.0,8318345000.0,63777000.0,452123000.0,143525000.0,4.856792999432548,59.08863606917103,18.235796809399236,18.5307465256426,1.5231355128022102,4.9353478183970285,0.0245360948797899,1.6370512764289709,2011-11-01,0.46,bmo,1458684210.0,2025-04-25,2011-09-30,-0.1739130434782609,24.76046875,3954171.234375
2011-06-30,TMUS,USD,1283699,2011-08-03,2011-08-03 12:31:01,2011,Q2,1209453000.0,708564000.0,500889000.0,0.4141450722,0,154556000.0,0.0,154556000.0,136078000.0,290634000.0,999198000.0,511000.0,66980000.0,134524000.0,345291000.0,0.2854935248,210255000.0,0.1738430514,-75819000.0,134436000.0,0.1111543814,50101000.0,84335000.0,0.0697298696,0.46,0.46,180113243,182695140,https://www.sec.gov/Archives/edgar/data/1283699/000144530511002317/0001445305-11-002317-index.htm,https://www.sec.gov/Archives/edgar/data/1283699/000144530511002317/metropcs10-qx2011q2.htm,6.714958766246855,0.468233199265642,1.908726944636714,0.3895937846169368,11.969958255651418,15.266606464911634,1.1734728467467548,15.266606464911634,26.727118560626884,6199497824.06,9090431824.06,18.377594782889663,5.125869152468099,18.032961758472545,88.34843203118098,2.254594043483732,2.254594043483732,7.516151370958608,26.326871607021328,26.442046453356298,129.5468473309487,0.0136035211872644,0.0113188200063026,1.726332663931356,0.5215815753540781,8.372456855232253,3.5392001631588883,3.139071364586444,4.076396793777272,0.0,0.0,0.1277900009343066,0.0,0.2789091824472117,0.7958881516753106,0.2262311970783486,2.0339567660789157,0.0090619478392298,12.682171332519914,0.0156876458620509,0.0128507205988053,-22.643851346344366,1842629000.0,211358000.0,-3783007000.0,8237858000.0,59573000.0,518541000.0,212948500.0,4.651309310903359,54.35356580351246,17.788541331481703,19.349390458515984,1.6558251270091278,5.059436764537873,0.0306704178392111,1.519133160019777,2011-08-02,0.55,bmo,1445543478.0,2025-04-25,2011-06-30,-0.1636363636363636,34.18984126984127,2932681.015873016
2011-03-31,TMUS,USD,1283699,2011-05-06,2011-05-06 12:40:56,2011,Q1,1194377000.0,750679000.0,443698000.0,0.3714890692,0,169771000.0,0.0,169771000.0,128590000.0,298361000.0,1049040000.0,515000.0,56561000.0,128695000.0,487524000.0,0.408182676,145337000.0,0.1216843593,-55791000.0,89546000.0,0.0749729775,33168000.0,56378000.0,0.0472028514,0.32,0.3,178494135,180703097,https://www.sec.gov/Archives/edgar/data/1283699/000119312511130186/0001193125-11-130186-index.htm,https://www.sec.gov/Archives/edgar/data/1283699/000119312511130186/d10q.htm,6.691407535603341,0.3158535152989761,0.7748882057105125,-0.3396077971973701,9.294148516420442,14.748680677939362,0.5345721863634343,14.748680677939362,24.309823961442767,5797489504.799999,8758539504.8,25.70811976657561,4.853986224450068,41.91572379168986,-95.63973580124714,2.2022308780867847,2.2022308780867847,7.333144815079325,17.965350433619676,63.32405128079066,-144.48743780395262,0.0097245540424561,-0.0104559050861259,1.6267858614812314,0.4951951867573618,6.07364970750158,2.467025330742572,2.56956206573434,2.453315122920288,0.0,0.0,0.1421418865232669,0.0,0.2933678233207956,1.4382668295821794,0.1665562883411184,1.545755468355414,0.0094476032274566,10.23789574855877,0.0117733545917485,0.00922539899057,-23.369947141400477,1325786000.0,95418000.0,-3786244000.0,7601654000.0,57348000.0,473154000.0,223449000.0,4.267999132602185,73.03308071759034,34.27085345400631,21.0871645480226,1.2323182743449996,2.6261382758029588,0.0214157131879206,1.1144960029078828,2011-05-03,0.38,bmo,1512400000.0,2025-04-25,2011-03-31,-0.2105263157894737,27.84741935483871,2931084.8870967743
2010-12-31,TMUS,USD,1283699,2011-03-01,2011-03-01 11:25:45,2010,Q4,1065526000.0,606010000.0,459516000.0,0.4312574259,0,155720000.0,0.0,155720000.0,135287000.0,291007000.0,897017000.0,601000.0,64415000.0,118826000.0,972500000.0,0.912694763,207321000.0,0.1945715074,-192261000.0,15060000.0,0.0141338644,1509000.0,13551000.0,0.0127176625,0.076,0.075,178494135,180703097,https://www.sec.gov/Archives/edgar/data/1283699/000119312511051403/0001193125-11-051403-index.htm,https://www.sec.gov/Archives/edgar/data/1283699/000119312511051403/d10k.htm,5.969529475016084,0.0759184608502682,1.7653745317738312,0.5360400217071558,6.5626413999541215,14.238988860894503,0.1083228869116623,14.238988860894503,21.53402967554088,4508761850.1,7491513850.1,83.18134916426831,4.2314892833211015,14.308578460469237,47.12334709552676,1.7740023710091692,1.7740023710091692,7.030812809917356,7.703356144061697,23.774356968858395,78.29759458716556,0.0030054814271681,0.0212209034721756,1.486984060283855,0.477267767705826,3.067097172236504,1.9863475486652875,3.218520530932236,23.253560622832264,0.0,0.0,0.1461437825074188,0.0,0.3185218814484415,0.6963590376663313,0.2059349091434653,1.8466413074579635,0.0107308503030428,4.931789499119217,0.0261338644036381,0.0025111469090433,-22.866546847603704,791465000.0,19335000.0,-3783119000.0,6973151000.0,52396500.0,270377500.0,143625000.0,4.903718914414101,50.07065890001815,23.91777363409845,18.353417390106102,1.7974598692562316,3.7628920390688543,0.0053317311778203,1.2293345100666753,2011-02-24,0.33,bmo,837571428.0,2025-04-25,2010-12-31,0.2727272727272726,23.3459375,2292875.75
2010-09-30,TMUS,USD,1283699,2010-11-05,2010-11-05 06:07:46,2010,Q3,1020789000.0,569953000.0,450836000.0,0.4416544457,0,147431000.0,0.0,147431000.0,95471000.0,242902000.0,812855000.0,497000.0,65726000.0,113804000.0,506067000.0,0.4957606322,207934000.0,0.2036992953,-81281000.0,126653000.0,0.1240736332,49366000.0,77287000.0,0.0757130024,0.44,0.44,176977266,178211608,https://www.sec.gov/Archives/edgar/data/1283699/000119312510248907/0001193125-10-248907-index.htm,https://www.sec.gov/Archives/edgar/data/1283699/000119312510248907/d10q.htm,5.767910325838122,0.4367058083042146,1.9321125686278824,0.7129446784424842,10.749493666604614,14.163768356552644,0.0906105081315924,14.163768356552644,24.8635155206884,3702364404.72,7147131404.72,11.976025737575531,3.626963461322565,10.827526480435164,29.343090189974244,1.4770080584042944,1.4770080584042944,7.001575648562044,14.12289559429878,20.901712010060244,56.64459207228057,0.0208750386378687,0.0340795735393156,1.7292103252728226,0.5209413056465911,6.8069386069433495,3.259401922764322,3.1636490886407205,4.424231446020081,0.0,0.0,0.1444284764040365,0.0,0.2993323929378761,0.6310025150611218,0.2113708121854761,1.8959351165161151,0.0115302966626795,11.797097013570522,0.0165820652917558,0.013256811682502,-21.54728025914922,1556746000.0,16036000.0,-3568194000.0,7470908000.0,47261500.0,227573500.0,160782000.0,4.120665485227604,32.15112474186468,19.928116879812897,21.841132293471983,2.799279985462189,4.516232042535321,0.0308326002876331,1.2191678901853982,2010-11-04,0.43,bmo,997795454.0,2025-04-25,2010-09-30,0.0232558139534883,18.4715625,3166359.9375
2010-06-30,TMUS,USD,1283699,2010-08-09,2010-08-09 12:43:01,2010,Q2,1012536000.0,543522000.0,469014000.0,0.4632072341,0,158600000.0,0.0,158600000.0,112002000.0,270602000.0,814124000.0,392000.0,65503000.0,109301000.0,308106000.0,0.304291403,198412000.0,0.1959555018,-65590000.0,132822000.0,0.1311775581,52907000.0,79915000.0,0.0789255888,0.44,0.44,176639211,177842723,https://www.sec.gov/Archives/edgar/data/1283699/000119312510182910/0001193125-10-182910-index.htm,https://www.sec.gov/Archives/edgar/data/1283699/000119312510182910/d10q.htm,5.732226691162021,0.452419366841488,0.6364328699362227,-0.4752851845562195,6.093771557890394,13.680677049672736,-0.3135543896875762,13.680677049672736,21.02572797384155,2893350276.18,5765275276.18,9.051336658261905,2.857528301393728,25.73719990553198,-34.463519024465775,1.1973091639051472,1.1973091639051472,5.693896588545988,18.711986381894544,51.28381569111984,-68.67183548347906,0.0276202299659028,-0.0290161895333467,1.5097862898420222,0.4878199606852248,9.32122386451416,2.1953690666997256,3.029052104483764,1.4067321529124694,0.0,0.0,0.1566364060142059,0.0,0.3305107203760014,1.7467954705165496,0.1939417462687746,1.7966258314196577,0.0117694580735894,11.80091407889473,0.0175004136218677,0.0159600430740422,-21.810887730924023,809951000.0,-55386000.0,-3575053000.0,6588324000.0,50312000.0,288854500.0,156478500.0,4.24749342245609,41.651671873447626,32.349509311490614,21.188967480015062,2.1607776099228757,2.782113296785983,0.0330699544473429,1.1117180544924423,2010-08-05,0.26,bmo,771085107.0,2025-04-25,2010-06-30,0.6923076923076923,16.414603174603172,4279726.587301588
2010-03-31,TMUS,USD,1283699,2010-05-10,2010-05-10 16:15:06,2010,Q1,970503000.0,598390000.0,372113000.0,0.383422823,0,159909000.0,0.0,159909000.0,106973000.0,266882000.0,865272000.0,479000.0,67482000.0,107801000.0,389892000.0,0.4017421894,105231000.0,0.1084293402,-67473000.0,37758000.0,0.0389055984,15097000.0,22661000.0,0.0233497475,0.12,0.12,176391449,177001770,https://www.sec.gov/Archives/edgar/data/1283699/000119312510114607/0001193125-10-114607-index.htm,https://www.sec.gov/Archives/edgar/data/1283699/000119312510114607/d10q.htm,5.501984396080334,0.1284699464087967,1.2757534521982412,0.484949811824495,6.743132996203235,13.164209564376332,-0.8419569136823634,13.164209564376332,21.078663512764727,2497702917.84,5233742917.84,27.55508271744407,2.573616895403724,11.099323286643678,29.19889781321238,1.0756437696280965,1.0756437696280965,5.392814775266022,13.42357093205298,23.257771862846173,61.18402775090308,0.0090727363283048,0.0342478680667016,1.572148623589288,0.4895848616317197,7.017430467924451,1.9122032912110043,1.5593936160753978,9.93036494417722,0.0,0.0,0.1647691970040278,0.0,0.3313285634777477,0.6198718404493583,0.1437306221619098,1.2939675884268236,0.011762972396788,6.168639978805371,0.0094658546489348,0.0045449421999517,-21.807403487002365,733707000.0,-148514000.0,-3596465000.0,6467786000.0,52187000.0,311029500.0,132497500.0,4.899953941409764,49.05698624642791,17.686558933137253,18.367519588175178,1.8346010810346784,5.088609963093355,0.0097590323050196,0.7908036403737463,2010-05-06,0.12,bmo,971000000.0,2025-04-25,2010-03-31,0.0,12.922295081967214,3419565.934426229
2009-12-31,TMUS,USD,1283699,2010-03-01,2010-03-01 16:40:55,2009,Q4,929981000.0,540217000.0,389764000.0,0.4191096377,0,150539000.0,0.0,150539000.0,109404000.0,259943000.0,800160000.0,748000.0,70927000.0,105759000.0,235370000.0,0.2530911922,129821000.0,0.1395953251,-71137000.0,58684000.0,0.0631023645,25559000.0,33125000.0,0.0356190073,0.19,0.19,176391449,177001770,https://www.sec.gov/Archives/edgar/data/1283699/000119312510044780/0001193125-10-044780-index.htm,https://www.sec.gov/Archives/edgar/data/1283699/000119312510044780/d10k.htm,5.272256706729587,0.1877925499665236,0.6799365880825663,-0.5711161202604554,6.544041712588913,12.971955346883057,-1.032017147271124,12.971955346883057,21.06792603081343,2691733511.74,5407627511.74,20.314969899924527,2.8943962422243037,22.4432693687414,-26.719610003375024,1.1763839445891031,1.1763839445891031,5.814772034848024,22.97500748498109,45.087985256513946,-53.67905014631725,0.0123061959348966,-0.0374256959541582,1.593115724461157,0.4935373151727108,11.538828227896504,1.8701554543186003,1.8303466944887,3.620679245283019,0.007803892884783,0.6341433962264151,0.161873199559991,0.0,0.3344401996366918,1.8399549756117897,0.2372897940925674,2.0865836477273803,0.0129206940786962,7.403433182278922,0.0110896892179223,0.0067384265870545,-21.71992759127456,693922000.0,-182039000.0,-3606484000.0,6416316000.0,49658000.0,275990000.0,117762500.0,4.9874567329870185,49.29519063635539,24.55696507144351,18.045269326296182,1.8257359153739563,3.664947998995936,0.0144768113167801,1.2510527083430218,2010-02-25,0.12,bmo,620000000.0,2025-04-25,2009-12-31,0.5,13.89875,4309843.734375
2009-09-30,TMUS,USD,1283699,2009-11-06,2009-11-06 15:12:39,2009,Q3,895593000.0,497380000.0,398213000.0,0.4446361238,0,138460000.0,0.0,138460000.0,101546000.0,240006000.0,737386000.0,853000.0,70391000.0,98977000.0,257268000.0,0.2872599496,158207000.0,0.1766505544,-70307000.0,87900000.0,0.0981472611,14350000.0,73550000.0,0.0821243578,0.42,0.42,176091328,177679718,https://www.sec.gov/Archives/edgar/data/1283699/000119312509227376/0001193125-09-227376-index.htm,https://www.sec.gov/Archives/edgar/data/1283699/000119312509227376/d10q.htm,5.085957441356794,0.4176809888105336,1.7798775417265296,0.6678466301304741,6.703941718242934,12.684503123288389,-1.3469998931463565,12.684503123288389,20.89400450202749,3296429660.16,5949713660.16,11.20472352195785,3.6807228955116886,10.517577508080183,28.0303877498682,1.4758165785485604,1.4758165785485604,6.643323094486,23.126520438453287,18.983136612288263,50.59194282546215,0.0223120186330413,0.0356755678488501,1.615693012856645,0.5038277153254783,10.313307523671812,2.1887146317410853,2.247545851032092,4.261332426920462,0.0,0.0,0.1546014763402572,0.0,0.3449482464407867,0.6247794500049454,0.2186473096596333,1.978449321047527,0.0138746059873179,10.918182342307322,0.0203354561887013,0.0156754075978945,-20.83495559758627,797977000.0,-237195000.0,-3459987000.0,6366428000.0,50969500.0,261184000.0,94000500.0,4.801511400826045,46.33901644617798,15.94587639229563,18.74409794893261,1.9422078175641373,5.6440924152330805,0.0329284469995267,1.1120309115960554,2009-11-05,0.19,bmo,699976633.0,2025-04-25,2009-09-30,1.2105263157894737,20.63625,4255877.359375
2009-06-30,TMUS,USD,1283699,2009-08-07,2009-08-07 15:19:52,2009,Q2,859612000.0,496133000.0,363479000.0,0.42284077,0,142321000.0,0.0,142321000.0,105385000.0,247706000.0,743839000.0,475000.0,70535000.0,91375000.0,384054000.0,0.4467759873,115773000.0,0.1346805303,-70987000.0,44786000.0,0.0521002499,18590000.0,26196000.0,0.0304742139,0.14,0.14,175956232,178543665,https://www.sec.gov/Archives/edgar/data/1283699/000119312509168984/0001193125-09-168984-index.htm,https://www.sec.gov/Archives/edgar/data/1283699/000119312509168984/d10q.htm,4.8853739945965655,0.148877932325807,0.9058730014177616,0.0706596172166269,6.221109576840677,12.196419391385922,-1.8170427745918087,12.196419391385922,20.90436899103409,4683954895.84,7421883895.84,44.701050693235615,5.4489175300484405,29.38601764081459,376.7356949923591,2.1826077921526013,2.1826077921526013,8.633992889629274,19.32510505251865,46.56313221225391,596.9503656269605,0.0055927097042001,0.0026543808120445,1.6811083318266795,0.5146136409768207,7.129020918933275,2.2139461550186725,1.6413553554972709,6.08466941517789,0.0,0.0,0.1655642313043559,0.0,0.3517213155793014,0.921998318631818,0.1709620154209108,1.608328317373461,0.0147415345527982,6.391791475578506,0.0105824242462565,0.0057639715691596,-20.910326438452035,764553000.0,-319720000.0,-3470142000.0,6269293000.0,49705000.0,276058000.0,101515500.0,5.67036058128551,48.303620198616095,18.11798449206161,15.87200649938145,1.863214384966088,4.967439951139902,0.0122066917796346,0.8352133842011348,2009-08-06,0.27,bmo,1658571428.0,2025-04-25,2009-06-30,-0.4814814814814814,32.385396825396825,2299489.126984127
2009-03-31,TMUS,USD,1283699,2009-05-11,2009-05-11 12:58:20,2009,Q1,795329000.0,470593000.0,324736000.0,0.4083039849,0,136411000.0,0.0,136411000.0,56838000.0,193249000.0,663842000.0,552000.0,58432000.0,81746000.0,376316000.0,0.4731576492,131487000.0,0.1653240357,-59178000.0,72309000.0,0.0909170922,28336000.0,43973000.0,0.0552890691,0.24,0.24,175545431,178214711,https://www.sec.gov/Archives/edgar/data/1283699/000119312509106730/0001193125-09-106730-index.htm,https://www.sec.gov/Archives/edgar/data/1283699/000119312509106730/d10q.htm,4.53061635081804,0.2504935602681678,1.7465507262333704,-0.0793014088757456,6.125690619655034,11.914061152636892,-2.082401107893261,11.914061152636892,20.89068327845001,5996631922.959999,8754761922.96,34.092692805585244,7.53981298677654,19.55855016800446,-430.76157768551104,2.8672003242521127,2.8672003242521127,11.007723750749689,23.264389297717877,28.554437303970328,-628.8888673917103,0.0073329496565622,-0.0023214698148637,1.7255093214832324,0.5176766325611526,7.329292403193061,2.132056718490694,2.250256708652793,6.972437632183385,0.0,0.0,0.1715151842822278,0.0,0.3524517770160097,1.0454045838375208,0.4030030339645605,3.920925794534289,0.0134145743459624,8.194443293840981,0.012636179392822,0.0097410523340379,-21.184816539030287,748311000.0,-365556000.0,-3470420000.0,6198434000.0,39958500.0,306116000.0,129554500.0,5.120635611174747,54.66596400711443,19.72800275397212,17.57594307308126,1.6463626249833825,4.562043158772321,0.0210250356330198,1.825852135109116,2009-05-07,0.17,bmo,563125000.0,2025-04-25,2009-03-31,0.4117647058823528,29.93540983606557,1931804.3442622952
2008-12-31,TMUS,USD,1283699,2009-03-02,2009-03-02 15:55:44,2008,Q4,723634000.0,427124000.0,296510000.0,0.4097513384,0,113134000.0,0.0,113134000.0,83934000.0,197068000.0,624192000.0,0.0,115985000.0,69500000.0,168942000.0,0.2334633254,99442000.0,0.1374202981,-51755000.0,47687000.0,0.0658993359,33113000.0,14574000.0,0.0201400155,0.083,0.082,175545431,178214711,https://www.sec.gov/Archives/edgar/data/1283699/000095013409004227/0000950134-09-004227-index.htm,https://www.sec.gov/Archives/edgar/data/1283699/000095013409004227/d66548e10vk.htm,4.1222035565254895,0.0830212436574324,-0.4580979381912822,-2.211450322509391,4.001944089333775,11.624415334398536,-2.0848335266555584,11.588584154035884,18.177499589835524,5213699300.7,7590743300.7,89.43494065973651,7.204884376217811,-64.83329769451733,-13.430100462893794,2.5628670081889653,2.5628670081889653,10.489754904689386,44.93106095997443,-94.3922715433304,-19.553188482264755,0.0027953280692738,-0.074459606818498,1.5115554412942291,0.4788105163568326,14.070177930887525,1.4061770902370292,0.8573694874337199,-5.517839989021545,0.0,0.0,0.1563414654369474,0.0,0.3747338118025308,-3.8274618550803936,0.4253434747399928,4.428676258992806,0.0,4.65265731014865,0.0053347929038043,0.0036293889358175,-20.36529791538693,301528000.0,-365983000.0,-3337651000.0,5555875000.0,36986000.0,277150000.0,119225000.0,4.311488957124734,68.77501615455934,32.86153435536285,20.874459124213928,1.3086147416925555,2.738764387162964,0.0071640540858064,1.7533523843181085,2009-02-26,0.15,bmo,1357500000.0,2025-04-25,2008-12-31,-0.4666666666666666,27.8096875,1401085.0625
2008-09-30,TMUS,USD,1283699,2008-11-10,2008-11-10 11:27:04,2008,Q3,686721000.0,379961000.0,306760000.0,0.4467025182,0,116654000.0,0.0,116654000.0,69453000.0,186107000.0,566068000.0,0.0,42950000.0,67631000.0,188284000.0,0.2741783053,120653000.0,0.1756943504,-41059000.0,79594000.0,0.1159044212,34714000.0,44880000.0,0.0653540521,0.26,0.26,174991846,177941967,https://www.sec.gov/Archives/edgar/data/1283699/000095013408020000/0000950134-08-020000-index.htm,https://www.sec.gov/Archives/edgar/data/1283699/000095013408020000/d65024e10vq.htm,3.9243028500882255,0.256469092851332,1.1228466039497635,-0.4404776665993911,5.831083123724519,11.605677901129177,-2.0597759737902304,11.571567740362028,17.726054504276732,4896271851.08,6934844851.08,27.274241594696967,7.129928822738783,24.918808946455016,-63.52194928749351,2.4179956102581324,2.4179956102581324,10.098489562835562,36.83183303456481,35.29380703795123,-89.96944539543331,0.0091661577144864,-0.0157425899427945,1.5106522200767434,0.4872534535419462,10.827117545835016,1.7463774557738465,2.809150174621653,4.378097147950089,0.0,0.0,0.1698710247684285,0.0,0.3809099271660049,1.3922865911068814,0.3983699348061294,4.0450237317206605,0.0,8.171558194607913,0.0121387661207676,0.0115472728058637,-18.034880322366565,545740000.0,-360444000.0,-2970151000.0,5451518000.0,38875500.0,264798000.0,62820500.0,5.151349674758745,53.98327723108424,19.540294925005465,17.471149442833156,1.6671829613963651,4.605867022243772,0.022163729116562,1.5633242705491546,2008-11-05,0.3,bmo,792692307.0,2025-04-25,2008-09-30,-0.1333333333333332,32.7978125,1056737.921875
2008-06-30,TMUS,USD,1283699,2008-08-08,2008-08-08 16:05:47,2008,Q2,678807000.0,366228000.0,312579000.0,0.4604828766,0,113419000.0,0.0,113419000.0,63516000.0,176935000.0,543163000.0,0.0,45664000.0,60888000.0,196532000.0,0.2895255942,135644000.0,0.1998270495,-49688000.0,85956000.0,0.1266280401,35491000.0,50465000.0,0.0743436647,0.28,0.28,174525991,178088933,https://www.sec.gov/Archives/edgar/data/1283699/000095013408014736/0000950134-08-014736-index.htm,https://www.sec.gov/Archives/edgar/data/1283699/000095013408014736/d59241e10vq.htm,3.889432147673638,0.2891546394370566,1.283298829685488,-1.685628589268403,6.468589540912562,11.30883135910685,-2.3908989005540158,11.276446497874348,17.565269117996298,6181710601.22,8072705601.22,30.623752111463396,9.106727834598052,27.600742072429668,-21.01293263860279,3.141060440155221,3.141060440155221,11.89249020888117,41.07578206714428,36.04385250289103,-27.44082179716234,0.0081635979513567,-0.0475897399567589,1.5344925618625298,0.496799110479259,9.621817312193434,2.104709498630311,2.970480028030834,4.438105617754879,0.0,0.0,0.1670857843245576,0.0,0.3933288247524708,2.3135121378405046,0.7633318454288185,8.509969123636841,0.0,8.565297921120003,0.0145660222562625,0.0136842362154335,-16.76398015697272,693625000.0,-417274000.0,-2783589000.0,5347807000.0,35636000.0,182841500.0,54310500.0,5.097251501531363,74.13988007470756,10.603066941905045,17.656574326960595,1.2139215751267858,8.48811013767209,0.0256423545743389,2.968927418953891,2008-08-07,0.33,bmo,800250000.0,2025-04-25,2008-06-30,-0.1515151515151514,39.435,1308821.625
2008-03-31,TMUS,USD,1283699,2008-05-09,2008-05-09 11:53:09,2008,Q1,662354000.0,388631000.0,273723000.0,0.4132578651,0,104374000.0,0.0,104374000.0,57321000.0,161695000.0,550326000.0,9888000.0,47425000.0,57300000.0,302085000.0,0.4560778677,112028000.0,0.1691361417,-45841000.0,66187000.0,0.0999269273,26668000.0,39519000.0,0.0596644695,0.22,0.22,174082045,177284113,https://www.sec.gov/Archives/edgar/data/1283699/000095013408009044/0000950134-08-009044-index.htm,https://www.sec.gov/Archives/edgar/data/1283699/000095013408009044/d56598e10vq.htm,3.8048381152691535,0.2270136475016708,0.6172319494523402,-0.4375235826302477,7.529375013948164,10.850360816935488,-1.0572141429060071,10.819714347909915,17.49173500345771,5918789530.0,7605632530.0,37.44268282345201,8.935991222216519,55.0846404340664,-77.71009689489924,3.142411981196888,3.142411981196888,11.482730579116303,25.177127397917804,70.78365112751166,-99.85731674653712,0.0066768719853432,-0.0128683406655955,1.59147510137944,0.5080121635273483,5.584001191717563,2.5746061934795166,2.362214022140221,2.718920013158228,0.0,0.0,0.1575803875269116,0.0,0.3513029457557726,1.708847918547404,0.2772142993021858,3.204432809773124,0.0127801749517629,7.434044217551899,0.0125625268955526,0.0103244876291116,-15.186237328496455,932233000.0,-184042000.0,-2487463000.0,5043322000.0,32318000.0,251721000.0,87307000.0,4.460499974333966,14.819636107258557,15.162840843885332,20.17711030554117,6.073023611957558,5.935563192058037,0.0209814825236605,1.054755532082588,2008-05-06,0.27,bmo,812454545.0,2025-04-25,2008-03-31,-0.1851851851851852,33.15967213114754,1192619.8032786886
2007-12-31,TMUS,USD,1283699,2008-02-29,2008-02-29 16:26:39,2007,Q4,591134000.0,335585000.0,255549000.0,0.4323029973,0,111870000.0,0.0,111870000.0,51442000.0,163312000.0,498897000.0,0.0,115985000.0,52206000.0,144443000.0,0.244348997,92237000.0,0.1560339957,-113110000.0,-20873000.0,-0.0353100989,26278000.0,-47151000.0,-0.0797636407,-0.27,-0.27,174082045,177284113,https://www.sec.gov/Archives/edgar/data/1283699/000095013408003844/0000950134-08-003844-index.htm,https://www.sec.gov/Archives/edgar/data/1283699/000095013408003844/d52882e10vk.htm,3.3957206787179,-0.2708550442407774,0.855091057782553,-0.5952423180690462,8.445489022144702,10.648875362189134,-1.2586995976523598,10.61996945176052,17.912025332652775,6771791550.5,8303760550.5,-35.904814057496125,11.455594756011328,45.4922310857473,-65.35153637293598,3.6629107246209047,3.6629107246209047,14.047171285190837,57.48814792340231,55.78384848780029,-80.13588510533579,-0.006962854607732,-0.015301859076325,1.623899118645828,0.5170702343902048,10.606045291222143,2.985209047528812,0.7952493856964262,-3.1570062140781743,0.0,0.0,0.1892464314351737,0.0,0.3570183581835061,1.696115709141721,0.4271062060378865,4.836168256522239,0.0,,0.0397506298045532,-0.0126300648097427,-13.807959057466263,1152394000.0,-219117000.0,-2219468000.0,5116700000.0,33085500.0,424988000.0,102614500.0,4.842912097764635,117.85511867336145,29.269812417122345,18.583859913860856,0.7636494792342229,3.0748403412162477,-0.0255043148166378,1.4503333758515993,2008-02-27,0.25,bmo,527678571.0,2025-04-25,2007-12-31,-2.12,40.0209375,1630424.65625
2007-09-30,TMUS,USD,1283699,2007-11-14,2007-11-14 14:03:43,2007,Q3,556738000.0,294850000.0,261888000.0,0.4703972066,0,84496000.0,0.0,84496000.0,44254000.0,128750000.0,423600000.0,0.0,54574000.0,45492000.0,192653000.0,0.3460388908,133138000.0,0.2391394157,-46518000.0,86620000.0,0.1555848532,33512000.0,53108000.0,0.095391369,0.3,0.3,173422196,178319072,https://www.sec.gov/Archives/edgar/data/1283699/000095013407023949/0000950134-07-023949-index.htm,https://www.sec.gov/Archives/edgar/data/1283699/000095013407023949/d51395e10vq.htm,3.2103041758276434,0.3062353102713565,0.9983785466538552,-0.0667734596095185,9.83979582405934,10.94338005038294,-1.0095016903141971,10.915846089274524,17.65259621092562,9448041238.08,10990559238.08,44.47560272501318,16.970354525970922,54.56848024488711,-815.8930257409327,4.990909504809698,4.990909504809698,19.74098990562885,57.04847180204824,63.47750814700158,-949.0983797996546,0.0056210592927928,-0.0012256508738898,1.588324661260928,0.5215410446855085,8.006716739422693,3.619032943775585,2.43958661633745,3.260167959629434,0.0,0.0,0.1517697732146898,0.0,0.3595542550275967,1.0668819054989864,0.3317916147272146,4.060516134705003,0.0,8.672565598802095,0.0155704963593276,0.0143835050652915,-12.034788787935772,1410729000.0,-175070000.0,-1917981000.0,5152799000.0,31947500.0,406532500.0,93045000.0,5.554821118730893,125.30924198745124,29.33050703747669,16.202141900937082,0.7182231619357557,3.068477469039442,0.0280541982514989,1.0651520062633737,2007-11-14,0.27,bmo,501300000.0,2025-04-25,2007-09-30,0.111111111111111,61.66444444444445,767649.126984127
2007-06-30,TMUS,USD,1283699,2007-08-10,2007-08-10 13:03:32,2007,Q2,551176000.0,295666000.0,255510000.0,0.4635724342,0,82717000.0,0.0,82717000.0,40731000.0,123448000.0,419114000.0,0.0,49168000.0,41124000.0,173186000.0,0.3142117944,132062000.0,0.239600418,-34928000.0,97134000.0,0.17623046,39040000.0,58094000.0,0.10540009,0.34,0.34,148335440,153242158,https://www.sec.gov/Archives/edgar/data/1283699/000095013407017840/0000950134-07-017840-index.htm,https://www.sec.gov/Archives/edgar/data/1283699/000095013407017840/d48817e10vq.htm,3.7157404865620784,0.3916393816609166,1.0498974486474708,-0.2486054580078772,11.914037535466912,12.4415716163312,-1.5328029498547346,12.411093397505006,20.63244629874021,9802005875.2,12585524875.2,42.18166194099218,17.783803857932853,62.93948050366965,-265.8026920628033,5.324269013500778,5.324269013500778,22.83394936499412,72.67056733916135,80.81268340343013,-341.28385918594245,0.0059267460905102,-0.0037621891345017,1.6357125591728432,0.531445755597303,16.07242502280785,3.7644182750387625,2.6859339407744875,2.680775983750473,0.0,0.0,0.1500736606818874,0.0,0.3658257659920107,1.2367902296820923,0.3494600635731599,4.68373699056512,0.0,10.45777898210379,0.0153166986742515,0.0161666365192224,-13.391238466006506,1453075000.0,-227369000.0,-1842109000.0,5060372000.0,27532000.0,243413000.0,98360500.0,4.822361641290622,122.53157278821372,27.395777668044342,18.663054887752683,0.7345045685127863,3.2851777777777778,0.0315555905605905,1.2985029066553482,2007-08-03,0.27,bmo,437558823.0,2025-04-25,2007-06-30,0.2592592592592592,65.0407843137255,936391.9411764706
2007-03-31,TMUS,USD,1283699,2007-05-15,2007-05-15 15:12:25,2007,Q1,536686000.0,318643000.0,218043000.0,0.4062766683,0,72937000.0,0.0,72937000.0,42430000.0,115367000.0,434010000.0,0.0,48976000.0,39380000.0,142056000.0,0.2646910857,102676000.0,0.191314847,-42057000.0,60619000.0,0.1129505894,24267000.0,36352000.0,0.0677342058,0.22,0.22,78517559,81723940,https://www.sec.gov/Archives/edgar/data/1283699/000095013407011619/0000950134-07-011619-index.htm,https://www.sec.gov/Archives/edgar/data/1283699/000095013407011619/d46468e10vq.htm,6.835235415303728,0.4629792426430373,1.4209815157396832,-0.5898935294205975,6.873252389315873,5.733621953275445,-20.66665113723161,5.679277421245355,34.39415379685963,4302762233.2,6723013233.2,29.590959460277286,8.01728055734638,38.56489292295558,-92.89812019776755,9.649114831932868,9.649114831932868,12.526902570963282,47.32649964239455,60.257172347900905,-145.15217378500336,0.0084485263256028,-0.0107644804638795,5.94624856757781,0.6206548270544626,17.037302190685363,1.5658759150140835,2.096455406729827,3.069212147887324,0.0,0.0,0.1359025575476163,0.0,0.4852018111460761,1.4151310364607608,0.2941925073506669,4.009370238699848,0.0078463011891497,7.691633121975932,0.0159618747817021,0.016528692640976,-40.88056596359548,277445000.0,-1622695000.0,-3054284000.0,3714116000.0,26835500.0,87186000.0,99818000.0,4.2814420350074345,23.806956374375083,30.143106862538957,21.02095491755121,3.7804076499620334,2.985757254898286,0.0815208006763499,2.010875045160281,2007-05-15,,amc,,2025-04-25,2007-03-31,,,
2006-12-31,TMUS,USD,1283699,2007-03-30,2007-03-30 15:50:53,2006,Q4,453092000.0,277750000.0,175342000.0,0.3869898387,0,71697000.0,0.0,71697000.0,36884000.0,108581000.0,386331000.0,0.0,0.0,38841000.0,105602000.0,0.2330696636,66761000.0,0.1473453515,-94108000.0,-27347000.0,-0.0603563956,-10528000.0,-16819000.0,-0.0371204965,-0.21,-0.21,78517559,81723940,https://www.sec.gov/Archives/edgar/data/1283699/000095013407007079/0000950134-07-007079-index.htm,https://www.sec.gov/Archives/edgar/data/1283699/000095013407007079/d44987e10vk.htm,5.770581838897972,-0.2142068629515087,1.019810103877529,-15.4549379203192,7.039903010739292,5.314403622761629,-21.085869467745425,5.263090259848756,33.06266818610599,4302762233.2,6737264233.2,-63.95686772697544,9.496442738340116,53.73549427647272,-3.5457923080980054,10.41213380246585,10.41213380246585,14.869528116144185,63.79864238556088,84.13902605372597,-5.552000877803086,-0.0039088843604289,-0.2820244146043649,6.281987682851577,0.6250719338367619,23.0535595916744,1.7412224622327714,0.0,-4.760865687615197,0.0,0.0,0.1582393862615098,0.0,0.4991148827315932,16.154721316798422,2.8549544021964635,33.303905666692415,0.0,,0.0109976013204563,-0.0080851364532022,-39.67939833687392,322898000.0,-1655611000.0,-2977321000.0,3651945000.0,25823000.0,74765000.0,66281500.0,5.589593283483266,29.19013501350135,30.107470747074707,16.10135039090263,3.083233426579637,2.989291287736103,-0.0406998269791528,16.474748024196728,2007-05-14,0.09,bmo,219681818.0,2025-04-25,2006-12-31,1.4444444444444446,,
2006-09-30,TMUS,USD,1283699,2007-04-09,2007-04-09 14:23:47,2006,Q3,396116000.0,231506000.0,164610000.0,0.4155600885,0,60220000.0,0.0,60220000.0,34996000.0,95216000.0,326722000.0,0.0,24811000.0,36611000.0,106005000.0,0.2676110028,69394000.0,0.1751860566,-20628000.0,48766000.0,0.123110402,19500000.0,29266000.0,0.0738823981,0.0533,0.0533,234004632,239467227,https://www.sec.gov/Archives/edgar/data/1283699/000095013407007791/0000950134-07-007791-index.htm,https://www.sec.gov/Archives/edgar/data/1283699/000095013407007791/d45231e10vq.htm,1.6927699106400595,0.1250659004049116,0.3658901931479715,-1.1128668598320737,1.4777955335516606,1.8440318736938504,-1.0681968038991638,1.827694590250675,4.817874716257753,12823453833.599998,13809782833.599998,109.54224897150276,32.37297618273435,149.7717102733006,-49.24218878102728,29.983127538000744,29.983127538000744,34.86297658665643,130.27482508938257,161.29155376781125,-53.0297018370607,0.0022822244599436,-0.020307789412994,2.578027491939236,0.4198480374872342,9.30455167209094,0.8688589188786214,2.796904598766676,2.9255791703683456,0.0,0.0,0.1520261741510062,0.0,0.2594934684449697,4.041532352254146,0.8735723878863767,9.451694845811367,0.0,2.267840617390241,0.0184044461796987,0.0150491155700702,-7.740861727899472,-73882000.0,-249963000.0,-1705166000.0,1815575000.0,21613500.0,52216000.0,34378000.0,5.340708277373294,23.110156972173503,15.413509801041872,16.851697438951756,3.894391548632372,5.839033494753834,0.0684282270528351,1.4787570529800451,2007-04-09,,amc,,2025-04-25,2006-09-30,,,
2006-06-30,TMUS,USD,1283699,2007-04-09,2007-04-09 14:21:20,2006,Q2,368194000.0,219502000.0,148692000.0,0.4038414531,0,60264000.0,0.0,60264000.0,34329000.0,94593000.0,314095000.0,0.0,21713000.0,32316000.0,86415000.0,0.234699642,54099000.0,0.1469306941,-15742000.0,38357000.0,0.1041760594,15368000.0,22989000.0,0.0624371934,0.04,0.04,233744509,239025217,https://www.sec.gov/Archives/edgar/data/1283699/000095013407007790/0000950134-07-007790-index.htm,https://www.sec.gov/Archives/edgar/data/1283699/000095013407007790/d45232e10vq.htm,1.575198500170971,0.0983509734553807,0.5711364111659196,0.329564961031876,1.7991395896277504,1.7355445128338822,-1.1791720848509857,1.720057518014252,3.956606313263171,12809199093.2,13575730093.2,139.29704525207706,34.789266237907185,95.94905687790262,166.27981272165536,31.859399715461105,31.859399715461105,36.87113340575892,157.0992315361916,101.6908621213483,176.23036702235376,0.0017947257929814,0.0060139591429174,2.246270401488357,0.3849145801119383,8.870346583347798,1.5630104284457846,2.4915488417077327,5.807125146809343,0.0,0.0,0.1636745845939912,0.0,0.290372639040665,0.4229662921348314,0.1533593703319445,1.748173374613003,0.0,1.950976666738694,0.0161756146108554,0.0138072652557698,-6.377622543424111,192683000.0,-275625000.0,-1405698000.0,1965394000.0,,,,4.820529394829899,18.4451166731966,11.934834306748916,18.6701485725876,4.879340239185525,7.540950941321974,0.0571788864182423,0.2415714501340435,2007-04-09,,amc,,2025-04-25,2006-06-30,,,
2006-03-31,TMUS,USD,1283699,2006-03-31,2006-03-30 19:00:00,2006,Q1,329461000.0,0.0,329461000.0,1.0,0,0.0,0.0,0.0,282000000.0,282000000.0,282000000.0,0.0,0.0,0.0,329461000.0,1.0,329461000.0,1.0,-329461000.0,0.0,0.0,-18370000.0,18370000.0,0.0557577376,0.034,0.026,233744509,239025217,,,1.4094919337762926,0.0785900814465763,,,,,,,,12809199093.2,,174.32225222101252,38.87925761531714,0.0,0.0,0.0,0.0,,,0.0,0.0,0.0014341255738426,,0.0,0.0,,0.0,0.0,0.0,,,0.0,0.0,0.0,0.0,,0.0,,,0.0,0.0,,,,,,,,,,0.0,0.0,0.0,0.0,0.0,0.0,,2006-03-30,,amc,,2025-04-25,2006-03-31,,,
2005-12-31,TMUS,USD,1283699,2005-12-31,2005-12-30 19:00:00,2005,Q4,288228000.0,0.0,288228000.0,1.0,0,0.0,0.0,0.0,-616251000.0,-616251000.0,-616251000.0,0.0,0.0,0.0,-328023000.0,-1.1380677797,-328023000.0,-1.1380677797,328023000.0,0.0,0.0,-18842000.0,18842000.0,0.0653718584,0.081,0.079,233744509,239025217,,,1.2330899289702673,0.0806093802186386,,,2.15269655810396,1.5739663856659838,-1.3407502120188843,1.5739663856659838,3.874118814059499,12809199093.2,13602044093.2,169.95540671372467,44.441203121140205,0.0,0.0,34.81649957652226,34.81649957652226,47.19195946681099,-41.466738896967584,0.0,0.0,0.0014709740915809,,2.461373285567509,0.4194358357021205,-2.4170408782310995,2.5978685748481647,0.0,0.0,,,0.0,0.0,0.315565074449474,0.0,,0.0,,1.6895917358207804,,0.0127510519854745,-5.374062070480552,376485000.0,-313393000.0,-1178973000.0,1889274000.0,,,,5.004787876264624,0.0,0.0,17.982780134764162,0.0,0.0,0.051214168836605,,2005-12-30,,amc,,2025-04-25,2005-12-31,,,
2005-09-30,TMUS,USD,1283699,2005-09-30,2005-09-29 20:00:00,2005,Q3,263555000.0,0.0,263555000.0,1.0,0,0.0,0.0,0.0,216000000.0,216000000.0,216000000.0,0.0,0.0,0.0,263555000.0,1.0,263555000.0,1.0,-263555000.0,0.0,0.0,-20556000.0,20556000.0,0.0779951054,0.04,0.034,196473306,228389614,,,1.3414290488907434,0.1046249000360384,,,,,,,,10766737168.8,,130.94397218330414,40.85195564037866,0.0,0.0,0.0,0.0,,,0.0,0.0,0.0019092135043072,,0.0,0.0,,0.0,0.0,0.0,,,0.0,0.0,0.0,0.0,,0.0,,,0.0,0.0,,,,,,,,,,0.0,0.0,0.0,0.0,0.0,0.0,,2005-09-29,,amc,,2025-04-25,2005-09-30,,,
2005-06-30,TMUS,USD,1283699,2005-06-30,2005-06-29 20:00:00,2005,Q2,250689000.0,0.0,250689000.0,1.0,0,0.0,0.0,0.0,-34000000.0,-34000000.0,-34000000.0,0.0,0.0,0.0,250689000.0,1.0,250689000.0,1.0,-250689000.0,0.0,0.0,-136482000.0,136482000.0,0.5444275577,0.36,0.31,195509244,227936551,,,1.2822360460869051,0.6980846389033145,,,,,,,,10713906571.2,,19.625127436585043,42.737840795567415,0.0,0.0,0.0,0.0,,,0.0,0.0,0.0127387707829071,,0.0,0.0,,0.0,0.0,0.0,,,0.0,0.0,0.0,0.0,,0.0,,,0.0,0.0,,,,,,,,,,0.0,0.0,0.0,0.0,0.0,0.0,,2005-06-29,,amc,,2025-04-25,2005-06-30,,,
2005-03-31,TMUS,USD,1283699,2005-03-31,2005-03-30 19:00:00,2005,Q1,235956000.0,0.0,235956000.0,1.0,0,0.0,0.0,0.0,0.0,0.0,0.0,0.0,0.0,0.0,235956000.0,1.0,235956000.0,1.0,-235956000.0,0.0,0.0,-22799000.0,22799000.0,0.0966239468,0.0467,0.0467,195509244,227936551,,,1.2068789954504655,0.1166134118957567,,,,,,,,10713906571.2,,117.48219846484494,45.40637479530081,0.0,0.0,0.0,0.0,,,0.0,0.0,0.0021279819689006,,0.0,0.0,,0.0,0.0,0.0,,,0.0,0.0,0.0,0.0,,0.0,,,0.0,0.0,,,,,,,,,,0.0,0.0,0.0,0.0,0.0,0.0,,2005-03-30,,amc,,2025-04-25,2005-03-31,,,
