date,symbol,reportedCurrency,cik,fillingDate,acceptedDate,calendarYear,period,revenue,costOfRevenue,grossProfit,grossProfitRatio,researchAndDevelopmentExpenses,generalAndAdministrativeExpenses,sellingAndMarketingExpenses,sellingGeneralAndAdministrativeExpenses,otherExpenses,operatingExpenses,costAndExpenses,interestIncome,interestExpense,depreciationAndAmortization,ebitda,ebitdaratio,operatingIncome,operatingIncomeRatio,totalOtherIncomeExpensesNet,incomeBeforeTax,incomeBeforeTaxRatio,incomeTaxExpense,netIncome,netIncomeRatio,eps,epsdiluted,weightedAverageShsOut,weightedAverageShsOutDil,link,finalLink,revenuePerShare,netIncomePerShare,operatingCashFlowPerShare,freeCashFlowPerShare,cashPerShare,bookValuePerShare,tangibleBookValuePerShare,shareholdersEquityPerShare,interestDebtPerShare,marketCap,enterpriseValue,peRatio,priceToSalesRatio,pocfratio,pfcfRatio,pbRatio,ptbRatio,evToSales,enterpriseValueOverEBITDA,evToOperatingCashFlow,evToFreeCashFlow,earningsYield,freeCashFlowYield,debtToEquity,debtToAssets,netDebtToEBITDA,currentRatio,interestCoverage,incomeQuality,dividendYield,payoutRatio,salesGeneralAndAdministrativeToRevenue,researchAndDdevelopementToRevenue,intangiblesToTotalAssets,capexToOperatingCashFlow,capexToRevenue,capexToDepreciation,stockBasedCompensationToRevenue,grahamNumber,roic,returnOnTangibleAssets,grahamNetNet,workingCapital,tangibleAssetValue,netCurrentAssetValue,investedCapital,averageReceivables,averagePayables,averageInventory,daysSalesOutstanding,daysPayablesOutstanding,daysOfInventoryOnHand,receivablesTurnover,payablesTurnover,inventoryTurnover,roe,capexPerShare,report_date,epsEstimated,time,revenueEstimated,updatedFromDate,fiscalDateEnding,surprise(%),QuarterAvgPrice,QuarterAvgVolume
2025-03-31,TROW,USD,1113169,2025-05-02,2025-05-02 11:44:44,2025,Q1,1763900000.0,841900000.0,922000000.0,0.5227053688,0,270900000.0,26100000.0,297000000.0,28700000.0,325700000.0,1167600000.0,0.0,0.0,0.0,688600000.0,0.3903849425,596300000.0,0.338057713,70700000.0,667000000.0,0.3781393503,161900000.0,490500000.0,0.2780769885,2.15,2.15,223300000,223300000,https://www.sec.gov/Archives/edgar/data/1113169/000111316925000015/0001113169-25-000015-index.htm,https://www.sec.gov/Archives/edgar/data/1113169/000111316925000015/trow-20250331.htm,7.8992386923421405,2.1965965069413347,2.834303627407076,2.4670846394984327,12.703537841468876,51.6448723690103,38.2704881325571,46.55038065382893,2.114196148678907,20514571000.0,18149971000.0,10.455948521916412,11.630234707182948,32.41360562490125,37.23828462515883,1.9735606607213287,1.9735606607213287,10.289682521684902,26.35778536160325,28.67747037446674,32.94603557814485,0.023909834624375,0.0268540833732277,0.0454173761628522,0.0337366100459492,-3.433923903572466,5.872469635627531,0.0,1.2530192041179964,0.0138238815717862,0.5781671763506626,0.1535801349282839,0.0,0.2134174664313226,0.1295623321219782,0.0464878961392369,1.2893081761006289,0.0285163558024831,47.96539460561414,0.0338209874952423,0.0445617414056254,1.6806986117330944,3129100000.0,8545800000.0,1309900000.0,7532400000.0,438700000.0,176750000.0,0.0,0.0,0.0,0.0,0.0,0.0,0.0,0.0471875090190193,0.3672189879086431,2025-05-02,2.09,bmo,1731556290.0,2025-05-11,2025-03-31,0.0669856459330144,105.66733333333332,1774491.7666666666
2024-12-31,TROW,USD,1113169,2025-02-14,2025-02-14 14:01:03,2024,Q4,1824500000.0,875000000.0,949500000.0,0.5204165525,0,271500000.0,50200000.0,321700000.0,31400000.0,1256100000.0,1256100000.0,0.0,0.0,315800000.0,568400000.0,0.3115374075,568400000.0,0.3115374075,4600000.0,573000000.0,0.3140586462,156300000.0,428300000.0,0.2347492464,2.18,2.18,222800000,222800000,https://www.sec.gov/Archives/edgar/data/1113169/000111316925000007/0001113169-25-000007-index.htm,https://www.sec.gov/Archives/edgar/data/1113169/000111316925000007/trow-20241231.htm,8.188958707360861,1.922351885098743,-1.2652603231597843,-1.7724416517055654,11.893177737881508,51.391831238779176,37.87791741472172,46.43357271095152,1.2508976660682227,25196452000.0,22825352000.0,14.707244921783795,13.81005864620444,-89.38081589216034,-63.80463914915168,2.435522261101553,2.435522261101553,12.510469717730883,40.15719915552428,-80.96967719049309,-57.80033426183844,0.0169984250163475,-0.015672841557216,0.0269395093471494,0.0206873515439429,-4.171534130893737,8.005447117566954,0.0,-0.6765058795296376,0.0112952410918807,0.6644875087555452,0.1488078925733077,0.0,0.2234931710213776,-0.4008513657325293,0.0619347766511373,0.3578214059531349,0.0466429158673609,44.81503637996138,0.0317199045688034,0.0409421571345269,5.771768402154399,3086600000.0,8439200000.0,1505300000.0,7301300000.0,883700000.0,356300000.0,0.0,43.28089887640449,36.36,0.0,2.0794392523364484,2.4752475247524752,0.0,0.0414000425309799,0.507181328545781,2025-02-05,2.2,bmo,1866742401.0,2025-05-05,2024-12-31,-0.0363636363636363,115.795,1312271.765625
2024-09-30,TROW,USD,1113169,2024-11-01,2024-11-01 12:03:56,2024,Q3,1785600000.0,844900000.0,940700000.0,0.5268257168,0,268200000.0,20800000.0,289000000.0,38100000.0,327100000.0,1172000000.0,0.0,0.0,134500000.0,651700000.0,0.3649753584,613600000.0,0.3436379928,212500000.0,826100000.0,0.4626456093,185700000.0,603000000.0,0.3377016129,2.64,2.64,222300000,222800000,https://www.sec.gov/Archives/edgar/data/1113169/000111316924000030/0001113169-24-000030-index.htm,https://www.sec.gov/Archives/edgar/data/1113169/000111316924000030/trow-20240930.htm,8.03238866396761,2.712550607287449,2.935222672064777,2.4646873594242016,14.275753486279802,50.45479082321187,36.78857399910032,46.105713000449846,1.2973459289248763,24215139000.0,21330039000.0,10.039444029850747,13.561345766129032,37.11132413793104,44.196274867676586,2.3626139346101684,2.3626139346101684,11.94558635752688,32.72984348626669,32.68971494252874,38.93053294396787,0.024901777355067,0.0226263413148278,0.0281385070199916,0.0210420329930905,-4.427036980205616,10.911654135338344,0.0,0.9448305821025196,0.0116166997843786,0.4665008291873963,0.1502016129032258,0.0,0.2216563669660511,0.1603065134099617,0.0585797491039426,-1.6870967741935483,0.0277777777777777,53.04660022539427,0.0603050480298892,0.0565247143299056,6.078272604588394,3691100000.0,8178100000.0,1573700000.0,7887700000.0,868450000.0,363150000.0,0.0,44.858870967741936,38.25186412593206,0.0,2.006292134831461,2.352826510721248,0.0,0.0588332861756412,0.4705353126405758,2024-11-01,2.33,bmo,1844776018.0,2025-04-24,2024-09-30,0.1030042918454934,109.78734375,1108929.40625
2024-06-30,TROW,USD,1113169,2024-07-26,2024-07-26 11:40:55,2024,Q2,1733300000.0,821800000.0,911500000.0,0.5258754976,0,269600000.0,33300000.0,302900000.0,43900000.0,346800000.0,1168600000.0,0.0,0.0,187800000.0,796400000.0,0.4594703744,564700000.0,0.3257947268,80300000.0,645000000.0,0.3721225408,159700000.0,483400000.0,0.2788899787,2.11,2.11,223000000,223500000,https://www.sec.gov/Archives/edgar/data/1113169/000111316924000019/0001113169-24-000019-index.htm,https://www.sec.gov/Archives/edgar/data/1113169/000111316924000019/trow-20240630.htm,7.772645739910314,2.167713004484305,3.3067264573991038,2.5757847533632288,12.174439461883408,48.53363228699551,34.69910313901345,44.52331838565022,1.342152466367713,25388550000.0,22972950000.0,13.130197558957384,14.647522067732073,34.42982099267697,44.20012186629526,2.5570870305276623,2.5570870305276623,13.253879882305428,28.84599447513812,31.1539869812856,39.99469011142061,0.0190400790907712,0.0226243720102172,0.0301449333749634,0.0228651316292074,-3.0331491712707184,9.353466386554622,0.0,1.5254447662391395,0.01115463466799,0.5858502275548201,0.1555414527202446,0.0,0.2356873290653791,0.1400867914293463,0.0595972999480759,0.5500532481363152,0.031269832112156,46.59999963536272,0.0334315863567355,0.0483172908732895,4.8577354260089685,3181000000.0,7737900000.0,1295000000.0,7380000000.0,864950000.0,239350000.0,0.0,43.97449950960596,40.214164030177656,0.0,2.0466406895737395,2.2380174291939,0.0,0.048687139303232,0.4632286995515695,2024-07-26,2.27,bmo,1788384284.0,2025-04-24,2024-06-30,-0.0044052863436124,115.0063492063492,1267537.015873016
2024-03-31,TROW,USD,1113169,2024-04-26,2024-04-26 11:20:57,2024,Q1,1750200000.0,865900000.0,884300000.0,0.5052565421,0,242500000.0,25300000.0,267800000.0,29900000.0,297700000.0,1163600000.0,0.0,0.0,62600000.0,679100000.0,0.3880127985,586600000.0,0.3351616958,188900000.0,775500000.0,0.443092218,182100000.0,573800000.0,0.3278482459,2.5,2.49,223600000,224200000,https://www.sec.gov/Archives/edgar/data/1113169/000111316924000013/0001113169-24-000013-index.htm,https://www.sec.gov/Archives/edgar/data/1113169/000111316924000013/trow-20240331.htm,7.82737030411449,2.566189624329159,2.850178890876565,2.3917710196779964,13.20706618962433,47.70214669051878,33.72808586762075,43.75715563506261,1.3510733452593915,26899080000.0,24784680000.0,11.71971070059254,15.369146383270484,42.20787698101365,50.29745699326851,2.7492646232152165,2.7492646232152165,14.161055879328076,36.496362833161534,38.89013023693708,46.34382946896036,0.0213315845746397,0.0198817208618287,0.030876626363181,0.0235024117006379,-3.1135326166985715,6.07418998527246,0.0,1.0739804516346478,0.0106509218902653,0.4993028929940746,0.1385555936464404,0.0,0.2430838649447642,0.1608347716930802,0.0585647354588047,1.6373801916932906,0.0333676151296994,50.2643618537947,0.0364604078669362,0.058975887516188,6.384391771019678,2756300000.0,7541600000.0,1111700000.0,6962200000.0,845450000.0,260500000.0,0.0,45.40623928693864,11.589098048273472,0.0,1.9821064552661385,7.765919282511211,0.0,0.0586461708281804,0.4584078711985688,2024-04-26,2.04,bmo,1714035941.0,2025-04-24,2024-03-31,0.1666666666666666,111.68704918032786,1430569.1803278688
2023-12-31,TROW,USD,1113169,2024-02-16,2024-02-16 15:42:47,2023,Q4,1642000000.0,879200000.0,762800000.0,0.4645554202,0,299700000.0,44400000.0,344100000.0,31500000.0,375600000.0,1254800000.0,0.0,0.0,300000000.0,718700000.0,0.4376979294,387200000.0,0.2358099878,259700000.0,646900000.0,0.3939707674,173300000.0,437600000.0,0.2665042631,1.91,1.9,223500000,224000000,https://www.sec.gov/Archives/edgar/data/1113169/000111316924000007/0001113169-24-000007-index.htm,https://www.sec.gov/Archives/edgar/data/1113169/000111316924000007/trow-20231231.htm,7.34675615212528,1.9579418344519013,-0.7042505592841163,-1.0706935123042505,12.855480984340044,46.04563758389262,31.95123042505593,42.52841163310962,1.7803131991051455,24068715000.0,22400015000.0,13.750408478062155,14.658169914738124,-152.91432655654384,-100.57966987045548,2.5321895613933574,2.5321895613933574,13.641909257003654,31.16740642827327,-142.3126747141042,-93.60641454241538,0.0181812780615832,-0.0099423670935486,0.041861737383089,0.0324054467863309,-2.321831083901489,1.7401174405230342,0.0,-0.3323479729729729,0.0116208945928355,0.6391681901279708,0.1825213154689403,0.0,0.2565478711274717,-0.5203303684879288,0.049878197320341,0.7165354330708661,0.0584043848964677,43.284333384127166,0.0266749305485693,0.0479367270257539,6.673489932885906,1222600000.0,7141100000.0,886900000.0,5420400000.0,779950000.0,402350000.0,0.0,44.28197320341047,41.9187898089172,0.0,2.0324297561579403,2.147008547008547,0.0,0.0460384425203311,0.3664429530201342,2024-02-08,1.6,bmo,1612150000.0,2025-04-24,2023-12-31,0.0749999999999999,99.60460317460316,1553543.9682539685
2023-09-30,TROW,USD,1113169,2023-10-27,2023-10-27 12:43:02,2023,Q3,1670700000.0,784400000.0,886300000.0,0.5304961992,0,245400000.0,21100000.0,266500000.0,38500000.0,305000000.0,1089400000.0,0.0,0.0,0.0,619800000.0,0.370982223,581300000.0,0.3479379901,2800000.0,584100000.0,0.3496139343,144900000.0,453200000.0,0.2712635422,1.98,1.97,224100000,224800000,https://www.sec.gov/Archives/edgar/data/1113169/000111316923000044/0001113169-23-000044-index.htm,https://www.sec.gov/Archives/edgar/data/1113169/000111316923000044/trow-20230930.htm,7.455153949129853,2.0223114680946006,2.0972780008924587,1.679607318161535,11.506916555109326,45.43328871039714,31.21999107541276,41.94511378848728,1.3806336456938866,23501367000.0,21232067000.0,12.9641256619594,14.06677859579817,50.0029085106383,62.43721307120085,2.5001720231066287,2.5001720231066287,12.708485664691446,34.25631978057438,45.17461063829787,56.40825451647184,0.0192839846294898,0.016016089617255,0.0329152437791891,0.0246400356778797,-3.6613423685059696,7.611288848263254,0.0,1.0370697263901147,0.0118971802789173,0.616946160635481,0.1468845394146166,0.0,0.2536633537206931,0.1991489361702127,0.0560244209014185,-2.736842105263158,0.0,43.68737694703463,0.0360662920892325,0.0483588714840582,3.424810352521196,2893100000.0,6996400000.0,955500000.0,7127900000.0,756700000.0,388250000.0,0.0,40.5099658825642,45.34421213666496,0.0,2.2216755319148938,1.9848178137651824,0.0,0.0482132788646687,0.4176706827309236,2023-10-27,1.78,bmo,1636440000.0,2025-04-24,2023-09-30,0.2191011235955055,112.6447619047619,1344076.4603174604
2023-06-30,TROW,USD,1113169,2023-07-28,2023-07-28 13:10:39,2023,Q2,1610200000.0,793700000.0,816500000.0,0.5070798659,0,254700000.0,22900000.0,277600000.0,5400000.0,283000000.0,1076700000.0,0.0,0.0,157000000.0,695900000.0,0.4321823376,533500000.0,0.3313253012,106200000.0,639700000.0,0.397279841,158500000.0,476400000.0,0.2958638678,2.07,2.06,224400000,225200000,https://www.sec.gov/Archives/edgar/data/1113169/000111316923000024/0001113169-23-000024-index.htm,https://www.sec.gov/Archives/edgar/data/1113169/000111316923000024/trow-20230630.htm,7.175579322638146,2.122994652406417,1.7593582887700534,1.4398395721925137,10.025401069518717,46.5735294117647,32.223262032085564,41.2825311942959,1.4411764705882353,25137288000.0,23210988000.0,13.191272040302266,15.611283070426031,63.67094224924012,77.80033426183844,2.71349640536281,2.71349640536281,14.414972053161096,33.353912918522774,58.791762917933134,71.83840297121634,0.0189519251241422,0.0128534152132879,0.0349100800967205,0.0256231479867526,-2.7680701250179625,7.1066792541892845,0.0,0.8287153652392947,0.0111467871951819,0.5881612090680101,0.1581791081853186,0.0,0.2551380987846039,0.1816109422492401,0.0445286299838529,0.456687898089172,0.0351509129300708,44.406737570711655,0.0329007458922136,0.050674381993788,2.8986185383244205,2587400000.0,7230900000.0,840800000.0,6840400000.0,745900000.0,370600000.0,0.0,42.55744627996522,43.23673932216203,0.0,2.114788547412661,2.081563073695253,0.0,0.0514259806990651,0.3195187165775401,2023-07-28,1.73,bmo,1581980000.0,2025-04-24,2023-06-30,0.1676300578034682,109.48854838709676,1294284.322580645
2023-03-31,TROW,USD,1113169,2023-05-02,2023-05-02 14:48:58,2023,Q1,1537600000.0,797100000.0,740500000.0,0.481594693,0,254100000.0,25800000.0,279900000.0,-23600000.0,256300000.0,1053400000.0,0.0,0.0,58800000.0,519400000.0,0.3377991675,484200000.0,0.3149063476,135400000.0,619600000.0,0.4029656608,177900000.0,421500000.0,0.274128512,1.83,1.83,224400000,225200000,https://www.sec.gov/Archives/edgar/data/1113169/000111316923000014/0001113169-23-000014-index.htm,https://www.sec.gov/Archives/edgar/data/1113169/000111316923000014/trow-20230331.htm,6.85204991087344,1.8783422459893049,2.2803030303030303,2.0098039215686274,9.331996434937611,44.89260249554367,30.424688057041,40.30926916221034,1.4434046345811051,25334760000.0,23564560000.0,15.026548042704627,16.476821019771073,49.51096345514951,56.17463414634146,2.800844628208813,2.800844628208813,15.325546305931322,45.36881016557567,46.051514559312096,52.24957871396896,0.016637220956504,0.0178016290661525,0.0358082561301877,0.0266439629501669,-3.4081632653061225,5.543670264965653,0.0,1.1584786053882723,0.0111388463912821,0.6695136417556347,0.1652575442247658,0.0,0.2670648043038349,0.1186241938635919,0.0394771071800208,1.032312925170068,0.0382414151925078,41.27442999458025,0.0296362309845868,0.0473063973063973,2.4919786096256686,2315000000.0,6827300000.0,741800000.0,6592300000.0,739550000.0,383300000.0,0.0,42.75234131113424,40.63605570191946,0.0,2.105147864184009,2.214781883856627,0.0,0.0465982709443474,0.2704991087344028,2023-05-02,1.64,bmo,1522830000.0,2025-04-24,2023-03-31,0.0304878048780488,114.27274193548386,1817070.661290323
2022-12-31,TROW,USD,1113169,2023-02-15,2023-02-15 13:25:14,2022,Q4,1524200000.0,825500000.0,698700000.0,0.4584044089,0,295100000.0,28200000.0,323300000.0,122300000.0,445600000.0,1271100000.0,0.0,0.0,479800000.0,855200000.0,0.5610812229,253100000.0,0.1660543236,135700000.0,388800000.0,0.2550846346,99200000.0,266000000.0,0.1745177798,1.16,1.16,223700000,224600000,https://www.sec.gov/Archives/edgar/data/1113169/000111316923000007/0001113169-23-000007-index.htm,https://www.sec.gov/Archives/edgar/data/1113169/000111316923000007/trow-20221231.htm,6.813589628967367,1.1890925346446133,-0.6043808672329012,-0.8743853375055879,4.447474295932052,43.30308448815378,28.673670093875728,39.514975413500224,1.4734018775145283,24396722000.0,22970722000.0,22.92925,16.006247211652013,-180.44912721893493,-124.72761758691206,2.759966287685955,2.759966287685955,15.07067445217163,26.86005846585594,-169.9017899408284,-117.4372290388548,0.0109031041137411,-0.0080174705437886,0.0372871768765201,0.0283081257031941,-1.667446211412535,5.531919593549812,0.0,-0.4668508287292817,0.0112720061326271,1.033834586466165,0.1936097624983598,0.0,0.2810715175251003,-0.4467455621301775,0.0396273454927174,0.12588578574406,0.0654113633381446,32.51471437817527,0.0169544260722241,0.031777509646744,-1.787997317836388,2051600000.0,6414300000.0,547900000.0,6359300000.0,745050000.0,394750000.0,0.0,44.208765253903685,44.340399757722594,0.0,2.0357953786563376,2.0297516597000245,0.0,0.0300921997850557,0.2700044702726866,2023-01-26,1.72,bmo,1536705306.0,2025-04-24,2022-12-31,0.0116279069767441,113.14158730158732,1925253.6984126985
2022-09-30,TROW,USD,1113169,2022-10-27,2022-10-27 13:04:52,2022,Q3,1588200000.0,733600000.0,854600000.0,0.5380934391,0,258400000.0,24300000.0,282800000.0,0.0,280000000.0,1013600000.0,0.0,0.0,56800000.0,653300000.0,0.4113461781,574600000.0,0.361793225,-82800000.0,491800000.0,0.3096587332,134000000.0,384400000.0,0.2420350082,1.67,1.66,225300000,226300000,https://www.sec.gov/Archives/edgar/data/1113169/000111316922000025/0001113169-22-000025-index.htm,https://www.sec.gov/Archives/edgar/data/1113169/000111316922000025/trow-20220930.htm,7.049267643142477,1.7061695517088329,3.407012871726587,3.1655570350643587,10.502885042166,43.03284509542832,27.567243675099867,39.53617399023524,1.4203284509542833,23658753000.0,21612453000.0,15.38680606139438,14.89658292406498,30.821720948410636,33.17267666853618,2.6560486107213026,2.6560486107213026,13.608143180959576,33.08197305984999,28.15587936425221,30.303495513180035,0.016247686427091,0.0301452912585883,0.0359247824866685,0.0266817863455958,-3.1322516454921168,7.379957254808834,0.0,2.14533258803801,0.0116743261996944,0.7185223725286161,0.1626999112202493,0.0,0.2905313010706066,0.0708702449192287,0.03425261302103,0.9577464788732394,0.039541619443395,38.9582708252952,0.0361247837123251,0.0451767581797668,2.771637816245007,2686600000.0,6210900000.0,809800000.0,7206600000.0,757300000.0,303600000.0,0.0,42.01360030222894,46.9629225736096,0.0,2.1421634745076883,1.916405433646813,0.0,0.0431546449621105,0.2414558366622281,2022-10-27,1.81,bmo,1533722957.0,2025-04-24,2022-09-30,0.0276243093922652,119.293125,1572873.53125
2022-06-30,TROW,USD,1113169,2022-07-28,2022-07-28 15:17:03,2022,Q2,1513000000.0,615400000.0,897600000.0,0.593258427,0,230700000.0,21400000.0,252100000.0,-23100000.0,229000000.0,844400000.0,0.0,0.0,54700000.0,675500000.0,0.4464639788,668600000.0,0.441903503,-279900000.0,388700000.0,0.2569068077,100900000.0,339600000.0,0.2244547257,1.47,1.46,226700000,227900000,https://www.sec.gov/Archives/edgar/data/1113169/000111316922000017/0001113169-22-000017-index.htm,https://www.sec.gov/Archives/edgar/data/1113169/000111316922000017/trow-20220630.htm,6.674018526687252,1.498014997794442,2.7507719453021613,2.45125716806352,9.33392148213498,42.95368328187031,27.46404940449933,39.54212615791795,0.9029554477282752,25755387000.0,23844087000.0,18.96009054770318,17.02272769332452,41.301133739576656,46.34764621198488,2.873138372637826,2.873138372637826,15.759475875743556,35.29842635085122,38.23618826170623,42.90820046787835,0.0131855910377118,0.0215760687269036,0.0228352781062448,0.01739359487454,-2.829459659511473,7.308879332152795,0.0,2.166782487838777,0.0107550315590287,0.8156654888103652,0.1524785194976867,0.0,0.2983762012796656,0.1088838999358563,0.0448777263714474,1.2413162705667276,0.0391936549900859,36.507269216663175,0.0435263557954401,0.0411277430606016,2.932509925011028,2493900000.0,6226100000.0,858100000.0,6910800000.0,846350000.0,320850000.0,0.0,45.99339061467283,32.81767955801105,0.0,1.956802897051216,2.742424242424242,0.0,0.0378840275763592,0.2995147772386414,2022-07-28,2.16,bmo,1663043690.0,2025-04-24,2022-06-30,-0.1712962962962963,127.10516129032258,1770910.3870967743
2022-03-31,TROW,USD,1113169,2022-04-28,2022-04-28 14:55:28,2022,Q1,1863000000.0,747900000.0,1115100000.0,0.5985507246,0,232000000.0,23400000.0,256100000.0,-18400000.0,237700000.0,985600000.0,0.0,0.0,54500000.0,877400000.0,0.4709608159,877400000.0,0.4709608159,-198500000.0,678900000.0,0.3644122383,164500000.0,567900000.0,0.3048309179,2.43,2.41,228200000,229800000,https://www.sec.gov/Archives/edgar/data/1113169/000111316922000011/0001113169-22-000011-index.htm,https://www.sec.gov/Archives/edgar/data/1113169/000111316922000011/trow-20220331.htm,8.163891323400525,2.488606485539001,4.835232252410167,4.594653812445223,8.753286590709903,44.33391761612621,28.86415425065732,39.67747589833479,0.9281332164767748,34501558000.0,32715858000.0,15.188218876562775,18.51935480407944,31.26840493021569,32.905634716261325,3.810474244566178,3.810474244566178,17.560847020933977,37.287278322315935,29.65004350190321,31.20253505007153,0.0164601262354587,0.0303899319561163,0.0233919420392295,0.0171525753158406,-2.0352176886254845,4.61623674632062,0.0,2.1450233281493003,0.0080923881756296,0.4916358513822856,0.1245303274288781,0.0,0.2858924522189828,0.0497553017944535,0.0294685990338164,1.0073394495412844,0.0341384863123993,47.13476993297305,0.0567426626835387,0.0644038195468257,1.998794916739702,2285100000.0,6586800000.0,686000000.0,6716100000.0,988900000.0,424150000.0,0.0,44.42028985507246,50.21660649819495,0.0,2.026101141924959,1.792235801581596,0.0,0.0627208870825234,0.240578439964943,2022-04-28,2.75,bmo,1872319445.0,2025-04-24,2022-03-31,-0.0472727272727272,154.39967741935484,1871449.064516129
2021-12-31,TROW,USD,1113169,2022-02-24,2022-02-24 16:51:18,2021,Q4,1961700000.0,812400000.0,1149300000.0,0.585869399,0,183600000.0,38800000.0,254900000.0,0.0,286800000.0,1099200000.0,0.0,0.0,53700000.0,934000000.0,0.4761176531,862500000.0,0.4396696743,50100000.0,912600000.0,0.4652087475,179000000.0,740600000.0,0.3775296936,3.21,3.18,224900000,226900000,https://www.sec.gov/Archives/edgar/data/1113169/000111316922000005/0001113169-22-000005-index.htm,https://www.sec.gov/Archives/edgar/data/1113169/000111316922000005/trow-20211231.htm,8.722543352601155,3.293019119608715,1.606491774121832,1.3379279679857714,6.772343263672743,45.59226322810138,29.555802578923966,40.11871943085816,1.108048021342819,44224336000.0,42950436000.0,14.928549824466646,22.54388336646786,122.40336562413506,146.97353273512795,4.901452558546777,4.901452558546777,21.894497629606978,45.98547751605996,118.87748685303072,142.7399002991027,0.0167464357181077,0.0068039461349968,0.0276192270606359,0.0199216564073866,-1.3639186295503212,5.072509333857339,0.0,0.4925027262813522,0.0056055109566823,0.3347285984337024,0.0935922923994494,0.0,0.2883204093053002,0.1671740935510656,0.0307896212468777,1.1247672253258845,0.055207218229087,54.5207618999474,0.0578341000910373,0.083191049604601,0.2735660293463762,2072500000.0,6647100000.0,326100000.0,6616500000.0,999950000.0,370400000.0,0.0,48.55329561094968,47.74741506646972,0.0,1.8536331852971748,1.8849187935034803,0.0,0.0820818601970585,0.2685638061360604,2022-01-27,3.14,bmo,1920472232.0,2025-04-24,2021-12-31,0.0095541401273884,203.1340625,1064305.78125
2021-09-30,TROW,USD,1113169,2021-10-28,2021-10-28 14:39:45,2021,Q3,1954100000.0,730900000.0,1223200000.0,0.6259659178,0,204900000.0,22100000.0,227000000.0,0.0,227000000.0,957900000.0,0.0,0.0,51700000.0,1047900000.0,0.5362571005,996200000.0,0.5097999079,-11500000.0,984700000.0,0.5039148457,227300000.0,777200000.0,0.3977278543,3.34,3.31,226900000,229100000,https://www.sec.gov/Archives/edgar/data/1113169/000111316921000033/0001113169-21-000033-index.htm,https://www.sec.gov/Archives/edgar/data/1113169/000111316921000033/trow-20210930.htm,8.612163948876157,3.425297487880123,5.679594535037461,5.428823270163067,15.0661084178052,41.20185103569855,38.26795945350375,36.41295724988982,0.626267078007933,44631230000.0,41354830000.0,14.356417267112713,22.83978813776163,34.63275393807713,36.23252963143367,5.401923239854273,5.401923239854273,21.16310833631851,39.46448134363966,32.090346861177935,33.5726822536126,0.0174138153933915,0.0275995082367212,0.0171990171990172,0.012409721676404,-3.1266342208225977,11.768151147098516,0.0,1.7008050679688531,0.0212608973581951,1.2209212557900155,0.1048564556573358,0.0,0.0581361838140899,0.0441530224257003,0.02911826416253,1.1005802707930368,0.0268154137454582,52.97468496718516,0.0691544769190011,0.0720630505331478,8.914499779638607,3989600000.0,8683000000.0,2258100000.0,5480600000.0,929900000.0,278000000.0,0.0,43.36727905429609,38.147489396634285,0.0,2.0752973661852168,2.3592640413169788,0.0,0.094068094068094,0.250771264874394,2021-10-28,3.3,bmo,1952660000.0,2025-04-24,2021-09-30,-0.009090909090909,210.59015625,886800.921875
2021-06-30,TROW,USD,1113169,2021-07-29,2021-07-29 14:40:44,2021,Q2,1929300000.0,739800000.0,1189500000.0,0.6165448608,0,211000000.0,20400000.0,231400000.0,0.0,231400000.0,971200000.0,0.0,0.0,50400000.0,1008500000.0,0.5227284507,958100000.0,0.4966049863,143900000.0,1102000000.0,0.5711916239,259300000.0,815700000.0,0.4227958327,3.5,3.46,226900000,229200000,https://www.sec.gov/Archives/edgar/data/1113169/000111316921000028/0001113169-21-000028-index.htm,https://www.sec.gov/Archives/edgar/data/1113169/000111316921000028/trow-20210630.htm,8.502864698104892,3.594975760246805,3.5579550462758927,3.2802996914940503,15.490965182899956,38.66637285147642,35.73248126928162,34.78624944909652,0.6104010577346849,44919393000.0,41542993000.0,13.76713037881574,23.28274140880112,55.64151244890375,60.35119306731157,5.691041809198024,5.691041809198024,21.532676618462656,41.192853743182944,51.45917626656757,55.81485019481392,0.0181591946266949,0.0165696807167452,0.0175471937159508,0.0122792396623874,-3.347942488844819,4.228443342235788,0.0,0.957992168031328,0.0056278587736036,0.3099178619590536,0.1093660913284611,0.0,0.0590201432725725,0.0780379041248606,0.0326543305862229,1.25,0.0292334007152853,53.04482802391311,0.0716131281670585,0.0768549488858529,7.48237108858528,3384700000.0,8107700000.0,1927300000.0,4868800000.0,902050000.0,232100000.0,0.0,42.83315192038563,29.951338199513383,0.0,2.1011762143323893,3.0048740861088548,0.0,0.1033447358418852,0.2776553547818422,2021-07-29,3.21,bmo,1929300000.0,2025-04-24,2021-06-30,0.0311526479750779,186.9279365079365,1002677.5714285716
2021-03-31,TROW,USD,1113169,2021-04-29,2021-04-29 11:14:50,2021,Q1,1826800000.0,710100000.0,1116700000.0,0.6112874973,0,204600000.0,18900000.0,223500000.0,0.0,223500000.0,933600000.0,0.0,0.0,49000000.0,942200000.0,0.5157652726,893200000.0,0.488942413,102100000.0,995300000.0,0.544832494,230500000.0,749400000.0,0.410225531,3.2,3.17,227700000,230000000,https://www.sec.gov/Archives/edgar/data/1113169/000111316921000009/0001113169-21-000009-index.htm,https://www.sec.gov/Archives/edgar/data/1113169/000111316921000009/trow-20210331.htm,8.022837066315327,3.2911725955204214,4.36846728151076,4.110232762406676,12.42907334211682,39.61835748792271,36.69477382520861,35.1699604743083,0.6411945542380325,39073320000.0,36389220000.0,13.034867894315452,21.38894241296256,39.28151201367247,41.74946041243722,4.879163857046527,4.879163857046527,19.91965185022991,38.621545319465085,36.58311048557354,38.881525804038894,0.0191793274797227,0.0239524053753302,0.0182313129042731,0.0135632269332243,-2.848758225429845,7.245077013062975,0.0,1.3006014644351465,0.0064570914373285,0.3366693354683747,0.1119991241515217,0.0,0.0618427408866262,0.0591133004926108,0.0321874315743376,1.2,0.0314758046857893,51.03316791281967,0.0669507079312372,0.0742075712715498,7.690931049626702,3203100000.0,8355400000.0,1972700000.0,4682900000.0,874500000.0,201600000.0,0.0,43.645171885263856,27.629911280101396,0.0,2.062083756631674,3.257339449541284,0.0,0.0935790814415224,0.2582345191040843,2021-04-29,2.94,bmo,1783304761.0,2025-04-24,2021-03-31,0.0238095238095237,163.9977049180328,1240002.163934426
2020-12-31,TROW,USD,1113169,2021-02-11,2021-02-11 13:56:00,2020,Q4,1732900000.0,755200000.0,977700000.0,0.564198742,0,190600000.0,31200000.0,221800000.0,0.0,221800000.0,977000000.0,0.0,0.0,45600000.0,801500000.0,0.462519476,755900000.0,0.4362052051,390100000.0,1146000000.0,0.6613191759,216400000.0,783400000.0,0.4520745571,3.36,3.33,226800000,229200000,https://www.sec.gov/Archives/edgar/data/1113169/000111316921000006/0001113169-21-000006-index.htm,https://www.sec.gov/Archives/edgar/data/1113169/000111316921000006/trow-20201231.htm,7.640652557319224,3.454144620811288,0.0088183421516754,-0.2522045855379188,9.487213403880071,40.867283950617285,37.9320987654321,33.98148148148148,0.6794532627865961,34335252000.0,32337652000.0,10.95712662752106,19.813752668936463,17167.626,-600.2666433566433,4.4550735694822885,4.4550735694822885,18.66100294304345,40.346415470991886,16168.825999999995,-565.3435664335664,0.0228162006791154,-0.0016659263196903,0.019994809913066,0.0144572661600525,-2.4923268870867124,11.055372203887057,0.0,0.0021514629948364,0.006119075520401,0.268189941281593,0.1099890357204685,0.0,0.0624542640022516,29.6,0.0341623867505337,1.2982456140350878,0.0471464019851116,51.39047974085567,0.0591781786193957,0.0783925229904035,6.211309523809524,2742100000.0,8603000000.0,1624500000.0,4220800000.0,788950000.0,186050000.0,0.0,44.82601419585666,22.070974576271183,0.0,2.007762715791913,4.077753779697624,0.0,0.101647852601531,0.2610229276895943,2021-01-28,2.64,bmo,1568799621.0,2025-04-24,2020-12-31,0.0946969696969697,143.05546875,1035186.1875
2020-09-30,TROW,USD,1113169,2020-10-29,2020-10-29 11:49:13,2020,Q3,1595800000.0,662600000.0,933200000.0,0.5847850608,0,190100000.0,14200000.0,204300000.0,0.0,204300000.0,866900000.0,0.0,0.0,49700000.0,778600000.0,0.4879057526,728900000.0,0.4567614989,191600000.0,920500000.0,0.57682667,221900000.0,643200000.0,0.4030580273,2.75,2.73,227000000,229400000,https://www.sec.gov/Archives/edgar/data/1113169/000111316920000034/0001113169-20-000034-index.htm,https://www.sec.gov/Archives/edgar/data/1113169/000111316920000034/trow-20200930.htm,7.029955947136564,2.8334801762114536,1.2167400881057269,0.9960352422907488,9.815859030837004,37.30704845814978,34.37444933920705,31.40308370044053,0.7722466960352423,29105940000.0,27053040000.0,11.312943097014928,18.2390901115428,105.37994207096308,128.73038478549316,4.083038507399873,4.083038507399873,16.952650708108784,34.74574877986129,97.94728457639393,119.65077399380804,0.0220985819389444,0.0077681737817091,0.0245914287718313,0.0172971799577684,-2.636655535576676,11.604889589905362,0.0,0.3953621528771829,0.0072150220882747,0.3264925373134328,0.1191252036596064,0.0,0.0656858682138416,0.1813902968863142,0.031394911643063,1.0080482897384306,0.0331495174833939,44.74427718250585,0.0559850202197019,0.0679276367899122,4.838766519823788,2689400000.0,7803000000.0,1277100000.0,4176200000.0,685250000.0,185300000.0,0.0,40.31332247148765,25.38635677633565,0.0,2.232512590934527,3.545211342964152,0.0,0.0902293610156414,0.2207048458149779,2020-10-29,2.48,bmo,1551215686.0,2025-04-24,2020-09-30,0.0282258064516128,132.2459375,1045524.25
2020-06-30,TROW,USD,1113169,2020-07-29,2020-07-29 10:31:52,2020,Q2,1415400000.0,650600000.0,764800000.0,0.5403419528,0,197700000.0,13400000.0,211100000.0,0.0,211100000.0,861700000.0,0.0,0.0,48200000.0,601900000.0,0.4252508125,553700000.0,0.3911968348,415100000.0,968800000.0,0.684470821,240300000.0,603000000.0,0.426027978,2.58,2.55,227400000,229500000,https://www.sec.gov/Archives/edgar/data/1113169/000111316920000031/0001113169-20-000031-index.htm,https://www.sec.gov/Archives/edgar/data/1113169/000111316920000031/a10q-q22020.htm,6.224274406332454,2.6517150395778364,3.751099384344767,3.490325417766051,9.05057167985928,34.480211081794195,31.552770448548813,29.686455584872476,0.731750219876869,28083900000.0,26192200000.0,11.643407960199005,19.841670199236965,32.92368112543962,35.38352022174625,4.160146355192794,4.160146355192794,18.505157552635296,43.51586642299385,30.705978898007032,33.00012599218849,0.0214713768386869,0.0282617442734093,0.0246492956286014,0.0175577432391081,-3.14288087722213,5.982804232804233,0.0,1.1708991077556623,0.0074953977189777,0.3490878938640133,0.1396778295888088,0.0,0.0702415244848216,0.0695193434935521,0.0418962837360463,1.2302904564315351,0.0376571993782676,42.08563254590253,0.0461408192210095,0.0684325207680784,4.016600703605981,2260200000.0,7175100000.0,1077300000.0,3742800000.0,620500000.0,187150000.0,0.0,41.6935142009326,25.411927451583157,0.0,2.1586091200244013,3.541643984757757,0.0,0.0893240700964344,0.2607739665787159,2020-07-29,2.02,bmo,2538672489.0,2025-04-24,2020-06-30,0.1336633663366336,114.0236507936508,1358620.3174603174
2020-03-31,TROW,USD,1113169,2020-04-28,2020-04-28 16:24:02,2020,Q1,1462600000.0,548000000.0,914600000.0,0.6253247641,0,182500000.0,24900000.0,207400000.0,0.0,207400000.0,755400000.0,0.0,0.0,46100000.0,753300000.0,0.5150417065,707200000.0,0.4835224942,-500300000.0,206900000.0,0.141460413,40300000.0,343100000.0,0.2345822508,1.43,1.41,234100000,236800000,https://www.sec.gov/Archives/edgar/data/1113169/000111316920000022/0001113169-20-000022-index.htm,https://www.sec.gov/Archives/edgar/data/1113169/000111316920000022/a10q-q12020.htm,6.247757368645878,1.46561298590346,3.3648013669372063,3.1683041435284065,6.674070909867578,31.631781290046987,28.78812473302008,27.483981204613418,0.7372917556599744,22859865000.0,21470065000.0,16.65685295832119,15.629608231915766,29.02102957978926,30.82090467844142,3.5529787068697547,3.5529787068697547,14.679382606317516,28.501347404752423,27.25665227878634,28.94710125387623,0.015008837541254,0.0324455109424312,0.0268262356232514,0.0199840220449466,-1.8449488915438736,8.363317757009346,0.0,4.728091236494598,0.0094138788658638,0.6272223841445642,0.1247777929714207,0.0,0.0770762657898088,0.058397867208328,0.0314508409681389,0.9978308026030368,0.0398605223574456,30.105145649052773,0.0679528314070984,0.0430424528301886,3.2869500213583938,1890900000.0,6739300000.0,915800000.0,3369400000.0,615950000.0,202550000.0,0.0,36.0159989060577,31.3029197080292,0.0,2.498889458397403,2.875131164742917,0.0,0.0533260801989431,0.1964972234087996,2020-04-28,1.85,bmo,1400028877.0,2025-04-24,2020-03-31,0.0108108108108108,122.44935483870968,1814198.9677419355
2019-12-31,TROW,USD,1113169,2020-02-13,2020-02-13 14:02:52,2019,Q4,1468700000.0,633000000.0,835700000.0,0.5690066045,0,217100000.0,38300000.0,255400000.0,0.0,255400000.0,888400000.0,0.0,0.0,59100000.0,639400000.0,0.4353509907,580300000.0,0.3951113229,170000000.0,750300000.0,0.5108599442,156400000.0,545300000.0,0.3712807245,2.27,2.24,234100000,237400000,https://www.sec.gov/Archives/edgar/data/1113169/000111316920000008/0001113169-20-000008-index.htm,https://www.sec.gov/Archives/edgar/data/1113169/000111316920000008/a201910k.htm,6.273814609141392,2.329346433148227,0.0939769329346433,-0.1439555745407945,7.611277231952157,35.126441691584795,32.282785134557884,30.33788979068774,0.624946604015378,28522744000.0,26887244000.0,13.07662937832386,19.42040171580309,1296.4883636363636,-846.3722255192878,4.0161000267526505,4.0161000267526505,18.30683189214952,42.05074131998749,1222.1474545454546,-797.8410682492581,0.0191180764375264,-0.0011815132513197,0.0205995409808366,0.0156799279773643,-2.5578667500781984,9.859520909460008,0.0,0.0370432732783296,0.0064334623625272,0.3365120117366587,0.1478177980526996,0.0,0.0713474234759495,2.5318181818181817,0.0379246953087764,0.9424703891708968,0.048001634098182,39.87502659430594,0.0507425175999291,0.062933511835378,4.95279794959419,2182100000.0,7557400000.0,1321100000.0,3633000000.0,633600000.0,208900000.0,0.0,39.62279566963982,30.497630331753555,0.0,2.271419733993195,2.9510489510489517,0.0,0.0767801072922093,0.2379325074754378,2020-01-29,1.95,bmo,1410820197.0,2025-04-24,2019-12-31,0.0410256410256409,118.06546875,896504.59375
2019-09-30,TROW,USD,1113169,2019-10-24,2019-10-24 12:14:31,2019,Q3,1426700000.0,568800000.0,857900000.0,0.6013177262,0,181700000.0,17100000.0,198800000.0,0.0,198800000.0,767600000.0,0.0,0.0,45700000.0,704800000.0,0.4940071494,659100000.0,0.4619751875,43000000.0,702100000.0,0.4921146702,157000000.0,545900000.0,0.3826312469,2.26,2.23,234900000,238200000,https://www.sec.gov/Archives/edgar/data/1113169/000111316919000027/0001113169-19-000027-index.htm,https://www.sec.gov/Archives/edgar/data/1113169/000111316919000027/a10q-q32019.htm,6.0736483610046825,2.3239676458067264,2.3495104299702,2.117922520221371,9.421881651766707,33.81311196253725,30.97914005959983,29.11792252022137,0.6232439335887612,26837325000.0,24770525000.0,12.290403462172558,18.810769608186725,48.627151657909046,53.94437185929648,3.9237002543934034,3.9237002543934034,17.362111866545174,35.14546679909194,44.8822703388295,49.79,0.0203410734862733,0.0185376150566421,0.0214041346238194,0.015578114026687,-2.9324631101021565,11.222970297029702,0.0,1.010991023997069,0.0068039568026992,0.3344934969774684,0.1273568374570687,0.0,0.0708357275106939,0.0985685812647218,0.0381299502348076,1.1903719912472648,0.031821686409196,39.01993044108721,0.0559539259943465,0.0625164622484854,5.208812260536399,2581300000.0,7277000000.0,1378700000.0,4037100000.0,620200000.0,198150000.0,0.0,39.14908530174529,32.16772151898734,0.0,2.2989042861746696,2.7978357107722576,0.0,0.0798122752127255,0.2315879097488292,2019-10-24,1.98,bmo,1326228169.0,2025-04-24,2019-09-30,0.0757575757575757,111.31515625,1058935.90625
2019-06-30,TROW,USD,1113169,2019-07-24,2019-07-24 12:21:49,2019,Q2,1395200000.0,581000000.0,814200000.0,0.5835722477,0,179300000.0,19800000.0,199100000.0,0.0,199100000.0,780100000.0,0.0,0.0,44100000.0,659200000.0,0.4724770642,615100000.0,0.4408686927,124500000.0,739600000.0,0.530103211,183700000.0,527500000.0,0.3780819954,2.18,2.15,235900000,239200000,https://www.sec.gov/Archives/edgar/data/1113169/000111316919000024/0001113169-19-000024-index.htm,https://www.sec.gov/Archives/edgar/data/1113169/000111316919000024/a10q-q22019.htm,5.91437049597287,2.2361169987282747,1.5688851208139043,1.37049597286986,7.640525646460365,32.180584993641375,29.35862653666808,27.889359898261976,0.6566341670199237,25724895000.0,24077395000.0,12.191893364928909,18.438141485091744,69.50795730883544,79.56973399319517,3.9100933258348407,3.9100933258348407,17.257307196100918,36.52517445388349,65.05645771413131,74.47384781936282,0.0205054286907682,0.0125675925985315,0.0235442537733124,0.0173804741761385,-2.499241504854369,9.87041564792176,0.0,0.6657672243209211,0.0071215062296658,0.3472985781990521,0.1285120412844036,0.0,0.0746945232992605,0.1264523101864361,0.0335435779816513,1.0612244897959184,0.0338302752293578,37.45913926431667,0.0533435252418205,0.0639657555841195,4.011657481983892,2176800000.0,6925700000.0,1101300000.0,3634600000.0,612200000.0,197500000.0,0.0,39.98136467889909,29.896729776247845,0.0,2.2510487253952887,3.010362694300518,0.0,0.080178139867155,0.198389147944044,2019-07-24,1.91,bmo,1312725123.0,2025-04-24,2019-06-30,0.06282722513089,105.19619047619048,1055465.380952381
2019-03-31,TROW,USD,1113169,2019-04-24,2019-04-24 12:10:11,2019,Q1,1327300000.0,602100000.0,725200000.0,0.5463723348,0,171100000.0,21600000.0,192700000.0,0.0,192700000.0,794800000.0,0.0,0.0,41900000.0,574400000.0,0.432758231,532500000.0,0.4011903865,202800000.0,735300000.0,0.5539817675,181300000.0,512600000.0,0.3861975439,2.11,2.09,236600000,239600000,https://www.sec.gov/Archives/edgar/data/1113169/000111316919000016/0001113169-19-000016-index.htm,https://www.sec.gov/Archives/edgar/data/1113169/000111316919000016/a10q-q12019.htm,5.6098901098901095,2.166525781910398,2.445900253592561,2.2442941673710903,7.005071851225697,30.42138630600169,27.60777683854607,26.67371090448013,0.6842772612003382,24440780000.0,22945280000.0,11.920005852516582,18.41390793339863,42.23393813720408,46.02783427495291,3.872726984630011,3.872726984630011,17.28718450990733,39.946518105849584,39.64969759806463,43.21145009416196,0.0209731440649602,0.021725984195267,0.0256536206623356,0.0191396044402936,-2.6035863509749304,5.550920245398773,0.0,1.0445848375451263,0.0075529504377519,0.3601248536870854,0.128908310103217,0.0,0.0786981758857534,0.0824261275272161,0.0359376177201838,1.1384248210023866,0.032773299178784,36.05910222690058,0.0498302891883743,0.065775291279577,3.5910819949281487,1854500000.0,6532000000.0,1000800000.0,3314600000.0,577100000.0,215250000.0,0.0,40.99600693136443,30.194319880418536,0.0,2.1953357591796228,2.980693069306931,0.0,0.0812232609729044,0.2016060862214708,2019-04-24,1.66,bmo,1178244919.0,2025-04-24,2019-03-31,0.2590361445783132,96.42704918032788,1492913.7213114754
2018-12-31,TROW,USD,1113169,2019-02-13,2019-02-13 14:48:37,2018,Q4,1305000000.0,564800000.0,740200000.0,0.5672030651,0,177300000.0,35800000.0,213100000.0,-15200000.0,197900000.0,762700000.0,0.0,0.0,44600000.0,571700000.0,0.4380842912,542300000.0,0.4155555556,-151900000.0,390400000.0,0.2991570881,118400000.0,351900000.0,0.2696551724,1.43,1.41,239700000,242900000,https://www.sec.gov/Archives/edgar/data/1113169/000111316919000011/0001113169-19-000011-index.htm,https://www.sec.gov/Archives/edgar/data/1113169/000111316919000011/a201810k.htm,5.444305381727159,1.4680851063829787,0.5569461827284106,0.3608677513558614,5.945765540258656,28.638297872340427,25.86107634543179,25.54985398414685,0.0,22129104000.0,20703904000.0,15.721159420289856,16.957167816091953,165.76107865168535,255.82779190751444,3.613327890534429,3.613327890534429,15.865060536398468,36.21463005072591,155.08542322097378,239.35149132947976,0.0159021350344776,0.003908879455761,0.0,0.0,-2.492915864964142,6.985496993279094,0.0,0.4908088235294117,0.007772569553652,0.4887752202330207,0.1358620689655172,0.0,0.0865748507666497,0.352059925093633,0.036015325670498,1.053811659192825,0.0473563218390804,29.05100002321229,0.051012875977252,0.0501025115325474,4.224864413850646,1692100000.0,6198900000.0,1150100000.0,3019100000.0,566350000.0,239200000.0,0.0,37.90344827586207,36.41111898016997,0.0,2.3744541484716155,2.471772428884026,0.0,0.0574596280391228,0.196078431372549,2019-01-30,1.6,bmo,1480851063.0,2025-04-24,2018-12-31,-0.1187500000000001,97.07206349206348,1725515.2063492064
2018-09-30,TROW,USD,1113169,2018-10-25,2018-10-25 13:06:58,2018,Q3,1394600000.0,563600000.0,831000000.0,0.5958697835,0,170200000.0,20200000.0,190400000.0,0.0,190400000.0,754000000.0,0.0,0.0,40200000.0,680800000.0,0.4881686505,640600000.0,0.4593431808,124900000.0,765500000.0,0.5489029112,183900000.0,583000000.0,0.4180410153,2.34,2.3,242800000,247500000,https://www.sec.gov/Archives/edgar/data/1113169/000111316918000023/0001113169-18-000023-index.htm,https://www.sec.gov/Archives/edgar/data/1113169/000111316918000023/a10q-q32018.htm,5.743822075782537,2.401153212520593,2.294481054365733,2.117792421746293,8.610378912685338,30.152800658978585,27.41103789126853,26.60831960461285,0.0,26674008000.0,24583408000.0,11.4382538593482,19.12663702853865,47.88010770059236,51.87477246207701,4.128783840260042,4.128783840260042,17.627569195468233,36.10958871915393,44.127460061030334,47.809039284325166,0.0218564829102548,0.0192771929887701,0.0,0.0,-3.0707990599294948,8.097213809812235,0.0,0.9578748280605228,0.0065082082902576,0.2977701543739279,0.1220421626272766,0.0,0.0780367148852366,0.0770059235325794,0.0307615086763229,1.0671641791044777,0.0319087910511974,37.91490039831034,0.0593514181064147,0.0741268166155958,5.430086490939044,2343500000.0,6655400000.0,1464200000.0,3666200000.0,573750000.0,234950000.0,0.0,37.63014484439983,39.90596167494677,0.0,2.39169953695764,2.2553021208483397,0.0,0.0902406934447798,0.1766886326194398,2018-10-25,1.93,bmo,1170251304.0,2025-04-24,2018-09-30,0.1917098445595854,115.77666666666669,1060737.238095238
2018-06-30,TROW,USD,1113169,2018-07-25,2018-07-25 16:07:08,2018,Q2,1345000000.0,564700000.0,780300000.0,0.5801486989,0,166600000.0,19000000.0,185600000.0,0.0,185600000.0,750300000.0,0.0,0.0,37800000.0,632500000.0,0.470260223,594700000.0,0.4421561338,34100000.0,628800000.0,0.4675092937,169200000.0,448900000.0,0.3337546468,1.81,1.77,242200000,247400000,https://www.sec.gov/Archives/edgar/data/1113169/000111316918000018/0001113169-18-000018-index.htm,https://www.sec.gov/Archives/edgar/data/1113169/000111316918000018/a10q-q22018.htm,5.553261767134599,1.8534269199009084,1.6857968620974402,1.5127993393889347,6.128819157720892,28.298100743187447,25.54954582989265,25.246077621800165,0.0,28116998000.0,26632598000.0,15.658831588327022,20.9048312267658,68.8635758021063,76.73853165938864,4.598338076080202,4.598338076080202,19.80118810408922,42.1068743083004,65.22801371540534,72.68722161572052,0.0159654313024455,0.013031263152631,0.0,0.0,-2.346877470355732,7.412445730824891,0.0,0.8883812010443864,0.0061848708030636,0.3873914012029405,0.1238661710037174,0.0,0.0844561163127045,0.1026206220915993,0.0311524163568773,1.1084656084656084,0.0336059479553903,32.44710460793732,0.0571505644848377,0.0622046698538072,3.63047068538398,1772400000.0,6188100000.0,1020400000.0,3093300000.0,579000000.0,230650000.0,0.0,37.76654275092937,35.06286523817957,0.0,2.383061658398299,2.566818181818182,0.0,0.0734144506590782,0.1729975227085053,2018-07-25,1.8,bmo,1367796610.0,2025-04-24,2018-06-30,-0.0166666666666666,116.26875,1280984.65625
2018-03-31,TROW,USD,1113169,2018-04-25,2018-04-25 15:23:11,2018,Q1,1328000000.0,553800000.0,774200000.0,0.5829819277,0,165800000.0,24600000.0,190400000.0,0.0,190400000.0,744200000.0,0.0,0.0,36900000.0,620700000.0,0.4673945783,583800000.0,0.4396084337,16100000.0,599900000.0,0.4517319277,144400000.0,453700000.0,0.3416415663,1.81,1.77,244300000,249800000,https://www.sec.gov/Archives/edgar/data/1113169/000111316918000014/0001113169-18-000014-index.htm,https://www.sec.gov/Archives/edgar/data/1113169/000111316918000014/a10q-q12018.htm,5.4359394187474415,1.8571428571428568,2.132623823168236,1.98239869013508,6.882521489971347,26.39541547277937,23.67048710601719,24.15841178878428,0.0,26377071000.0,24695671000.0,14.534423076923076,19.862252259036143,50.6277754318618,54.46432170142474,4.469250749758553,4.469250749758553,18.59613780120482,39.786806830997264,47.40052015355087,50.9925067107165,0.0172005451249685,0.018360643605956,0.0,0.0,-2.708877074270984,5.671902268760907,0.0,1.1437980241492864,0.0066269677933535,0.3852766145029755,0.1248493975903614,0.0,0.0902729750620397,0.0704414587332053,0.0276355421686746,0.994579945799458,0.0343373493975903,31.77225979691674,0.0635684304522846,0.0676296097546433,4.914858780188293,1873900000.0,5782700000.0,1349100000.0,3189800000.0,579450000.0,228750000.0,0.0,40.2289156626506,39.21451787648971,0.0,2.2371967654986524,2.295068379610444,0.0,0.0768735491960216,0.1502251330331559,2018-04-25,1.72,bmo,1290485875.0,2025-04-24,2018-03-31,0.0290697674418604,111.38180327868852,1847549.7704918035
2017-12-31,TROW,USD,1113169,2018-02-16,2018-02-16 16:47:10,2017,Q4,1286100000.0,484300000.0,801800000.0,0.6234351917,0,53700000.0,33800000.0,87500000.0,183300000.0,270800000.0,755100000.0,0.0,0.0,36700000.0,567700000.0,0.4414120208,531000000.0,0.4128761372,102000000.0,633000000.0,0.4921856776,246400000.0,347100000.0,0.269885701,1.42,1.39,244300000,249800000,https://www.sec.gov/Archives/edgar/data/1113169/000111316918000009/0001113169-18-000009-index.htm,https://www.sec.gov/Archives/edgar/data/1113169/000111316918000009/a201710k.htm,5.264428980761359,1.4207941056078592,-0.5047073270568972,-0.7380270159639787,7.788374948833401,27.90790012279984,25.18297175603766,23.841178878428163,0.0,25634399000.0,23731699000.0,18.463266349755116,19.931886322991996,-207.9026682887267,-142.17636716583473,4.401208536501614,4.401208536501614,18.45245237539849,41.803239387000175,-192.471200324412,-131.62339988907377,0.013540399367272,-0.0070335177352899,0.0,0.0,-3.351594151840761,8.674868189806679,0.0,-0.3189342990170719,0.0055511346296825,0.4099683088447133,0.0417541404245393,0.0,0.0883430209411577,-0.462287104622871,0.0443200373221366,1.553133514986376,0.0322680973485732,27.60709409694001,0.0449941403502981,0.0505262238525699,6.586880884158822,2183500000.0,6152200000.0,1750500000.0,3501200000.0,536600000.0,204850000.0,0.0,39.5591322603219,40.17757588271733,0.0,2.2750751813196533,2.2400555041628123,0.0,0.0595941212828789,0.2333196889070814,2018-01-30,1.47,bmo,1156043636.0,2025-04-24,2017-12-31,0.1224489795918366,97.52825396825396,1359060.5396825396
2017-09-30,TROW,USD,1113169,2017-10-26,2017-10-26 11:06:39,2017,Q3,1238700000.0,522700000.0,716000000.0,0.5780253492,0,153500000.0,14000000.0,167500000.0,0.0,167500000.0,690200000.0,0.0,0.0,35000000.0,583500000.0,0.4710583676,548500000.0,0.4428029386,67300000.0,615800000.0,0.4971340922,211600000.0,390900000.0,0.3155727779,1.59,1.56,240300000,244400000,https://www.sec.gov/Archives/edgar/data/1113169/000111316917000044/0001113169-17-000044-index.htm,https://www.sec.gov/Archives/edgar/data/1113169/000111316917000044/a10q-q32017.htm,5.154806491885144,1.626716604244694,0.8888888888888888,0.6953807740324595,7.779442363712026,26.973782771535586,24.203495630461923,23.004577611319185,0.0,21783195000.0,19913795000.0,13.931437068303914,17.58552918382175,101.98125000000002,130.36023339317774,3.94052007959479,3.94052007959479,16.076366351820457,34.128183376178235,93.22937734082396,119.17292040694196,0.0179450259707081,0.0076710510097347,0.0,0.0,-3.203770351328192,11.304327151688064,0.0,0.5284512617516082,0.006445335498305,0.3591711435149655,0.1239202389602002,0.0,0.0902081413626754,0.2176966292134831,0.037539355776217,1.3285714285714283,0.0293856462420279,29.017122331725023,0.050217663550232,0.0582224936326129,5.6284852267998335,2167000000.0,5816100000.0,1479500000.0,3467700000.0,498300000.0,189600000.0,0.0,36.90239767498184,33.31739047254639,0.0,2.438865918487892,2.7012919896640826,0.0,0.0707127351664254,0.1935081148564294,2017-10-26,1.44,bmo,1143415384.0,2025-04-24,2017-09-30,0.0833333333333334,82.71063492063492,1427928.3174603174
2017-06-30,TROW,USD,1113169,2017-07-25,2017-07-25 11:09:31,2017,Q2,1186000000.0,503000000.0,683000000.0,0.5758853288,0,156700000.0,18700000.0,175400000.0,0.0,175400000.0,678400000.0,0.0,0.0,36300000.0,543900000.0,0.4586003373,507600000.0,0.4279932546,112000000.0,619600000.0,0.5224283305,229600000.0,373900000.0,0.3152613828,1.52,1.5,239800000,243000000,https://www.sec.gov/Archives/edgar/data/1113169/000111316917000040/0001113169-17-000040-index.htm,https://www.sec.gov/Archives/edgar/data/1113169/000111316917000040/a10q-q22017.htm,4.945788156797331,1.5592160133444537,-0.2055879899916597,-0.3544620517097581,6.431192660550459,24.170975813177648,21.39491242702252,21.553794829024188,0.0,17795558000.0,16253358000.0,11.898607916555228,15.00468634064081,-360.9646653144016,-209.35950588235292,3.4430131950624925,3.4430131950624925,13.704349072512647,29.882989520132377,-329.6827180527383,-191.21597647058823,0.0210108612497568,-0.0047764728703646,0.0,0.0,-2.8354476925905496,10.06392467789891,0.0,-0.1264102564102564,0.0078390348872454,0.3730944102701257,0.1321247892074199,0.0,0.1019042953800936,-0.7241379310344828,0.0301011804384485,0.9834710743801652,0.0315345699831365,27.498327149655783,0.0504680143267935,0.0637304198128483,4.888761467889908,1829100000.0,5130500000.0,1294500000.0,3119100000.0,485600000.0,180650000.0,0.0,37.08516020236088,33.22664015904572,0.0,2.4268467362390016,2.708669897684437,0.0,0.0723406725225399,0.1488740617180984,2017-07-25,1.3,bmo,1027866666.0,2025-04-24,2017-06-30,0.1538461538461538,71.51619047619049,1838776.6984126985
2017-03-31,TROW,USD,1113169,2017-04-25,2017-04-25 12:46:12,2017,Q1,1132600000.0,495800000.0,636800000.0,0.5622461593,0,139400000.0,25700000.0,165100000.0,-50000000.0,115100000.0,610900000.0,0.0,0.0,35600000.0,507300000.0,0.4479074695,521700000.0,0.4606215787,115000000.0,636700000.0,0.5621578669,236300000.0,385900000.0,0.3407204662,1.56,1.54,242100000,245500000,https://www.sec.gov/Archives/edgar/data/1113169/000111316917000021/0001113169-17-000021-index.htm,https://www.sec.gov/Archives/edgar/data/1113169/000111316917000021/a10q-q12017.htm,4.678232135481206,1.593969434118133,0.778603882693102,0.5848822800495663,6.864518793886823,22.549772821148284,19.800082610491533,20.65344898802148,0.0,16499115000.000002,14918315000.000002,10.688724410469035,14.5674686561893,87.52846153846156,116.51917372881356,3.299691012359506,3.299691012359506,13.171742009535585,29.407283658584667,79.14225464190983,105.35533192090396,0.0233891332959373,0.0085822785040288,0.0,0.0,-3.1161048689138577,4.613819320214669,0.0,0.4707792207792208,0.0085398519860004,0.3651204975382223,0.123079639766908,0.0,0.1060775065332398,0.2488063660477453,0.0414091470951792,1.3174157303370786,0.0324916122196715,27.216203701298006,0.0570842354090041,0.0687891049751332,4.987505163155721,1616100000.0,4793600000.0,1247000000.0,2907000000.0,468800000.0,178200000.0,0.0,38.34098534345753,31.87575635336829,0.0,2.347357512953368,2.823462414578588,0.0,0.077176912923483,0.1937216026435357,2017-04-25,1.2,bmo,882545454.0,2025-04-24,2017-03-31,0.1833333333333333,70.90951612903227,1997312.8870967743
2016-12-31,TROW,USD,1113169,2017-02-07,2017-02-07 17:12:27,2016,Q4,1091200000.0,417100000.0,674100000.0,0.6177602639,0,45300000.0,27200000.0,72500000.0,38300000.0,110800000.0,527900000.0,0.0,0.0,33400000.0,496700000.0,0.4551869501,563300000.0,0.5162206745,12200000.0,575500000.0,0.5274010264,208700000.0,379800000.0,0.3480571848,1.57,1.55,242100000,245500000,https://www.sec.gov/Archives/edgar/data/1113169/000111316917000014/0001113169-17-000014-index.htm,https://www.sec.gov/Archives/edgar/data/1113169/000111316917000014/a201610k.htm,4.507228418009087,1.5687732342007434,-0.4035522511358942,-0.5514250309789344,5.288310615448162,23.526641883519208,20.77695167286245,20.688145394465096,0.0,18220446000.0,17015546000.0,11.99344786729858,16.69762280058651,-186.4938178096213,-136.4827415730337,3.63783212873857,3.63783212873857,15.593425586510264,34.25718945037246,-174.1611668372569,-127.4572734082397,0.0208447147781124,-0.0073269337095261,0.0,0.0,-2.425810348298772,7.542026351658337,0.0,-0.2663576881134133,0.0073653520336439,0.3533438625592417,0.0415139296187683,0.0,0.1069397590361445,-0.3664278403275333,0.032807917888563,1.0718562874251496,0.0400476539589442,27.02291059641855,0.0597885430923564,0.0683179536992067,4.512288310615448,1439900000.0,5030100000.0,1130800000.0,2720700000.0,451000000.0,192900000.0,0.0,37.53574046920821,39.01222728362503,0.0,2.3977147879586904,2.3069690265486726,0.0,0.0758295731342091,0.14787277984304,2017-01-26,1.43,bmo,1040277333.0,2025-04-24,2016-12-31,0.0489510489510489,70.85047619047619,1919062.253968254
2016-09-30,TROW,USD,1113169,2016-10-27,2016-10-27 11:54:37,2016,Q3,1092900000.0,422900000.0,670000000.0,0.6130478543,0,45300000.0,14700000.0,60000000.0,134300000.0,194300000.0,617200000.0,0.0,0.0,34000000.0,509700000.0,0.4663738677,475700000.0,0.4352639766,88300000.0,564000000.0,0.5160581938,201300000.0,327800000.0,0.2999359502,1.3,1.28,245600000,250100000,https://www.sec.gov/Archives/edgar/data/1113169/000111316916000056/0001113169-16-000056-index.htm,https://www.sec.gov/Archives/edgar/data/1113169/000111316916000056/a10q-q32016.htm,4.449918566775244,1.3346905537459284,1.1498371335504889,1.0142508143322475,5.9462540716612375,24.21661237785016,21.50610749185668,19.681188925081432,0.0,16332400000.0,14931400000.0,12.45607077486272,14.944093695672064,57.8342776203966,65.56563629064632,3.378860913999628,3.378860913999628,13.66218318235886,29.294486953109672,52.87322946175637,59.94138900040144,0.0200705346427959,0.0152518919448458,0.0,0.0,-2.7486756915832844,7.530154849225754,0.0,0.7786049076371657,0.0082657784526462,0.411836485661989,0.0414493549272577,0.0,0.0990109318063508,0.1179178470254957,0.0304693933571232,0.9794117647058824,0.0387043645347241,24.31124598324593,0.0476600534541859,0.0541120538809468,4.151771172638436,1602500000.0,5281900000.0,1072000000.0,2883800000.0,437150000.0,192800000.0,0.0,36.802086192698326,43.62733506739182,0.0,2.4455135377041843,2.0629268292682927,0.0,0.0678155450276185,0.135586319218241,2016-10-27,1.18,bmo,1007517187.0,2025-04-24,2016-09-30,0.0847457627118644,69.6875,1366578.0625
2016-06-30,TROW,USD,1113169,2016-07-26,2016-07-26 12:20:55,2016,Q2,1044700000.0,406600000.0,638100000.0,0.6107973581,0,40800000.0,14900000.0,55700000.0,298900000.0,354600000.0,761200000.0,0.0,0.0,33800000.0,483500000.0,0.4628122906,283500000.0,0.2713697712,41500000.0,325000000.0,0.311094094,113800000.0,203300000.0,0.194601321,0.81,0.79,257341772,252600000,https://www.sec.gov/Archives/edgar/data/1113169/000111316916000051/0001113169-16-000051-index.htm,https://www.sec.gov/Archives/edgar/data/1113169/000111316916000051/a10q-q22016.htm,4.059581901068125,0.7900000004663059,-0.3369060503710218,-0.5078848994635818,5.083900642449917,23.20377276332736,20.61694049421561,18.88888835350057,0.0,18778229102.84,17503029102.84,23.09177213826857,17.974757445046425,-216.58857096701269,-143.67428540811017,3.86311775655537,3.86311775655537,16.754119941456878,36.20068066771458,-201.88038180899653,-133.91759068737568,0.0108263670065274,-0.0069601877410385,0.0,0.0,-2.637435367114788,8.984696569920844,0.0,-0.4105113636363636,0.0072264535306727,0.6674864731923266,0.0390542739542452,0.0,0.1011440813163772,-0.5074971164936563,0.0421173542643821,1.301775147928994,0.0371398487604096,18.32348194753532,0.028971298550956,0.0343644354293441,3.957577474052677,1513100000.0,5305600000.0,1092200000.0,2799600000.0,427750000.0,176300000.0,0.0,36.82013975303915,39.9754058042302,0.0,2.4443144595226958,2.2513842746400887,0.0,0.0418235306219012,0.17097884909256,2016-07-26,1.14,bmo,1003461842.0,2025-04-24,2016-06-30,0.0087719298245614,74.46578125,1426686.421875
2016-03-31,TROW,USD,1113169,2016-04-26,2016-04-26 16:30:34,2016,Q1,994100000.0,389100000.0,605000000.0,0.608590685,0,41400000.0,23100000.0,64500000.0,129600000.0,194100000.0,583200000.0,0.0,0.0,32200000.0,443100000.0,0.4457298059,410900000.0,0.4133386983,85100000.0,496000000.0,0.4989437682,182700000.0,304100000.0,0.3059048385,1.21,1.18,257711864,251900000,https://www.sec.gov/Archives/edgar/data/1113169/000111316916000041/0001113169-16-000041-index.htm,https://www.sec.gov/Archives/edgar/data/1113169/000111316916000041/a10q-q12016.htm,3.857408753211299,1.1800000018625452,0.2467872414286678,0.1102005920844994,5.317178568077098,21.686622855671093,19.10350545600027,18.48498523141333,0.0,18931513529.44,17608613529.44,15.563559297467938,19.04387237646112,297.6653070666666,666.6025890647887,3.974036174784836,3.974036174784836,17.71312094300372,39.73959270918528,276.8649926012578,620.0216031492957,0.0160631636518179,0.0015001441884631,0.0,0.0,-2.9855563078311893,5.145459888333823,0.0,0.2089356110381077,0.0071785068736667,0.4468924695823742,0.0416457096871542,0.0,0.107303470397653,0.5534591194968553,0.035408912584247,1.093167701863354,0.0370184086108037,22.153472835397142,0.0446247224104863,0.0549095373948214,4.176660644540602,1410700000.0,4923200000.0,1136000000.0,2689100000.0,437050000.0,171300000.0,0.0,38.75767025450156,39.78411719352352,0.0,2.3221209997664096,2.262209302325582,0.0,0.0638355934338133,0.1365866493441683,2016-04-26,1.03,bmo,890367826.0,2025-04-24,2016-03-31,0.1165048543689319,69.43180327868853,1800443.4098360655
2015-12-31,TROW,USD,1113169,2016-02-05,2016-02-05 14:50:52,2015,Q4,1052200000.0,394100000.0,658100000.0,0.6254514351,0,40700000.0,27000000.0,67700000.0,135400000.0,203100000.0,597200000.0,0.0,0.0,31900000.0,486900000.0,0.4627447253,455000000.0,0.4324272952,43400000.0,498400000.0,0.4736742064,195200000.0,303200000.0,0.2881581448,1.23,1.21,246700000,251500000,https://www.sec.gov/Archives/edgar/data/1113169/000111316916000033/0001113169-16-000033-index.htm,https://www.sec.gov/Archives/edgar/data/1113169/000111316916000033/a201510k.htm,4.265099310903932,1.229023104985813,0.5549250101337657,0.3980543169841913,4.856505877584111,19.302796919335226,16.60437778678557,19.302796919335226,0.0,17636583000.0,16464283000.0,14.542037434036938,16.761626116707852,128.8282176771366,179.5986048879837,3.703608357832843,3.703608357832843,15.647484318570614,33.814506058738964,120.26503287070857,167.66072301425663,0.0171915387464794,0.0055679719818742,0.0,0.0,-2.407681248716369,8.437434827945777,0.0,0.4515171503957784,0.0074731029247558,0.4346965699208443,0.0386808591522524,0.0,0.1303530517535099,0.2680788897005113,0.0348793005132104,1.1504702194357366,0.0395362098460368,23.10369292139287,0.056315792722221,0.0682698369809961,4.814349412241589,1426500000.0,4096300000.0,1273400000.0,2699300000.0,438700000.0,171700000.0,0.0,38.14864094278654,38.95965490992134,0.0,2.359192825112108,2.310082063305979,0.0,0.0636707265854683,0.1487636805837049,2016-01-28,1.11,bmo,998241025.0,2025-04-24,2015-12-31,0.0540540540540539,73.3871875,1435381.015625
2015-09-30,TROW,USD,1113169,2015-10-22,2015-10-22 12:42:52,2015,Q3,1049000000.0,417500000.0,631500000.0,0.6020019066,0,40300000.0,13200000.0,53500000.0,119700000.0,173200000.0,590700000.0,0.0,0.0,33100000.0,491400000.0,0.4684461392,458300000.0,0.4368922784,300000.0,458600000.0,0.437178265,181500000.0,277100000.0,0.2641563394,1.08,1.06,261415094,258600000,https://www.sec.gov/Archives/edgar/data/1113169/000111316915000027/0001113169-15-000027-index.htm,https://www.sec.gov/Archives/edgar/data/1113169/000111316915000027/a10q-q32015.htm,4.012775176631537,1.0600000013771202,1.9390617130929708,1.806322629557113,4.454218699399202,17.87808013870844,15.331555415082498,17.87808013870844,0.0,18168349033.0,17003949033.0,16.391509412666906,17.319684492850335,35.84207739790886,38.47596152689538,3.887442021781924,3.887442021781924,16.20967495996187,34.60307088522588,33.5449773781811,36.010057249047016,0.0152517985809657,0.0259902536626922,0.0,0.0,-2.3695563695563697,8.510933333333334,0.0,1.8293035005413207,0.0073039107603542,0.4788884879105016,0.0384175405147759,0.0,0.1264003341814453,0.0684553166304991,0.0330791229742612,1.0483383685800605,0.0388941849380362,20.64926661802187,0.0545212204761063,0.0602273468234475,3.423482501741081,1408300000.0,4007900000.0,1002800000.0,2677000000.0,440400000.0,170650000.0,0.0,37.01239275500477,37.2502994011976,0.0,2.4316179879462214,2.416087962962963,0.0,0.0592904827114002,0.1327390835358573,2015-10-22,1.14,bmo,1128169811.0,2025-04-24,2015-09-30,-0.0701754385964911,74.08875,1650762.6875
2015-06-30,TROW,USD,1113169,2015-07-23,2015-07-23 11:15:19,2015,Q2,1072400000.0,399500000.0,672900000.0,0.6274710929,0,39900000.0,14200000.0,54100000.0,111000000.0,165100000.0,564600000.0,0.0,0.0,32200000.0,540000000.0,0.5035434539,507800000.0,0.4735173443,33000000.0,540800000.0,0.5042894442,207600000.0,333200000.0,0.3107049608,1.28,1.24,269284295,264600000,https://www.sec.gov/Archives/edgar/data/1113169/000111316915000022/0001113169-15-000022-index.htm,https://www.sec.gov/Archives/edgar/data/1113169/000111316915000022/a10q-q22015.htm,3.982408257414344,1.2373540016509317,1.2733754116629787,1.1300324810995754,5.019230698173468,18.44556140936477,15.973452889259658,18.44556140936477,0.0,20931468250.35,19662268250.35,15.70488314101891,19.518340405026112,61.04248541951007,68.78563342211633,4.21402191426587,4.21402191426587,18.334826790703097,36.411607871018525,57.34111475750949,64.61474942605982,0.0159186157423251,0.0145379194789601,0.0,0.0,-2.35037037037037,9.521329639889196,0.0,1.0291116446578632,0.0314884742970182,1.978091236494598,0.0372062663185378,0.0,0.1229249376788846,0.1125692621755613,0.0359940320775829,1.1987577639751552,0.0331965684446102,22.661266679246967,0.0607203934728649,0.070150322118826,4.605727192519712,1538100000.0,4301400000.0,1270200000.0,2811100000.0,448350000.0,153200000.0,0.0,37.715404699738905,37.959949937421776,0.0,2.3862928348909658,2.370919881305638,0.0,0.0670813955829357,0.1433429305634032,2015-07-23,1.2,bmo,1037806451.0,2025-04-24,2015-06-30,0.0333333333333333,80.71492063492063,1419474.0793650793
2015-03-31,TROW,USD,1113169,2015-04-22,2015-04-22 10:36:46,2015,Q1,1027000000.0,384000000.0,643000000.0,0.6260954236,0,38300000.0,25300000.0,63600000.0,101600000.0,165200000.0,549200000.0,0.0,0.0,29100000.0,506900000.0,0.4935735151,477800000.0,0.4652385589,26800000.0,504600000.0,0.4913339825,195100000.0,309500000.0,0.3013631938,1.16,1.13,258700000,265600000,https://www.sec.gov/Archives/edgar/data/1113169/000111316915000016/0001113169-15-000016-index.htm,https://www.sec.gov/Archives/edgar/data/1113169/000111316915000016/a10q-q12015.htm,3.969849246231156,1.196366447622729,2.1020487050637806,1.9424043293390028,7.326633165829146,19.33513722458446,16.76188635485118,19.33513722458446,0.0,20949526000.0,19139126000.0,16.92207269789984,20.398759493670887,38.52432144170651,41.69059900497513,4.188229908036785,4.188229908036785,18.635955209347618,37.75720260406392,35.19515630746598,38.087812935323385,0.0147736039469341,0.0239862228863793,0.0,0.0,-3.571513118958374,2.757664590203982,0.0,1.75702746365105,0.0064631533906781,0.4374798061389338,0.0372930866601752,0.0,0.1116571620261657,0.0759470393527032,0.0402142161635832,1.4192439862542956,0.0301850048685491,22.813766946794807,0.0579368620544772,0.0584370220720125,4.91254348666409,1439000000.0,4336300000.0,1297700000.0,2703700000.0,445050000.0,140650000.0,0.0,39.19863680623174,32.3203125,0.0,2.295998211491169,2.784626540971719,0.0,0.0618752499000399,0.1596443757247777,2015-04-22,1.13,bmo,1036088495.0,2025-04-24,2015-03-31,0.0,82.35311475409836,1410016.9836065574
2014-12-31,TROW,USD,1113169,2015-02-05,2015-02-05 16:22:07,2014,Q4,1022400000.0,375000000.0,647400000.0,0.6332159624,0,36600000.0,26100000.0,62700000.0,104700000.0,167400000.0,542400000.0,0.0,0.0,28300000.0,508300000.0,0.4971635368,480000000.0,0.4694835681,38800000.0,518800000.0,0.5074334898,202900000.0,315900000.0,0.3089788732,1.22,1.19,258700000,265700000,https://www.sec.gov/Archives/edgar/data/1113169/000111316915000007/0001113169-15-000007-index.htm,https://www.sec.gov/Archives/edgar/data/1113169/000111316915000007/a201410k.htm,3.9520680324700415,1.221105527638191,0.2906841901816776,0.1221492075763432,6.130653266331659,20.8550444530344,18.28179358330112,20.8550444530344,0.0,22211982000.0,20705882000.0,17.578333333333333,21.72533450704225,295.3721010638298,702.9108227848101,4.116989546263345,4.116989546263345,20.25223200312989,40.735553806807005,275.3441755319149,655.2494303797469,0.0142220536645491,0.001422655573915,0.0,0.0,-2.963013968129057,11.67005988023952,0.0,0.2380500158277936,0.0051728837165454,0.3637226970560304,0.0357981220657277,0.0,0.1179399050386223,0.5797872340425532,0.0426447574334898,1.540636042402827,0.0366784037558685,23.93720381261482,0.0533600758696159,0.0634502982706329,6.451101662156939,1781900000.0,4729500000.0,1699700000.0,3034000000.0,433200000.0,147000000.0,0.0,38.978873239436616,34.416000000000004,0.0,2.3089430894308944,2.6150627615062763,0.0,0.0585520462633451,0.1685349826053343,2015-01-28,1.14,bmo,1025227118.0,2025-04-24,2014-12-31,0.0350877192982456,81.51078125,1389030.6875
2014-09-30,TROW,USD,1113169,2014-10-23,2014-10-23 09:40:39,2014,Q3,1020800000.0,383800000.0,637000000.0,0.6240203762,0,35900000.0,12700000.0,48600000.0,99700000.0,148300000.0,532100000.0,0.0,0.0,28300000.0,517000000.0,0.5064655172,488700000.0,0.478742163,5200000.0,493900000.0,0.4838362069,190300000.0,303600000.0,0.2974137931,1.15,1.12,271071428,267399999,https://www.sec.gov/Archives/edgar/data/1113169/000111316914000029/0001113169-14-000029-index.htm,https://www.sec.gov/Archives/edgar/data/1113169/000111316914000029/a10q-q32014.htm,3.7657971093877145,1.1200000023610013,1.8094861698223688,1.7250065912516608,6.378023728860129,19.28458502088977,16.82877473903299,19.28458502088977,0.0,21251999955.2,19607499955.2,17.499999963109357,20.818965473354236,43.327217034046896,45.4491017005988,4.065423233897657,4.065423233897657,19.207974094043887,37.92553182823985,39.9745157088685,41.93220691873396,0.014285714315829,0.0220026350924956,0.0,0.0,-3.1808510638297878,11.9405311778291,0.0,1.615612648221344,0.0054347826201523,0.3804347826086957,0.0351684952978056,0.0,0.1154126213592233,0.0466870540265035,0.0224333855799373,0.8091872791519434,0.0334051724137931,22.04476227022801,0.0545157454040337,0.0595025772690747,5.55610014346477,1894900000.0,4561800000.0,1527600000.0,3132900000.0,424800000.0,135900000.0,0.0,37.34717868338558,35.315268368942164,0.0,2.4098205854579797,2.548472775564409,0.0,0.0580774748923959,0.0844795785707079,2014-10-23,1.15,bmo,1048142857.0,2025-04-24,2014-09-30,-0.0260869565217389,80.24249999999999,1492701.984375
2014-06-30,TROW,USD,1113169,2014-07-24,2014-07-24 07:37:59,2014,Q2,984300000.0,361800000.0,622500000.0,0.6324291375,0,36000000.0,14600000.0,50600000.0,98800000.0,149400000.0,511200000.0,0.0,0.0,28000000.0,501100000.0,0.5090927563,473100000.0,0.4806461445,26100000.0,499200000.0,0.5071624505,193400000.0,305800000.0,0.3106776389,1.16,1.13,270619469,268700000,https://www.sec.gov/Archives/edgar/data/1113169/000111316914000019/0001113169-14-000019-index.htm,https://www.sec.gov/Archives/edgar/data/1113169/000111316914000019/a10q-q22014.htm,3.637210595517058,1.1300000001108568,0.8813113146711554,0.7545650752865826,6.297773054901678,19.48714192473713,17.027230217497767,19.48714192473713,0.0,22842989378.29,21138689378.29,18.674778759229888,23.20734468992177,95.77773324230608,111.86576580945152,4.331574138783752,4.331574138783752,21.475860386355787,42.18457269664738,88.63182129262054,103.51953662238004,0.0133870394516154,0.0089392853368864,0.0,0.0,-3.4011175414089005,14.079973562458692,0.0,0.7799215173315893,0.0050737667509556,0.3790058862001308,0.0365742151782993,0.0,0.1174281178338331,0.1438155136268343,0.0348470994615462,1.225,0.0331199837447932,22.25894389869043,0.0525239970737528,0.0611196610237243,6.017305428974883,1979000000.0,4607900000.0,1734900000.0,3220900000.0,422850000.0,120300000.0,0.0,38.95153916488876,30.149253731343283,0.0,2.3105633802816903,2.985148514851485,0.0,0.0579869538834951,0.1267462393845728,2014-07-24,1.12,bmo,975589380.0,2025-04-24,2014-06-30,0.0089285714285712,81.58698412698412,1222171.5238095238
2014-03-31,TROW,USD,1113169,2014-04-24,2014-04-24 08:01:15,2014,Q1,954600000.0,352600000.0,602000000.0,0.6306306306,0,35400000.0,22600000.0,58000000.0,94900000.0,152900000.0,505500000.0,0.0,0.0,27100000.0,476200000.0,0.4988476849,449100000.0,0.4704588309,42100000.0,491200000.0,0.5145610727,186900000.0,304300000.0,0.3187722606,1.16,1.12,271696428,268600000,https://www.sec.gov/Archives/edgar/data/1113169/000111316914000013/0001113169-14-000013-index.htm,https://www.sec.gov/Archives/edgar/data/1113169/000111316914000013/a10q-q12014.htm,3.513480125693813,1.12000000235557,1.7928097310134676,1.699323040051156,6.576825514982479,18.53980943761248,16.089648407155355,18.53980943761248,0.0,22374200845.8,20634900845.8,18.381696389911276,23.43829964990572,45.93348562061178,48.460474,4.44179322754705,4.44179322754705,21.616279955793,43.332425127677446,42.36276092342435,44.69330917435564,0.0136004857602376,0.0206353738925459,0.0,0.0,-3.6524569508609823,7.378673957621326,0.0,1.6007229707525468,0.0051756038482928,0.3805455142951035,0.0370835952231301,0.0,0.1218583536217027,0.0521453500307945,0.0266080033521893,0.9372693726937268,0.0305887282631468,21.61488373344743,0.0543109908576433,0.0634328358208955,6.168557357699234,1866400000.0,4371500000.0,1733300000.0,3103900000.0,409250000.0,111650000.0,0.0,39.56945317410434,30.476460578559276,0.0,2.274481772694782,2.953098827470687,0.0,0.0604105455411736,0.0934866909623118,2014-04-24,1.03,bmo,936417142.0,2025-04-24,2014-03-31,0.0194174757281553,81.0472131147541,1458461.0
2013-12-31,TROW,USD,1113169,2014-02-04,2014-02-04 13:27:03,2013,Q4,929800000.0,330600000.0,599200000.0,0.6444396644,0,34800000.0,28800000.0,63600000.0,95500000.0,159100000.0,489700000.0,0.0,0.0,25200000.0,465200000.0,0.50032265,440100000.0,0.4733275973,31700000.0,471800000.0,0.5074209507,184100000.0,287700000.0,0.3094213809,1.1,1.07,260400000,268600000,https://www.sec.gov/Archives/edgar/data/1113169/000111316914000007/0001113169-14-000007-index.htm,https://www.sec.gov/Archives/edgar/data/1113169/000111316914000007/a201310k.htm,3.5706605222734256,1.1048387096774193,0.2876344086021505,0.1678187403993855,5.368663594470046,18.50268817204301,15.946236559139784,18.50268817204301,0.0,21813708000.0,20415708000.0,18.95525547445256,23.46064530006453,291.2377570093458,499.1695194508009,4.527450239721051,4.527450239721051,21.957096149709617,43.88587274290628,272.572870493992,467.1786727688787,0.0131889543950987,0.00200332744896,0.0,0.0,-3.005159071367154,12.600280504908836,0.0,0.2603406326034063,0.004565936245227,0.3461939520333681,0.0374274037427403,0.0,0.1322644096083924,0.4165554072096128,0.0335556033555603,1.238095238095238,0.0358141535814153,21.44658336018076,0.0548756946262617,0.0658744333012776,5.6916282642089095,1654200000.0,4152400000.0,1581800000.0,2892800000.0,382200000.0,100600000.0,0.0,38.60184986018498,28.284936479128856,0.0,2.331494483450351,3.181905678537055,0.0,0.0597123347377597,0.1198156682027649,2014-01-28,1.03,bmo,934287735.0,2025-04-24,2013-12-31,0.029126213592233,78.2715625,1343130.5625
2013-09-30,TROW,USD,1113169,2013-10-24,2013-10-24 10:42:28,2013,Q3,884400000.0,321800000.0,562600000.0,0.6361374943,0,32900000.0,14700000.0,47600000.0,89100000.0,136700000.0,458500000.0,0.0,0.0,22100000.0,448000000.0,0.5065581185,425900000.0,0.4815694256,11600000.0,437500000.0,0.4946856626,167200000.0,270300000.0,0.3056309362,1.03,1.0,270300000,266500000,https://www.sec.gov/Archives/edgar/data/1113169/000111316913000032/0001113169-13-000032-index.htm,https://www.sec.gov/Archives/edgar/data/1113169/000111316913000032/a10q-q32013.htm,3.271920088790233,1.0,1.5923048464668887,1.4698483166851646,6.435812060673326,16.798372179060305,14.335553089160191,16.798372179060305,0.0,19442679000.0,17749379000.0,17.9825,21.984033242876528,45.173510687732346,48.93702240120816,4.281962515967053,4.281962515967053,20.06940185436454,39.61914955357143,41.23926347583643,44.67500377548452,0.013902405116085,0.0204344267577528,0.0,0.0,-3.7796875,7.527970749542962,0.0,1.5923048464668887,0.0051124641825336,0.3677395486496485,0.0372003618272274,0.0,0.1298470780993992,0.0769052044609665,0.0374265038444142,1.497737556561086,0.0335820895522388,19.441280154065392,0.0542173755118019,0.060590437336083,5.281539030706623,1785400000.0,3874900000.0,1472700000.0,3018600000.0,366050000.0,105850000.0,0.0,37.20488466757124,27.21255438160348,0.0,2.4190371991247264,3.3072970195272355,0.0,0.0595295775888649,0.122456529781724,2013-10-24,0.96,bmo,849024000.0,2025-04-24,2013-09-30,0.0416666666666667,74.03234375,1354550.15625
2013-06-30,TROW,USD,1113169,2013-07-24,2013-07-24 10:01:22,2013,Q2,854300000.0,316400000.0,537900000.0,0.6296383004,0,35100000.0,19100000.0,54200000.0,84900000.0,139100000.0,455500000.0,0.0,0.0,21900000.0,420700000.0,0.492449959,398800000.0,0.4668149362,1400000.0,400200000.0,0.4684537048,152400000.0,247800000.0,0.2900620391,0.95,0.92,267173913,266200000,https://www.sec.gov/Archives/edgar/data/1113169/000111316913000029/0001113169-13-000029-index.htm,https://www.sec.gov/Archives/edgar/data/1113169/000111316913000029/a10q-q22013.htm,3.19754271817698,0.9274857609320564,1.004963385029286,0.9349715217143972,5.590366152252297,16.13368592614055,13.642050449738331,16.13368592614055,0.0,19682702170.71,18226802170.71,19.857447710562955,23.03956709669905,73.30615333597765,78.79384375784628,4.566222519594015,4.566222519594015,21.335364825834017,43.32493979251248,67.88380696726257,72.9655811477582,0.0125897347757846,0.0126913468401574,0.0,0.0,-3.4606608034228667,6.588575560375994,0.0,1.083535108958838,0.0050297971864515,0.3995157384987893,0.0410862694603769,0.0,0.1387192898372543,0.0696461824953445,0.0218892660657848,0.8538812785388128,0.032658316750556,18.34896970613115,0.0546034392749891,0.0599535468886093,4.791167616727611,1545800000.0,3644800000.0,1334000000.0,2770200000.0,365550000.0,106150000.0,0.0,38.61055835186703,32.54108723135272,0.0,2.330968622100955,2.765734265734266,0.0,0.0574875304489038,0.0699918633148888,2013-07-24,0.95,bmo,882157608.0,2025-04-24,2013-06-30,-0.0315789473684209,74.666875,1350502.765625
2013-03-31,TROW,USD,1113169,2013-04-24,2013-04-24 13:02:14,2013,Q1,815700000.0,305300000.0,510400000.0,0.6257202403,0,33000000.0,25100000.0,58100000.0,79700000.0,137800000.0,443100000.0,0.0,0.0,21500000.0,394100000.0,0.4831433125,372600000.0,0.4567855829,18300000.0,390900000.0,0.4792203016,149000000.0,241900000.0,0.296555106,0.93,0.91,263846153,264899999,https://www.sec.gov/Archives/edgar/data/1113169/000111316913000020/0001113169-13-000020-index.htm,https://www.sec.gov/Archives/edgar/data/1113169/000111316913000020/a10q-q12013.htm,3.0915743539379936,0.9168221603746484,1.7411661863419323,1.6547521918957069,4.873673485017612,15.56588926274775,13.042828030166504,15.56588926274775,0.0,19593215321.780003,18307315321.780003,20.249292395390658,24.020124214515143,42.64957623373967,44.87681017356849,4.770687928361335,4.770687928361335,22.44368679879858,46.453477091550376,39.850490469699615,41.93155135542832,0.0123461104278837,0.0222832236991072,0.0,0.0,-3.2628774422735347,4.487493202827624,0.0,1.8991318726746589,0.0050374580373382,0.4080198429102935,0.0404560500183891,0.0,0.1443846787836724,0.0496299521114497,0.0279514527399779,1.0555555555555556,0.0290547995586612,17.919289187787584,0.0543451120225634,0.0613196785723339,4.001384852482575,1282700000.0,3441300000.0,1146900000.0,2511400000.0,359250000.0,93800000.0,0.0,40.22802500919455,28.86013756960367,0.0,2.2372462973121228,3.118488253319714,0.0,0.058899439980521,0.0864139944462256,2013-04-24,0.89,bmo,797772527.0,2025-04-24,2013-03-31,0.0224719101123595,72.17533333333334,1464996.7833333334
2012-12-31,TROW,USD,1113169,2013-02-05,2013-02-05 13:03:18,2012,Q4,789600000.0,1143700000.0,-354100000.0,-0.4484549139,0,-753800000.0,-43600000.0,-797400000.0,79800000.0,-717600000.0,426100000.0,0.0,0.0,21400000.0,382600000.0,0.4845491388,361200000.0,0.4574468085,16900000.0,378100000.0,0.4788500507,146100000.0,232000000.0,0.2938196555,0.9,0.88,256900000,264900000,https://www.sec.gov/Archives/edgar/data/1113169/000111316913000010/0001113169-13-000010-index.htm,https://www.sec.gov/Archives/edgar/data/1113169/000111316913000010/a201210k.htm,3.0735694822888284,0.903075126508369,0.1627092253795251,0.0801868431296224,3.4219540677306344,14.971195017516544,12.37991436356559,14.971195017516544,0.0,16729328000.000002,15850228000.000002,18.02729310344828,21.187092198581563,400.22315789473686,812.1033009708739,4.349686175606459,4.349686175606459,20.07374366767984,41.42767381076843,379.192057416268,769.4285436893205,0.0138678612793054,0.0012313704411797,0.0,0.0,-2.297699947726085,4.637081609627679,0.0,0.1801724137931034,0.0205447582831779,1.481465517241379,-0.954660587639311,0.0,0.1583944037308461,0.507177033492823,0.0268490374873353,0.9906542056074766,0.0339412360688956,17.441403649780234,0.0562956276628533,0.0655904554578609,3.0666601790579997,967100000.0,3180400000.0,876300000.0,2193800000.0,343050000.0,90200000.0,0.0,40.338145896656535,7.058669231441812,0.0,2.231138739756993,12.750278706800446,0.0,0.0603208444918228,0.0825223822499026,2013-01-29,0.89,bmo,813338636.0,2025-04-24,2012-12-31,-0.0112359550561797,64.58516129032259,1216338.6935483871
2012-09-30,TROW,USD,1113169,2012-10-24,2012-10-24 12:45:45,2012,Q3,769700000.0,288200000.0,481500000.0,0.6255684033,0,31000000.0,17500000.0,48500000.0,74100000.0,122600000.0,410800000.0,0.0,0.0,20700000.0,379600000.0,0.4931791607,358900000.0,0.4662855658,41400000.0,400300000.0,0.5200727556,153000000.0,247300000.0,0.3212940107,0.97,0.94,253000000,260300000,https://www.sec.gov/Archives/edgar/data/1113169/000111316912000007/0001113169-12-000007-index.htm,https://www.sec.gov/Archives/edgar/data/1113169/000111316912000007/trow-2012930x10q.htm,3.042292490118577,0.9774703557312252,1.448616600790514,1.3731225296442688,4.881422924901186,15.252569169960474,12.621343873517787,15.252569169960474,0.0,15987070000.0,14752070000.0,16.161615446825717,20.770520982200857,43.62092769440655,46.01919976971791,4.142908600896629,4.142908600896629,19.165999740158504,38.86214436248683,40.2512141882674,42.46421991940127,0.0154687506841466,0.0217300606052266,0.0,0.0,-3.2534246575342465,4.060103626943005,0.0,1.4820056611403154,0.0054168775141411,0.3501819652244238,0.0402754319864882,0.0,0.1511031414563283,0.0521145975443383,0.0248148629336104,0.9227053140096618,0.0354683642977783,18.315321994943705,0.0551606210259212,0.0661247626941896,3.7053359683794462,1181200000.0,3193200000.0,1020500000.0,2407900000.0,328200000.0,88450000.0,0.0,38.84370533974276,28.32408049965302,0.0,2.3169777242624923,3.1775082690187437,0.0,0.0640856202544766,0.075494071146245,2012-10-24,0.84,bmo,743158620.0,2025-04-24,2012-09-30,0.0357142857142857,62.09142857142857,1070032.2857142857
2012-06-30,TROW,USD,1113169,2012-07-25,2012-07-25 16:23:55,2012,Q2,736800000.0,285200000.0,451600000.0,0.6129207383,0,31400000.0,19800000.0,51200000.0,72400000.0,123600000.0,408800000.0,0.0,0.0,20000000.0,348000000.0,0.4723127036,328000000.0,0.4451682953,7400000.0,335400000.0,0.4552117264,128600000.0,206800000.0,0.2806731813,0.81,0.79,253400000,260600000,https://www.sec.gov/Archives/edgar/data/1113169/000119312512314482/0001193125-12-314482-index.htm,https://www.sec.gov/Archives/edgar/data/1113169/000119312512314482/d378254d10q.htm,2.907655880031571,0.8161010260457774,0.9025256511444356,0.8314917127071824,7.630228887134964,14.434885556432516,11.807813733228098,14.434885556432516,0.0,15954064000.0,14981764000.0,19.286827852998066,21.65318132464712,69.75979011805859,75.71933554817275,4.361655640002187,4.361655640002187,20.333555917481,43.0510459770115,65.50836904241365,71.10471760797343,0.0129622145178808,0.0132066663390594,0.0,0.0,-2.793965517241379,7.689713896457766,0.0,1.105899419729207,0.0054092800430034,0.417311411992263,0.0426167209554831,0.0,0.161699336879691,0.0787057280279842,0.02442996742671,0.9,0.0351520086862106,16.280580780574258,0.0528960135388041,0.0599211868335651,6.778018942383583,1964100000.0,2992100000.0,1798600000.0,3194200000.0,323350000.0,84500000.0,0.0,39.600977198697066,27.20196353436185,0.0,2.2726711906230723,3.308584686774942,0.0,0.0565367160588331,0.0710339384372533,2012-07-25,0.81,bmo,755453164.0,2025-04-24,2012-06-30,-0.0246913580246913,60.44761904761904,1655628.1587301588
2012-03-31,TROW,USD,1113169,2012-04-24,2012-04-24 15:55:02,2012,Q1,728700000.0,282900000.0,445800000.0,0.6117743928,0,30100000.0,25800000.0,55900000.0,73700000.0,129600000.0,412500000.0,0.0,0.0,19200000.0,335400000.0,0.4602717168,316200000.0,0.4339234253,5100000.0,321300000.0,0.4409221902,123800000.0,197500000.0,0.2710306024,0.78,0.75,253100000,261000000,https://www.sec.gov/Archives/edgar/data/1113169/000119312512178778/0001193125-12-178778-index.htm,https://www.sec.gov/Archives/edgar/data/1113169/000119312512178778/d338989d10q.htm,2.879099170288423,0.780323982615567,1.050177795337811,0.9766890557092058,7.666139865665745,14.342552350849466,11.71236665349664,14.342552350849466,0.0,16527430000.0,15423930000.0,20.92079746835443,22.680705365719778,62.17994732881866,66.8585355987055,4.552885595438142,4.552885595438142,21.16636475916015,45.98667262969589,58.02832957110609,62.394538834951454,0.0119498312804834,0.0149569533799265,0.0,0.0,-3.2901013714967204,8.216412490922295,0.0,1.3458227848101263,0.0052518752159289,0.4394936708860759,0.0413064361191162,0.0,0.1632858299197919,0.0699774266365688,0.0255249073692877,0.96875,0.0330725950322492,15.868722234444718,0.051128522784448,0.0578975140712945,6.856479652311339,1987400000.0,2964400000.0,1816000000.0,3217800000.0,313500000.0,82850000.0,0.0,39.83120625771922,26.341463414634145,0.0,2.25953488372093,3.4166666666666665,0.0,0.054406214704829,0.0734887396286052,2012-04-24,0.77,bmo,748132000.0,2025-04-24,2012-03-31,-0.0259740259740259,61.08096774193548,1703290.7096774194
2011-12-31,TROW,USD,1113169,2012-02-03,2012-02-03 15:45:45,2011,Q4,671600000.0,189600000.0,482000000.0,0.7176891007,0,140700000.0,25800000.0,166500000.0,21900000.0,188400000.0,378000000.0,0.0,0.0,19100000.0,312700000.0,0.4656045265,293600000.0,0.4371649792,12900000.0,306500000.0,0.456372841,118100000.0,188400000.0,0.2805241215,0.71,0.69,258700000,268500000,https://www.sec.gov/Archives/edgar/data/1113169/000119312512038736/0001193125-12-038736-index.htm,https://www.sec.gov/Archives/edgar/data/1113169/000119312512038736/d292752d10k.htm,2.596057209122536,0.7282566679551604,0.0305373018940858,-0.0962504831851565,3.47081561654426,13.222651720139158,10.649400850405875,13.222651720139158,0.0,14732965000.0,13835065000.0,19.55011279193206,21.93711286480048,1864.9322784810129,-591.6853413654618,4.307002952612039,4.307002952612039,20.600156343061347,44.24389190917813,1751.2740506329114,-555.6251004016065,0.0127876500079922,-0.0016900875010563,0.0,0.0,-2.8714422769427568,5.908599508599509,0.0,0.0,0.0053349750033343,0.4171974522292994,0.2094997022036926,0.0,0.1765641991353473,4.151898734177215,0.0488385944014294,1.7172774869109948,0.0370756402620607,14.719490357104846,0.0505973431616314,0.0606841461057785,3.00222265172014,998900000.0,2755000000.0,852800000.0,2232000000.0,300150000.0,91500000.0,0.0,40.80553901131626,39.35126582278481,0.0,2.205582922824302,2.287092882991556,0.0,0.0550764463413921,0.1267877850792423,2012-01-27,0.69,bmo,634800000.0,2025-04-24,2011-12-31,0.0579710144927536,53.74904761904762,2516293.9682539683
2011-09-30,TROW,USD,1113169,2011-10-25,2011-10-25 16:24:41,2011,Q3,679400000.0,0.0,679400000.0,1.0,0,280800000.0,39500000.0,320300000.0,63900000.0,384200000.0,384200000.0,0.0,0.0,18600000.0,313800000.0,0.4618781278,295200000.0,0.4345010303,1300000.0,296500000.0,0.4364144834,111000000.0,185500000.0,0.2730350309,0.73,0.71,253700000,260000000,https://www.sec.gov/Archives/edgar/data/1113169/000119312511280312/0001193125-11-280312-index.htm,https://www.sec.gov/Archives/edgar/data/1113169/000119312511280312/d245975d10q.htm,2.6779661016949152,0.7311785573512022,1.30074891604257,1.2357114702404417,3.947181710681907,12.887662593614506,10.263697280252266,12.887662593614506,0.0,12119249000.0,11117849000.0,16.333219676549867,17.838164556962024,36.72499696969697,38.657891547049445,3.706645767066308,3.706645767066308,16.364216956137767,35.42972912683238,33.69045151515152,35.463633173843704,0.0153062289585765,0.0258679395068126,0.0,0.0,-3.191204588910134,3.267506297229219,0.0,1.778975741239892,0.0064855503835262,0.4237196765498652,0.4133058581100971,0.0,0.1733774351494947,0.05,0.0242861348248454,0.8870967741935484,0.0403297026788342,14.560961754418296,0.0536474402802932,0.058445445666215,2.5748916042569965,900200000.0,2603900000.0,727200000.0,2121000000.0,309900000.0,97250000.0,0.0,39.18457462466883,0.0,0.0,2.2968221771467205,0.0,0.0,0.0567347687790555,0.0650374458021285,2011-10-25,0.73,bmo,698538028.0,2025-04-24,2011-09-30,-0.0273972602739726,53.22578125,2918370.28125
2011-06-30,TROW,USD,1113169,2011-07-26,2011-07-26 15:00:50,2011,Q2,713700000.0,50100000.0,663600000.0,0.929802438,0,248800000.0,20600000.0,269400000.0,67600000.0,337000000.0,387100000.0,0.0,0.0,18000000.0,344600000.0,0.4828359255,326600000.0,0.4576152445,5600000.0,332200000.0,0.4654616786,127500000.0,204700000.0,0.2868151885,0.79,0.76,258000000,266700000,https://www.sec.gov/Archives/edgar/data/1113169/000095012311068294/0000950123-11-068294-index.htm,https://www.sec.gov/Archives/edgar/data/1113169/000095012311068294/w83451e10vq.htm,2.766279069767442,0.7934108527131783,1.063953488372093,0.9813953488372092,4.707364341085271,13.227906976744189,10.647674418604652,13.227906976744189,0.0,15567720000.0,14545020000.0,19.01284807034685,21.81269440941572,56.71300546448089,61.48388625592417,4.561568213783404,4.561568213783404,20.37973938629676,42.20841555426581,52.98732240437158,57.44478672985782,0.0131490031937881,0.0162644240775142,0.0,0.0,-2.9677887405687757,5.082590023125206,0.0,1.3409868099658036,0.0051388385710945,0.3908158280410356,0.3486058568025781,0.0,0.1714661034411704,0.0775956284153005,0.0298444724674232,1.1833333333333331,0.0350287235533137,15.366886850161196,0.0562196015437037,0.0636366462523704,3.82906976744186,1235800000.0,2747100000.0,1068900000.0,2457200000.0,315950000.0,86900000.0,0.0,40.85750315258512,169.5808383233533,0.0,2.202777777777778,0.5307203389830508,0.0,0.0599800750117205,0.0825581395348837,2011-07-26,0.77,bmo,723090789.0,2025-04-24,2011-06-30,-0.0129870129870129,62.13698412698413,1779524.5238095238
2011-03-31,TROW,USD,1113169,2011-04-21,2011-04-21 13:13:10,2011,Q1,682400000.0,40400000.0,642000000.0,0.9407971864,0,242900000.0,25400000.0,268300000.0,62200000.0,330500000.0,370900000.0,0.0,0.0,16700000.0,328200000.0,0.4809495897,311500000.0,0.4564771395,3900000.0,315400000.0,0.4621922626,120800000.0,194600000.0,0.2851699883,0.75,0.72,253100000,261000000,https://www.sec.gov/Archives/edgar/data/1113169/000095012311037660/0000950123-11-037660-index.htm,https://www.sec.gov/Archives/edgar/data/1113169/000095012311037660/w82427e10vq.htm,2.696167522718293,0.7688660608455156,1.3275385223231924,1.2813117344922955,3.2125642038719877,13.024496246542869,10.394310549190044,13.654286843145002,0.0,16810902000.0,15997802000.0,21.5967394655704,24.63496776084408,50.03244642857143,51.83750231267345,4.864406377499349,4.864406377499349,23.44343786635405,48.744064594759294,47.61250595238095,49.33025593586186,0.0115758214520553,0.0192910529131631,0.0,0.0,-2.4774527726995736,6.056185845488925,0.0,1.7266187050359711,0.0048004562753384,0.4146968139773895,0.3559495896834701,0.0,0.1827841845140033,0.0348214285714285,0.0171453692848769,0.7005988023952096,0.0313599062133646,15.369194810455497,0.0555971310299548,0.0653831938984645,2.759877518767285,935900000.0,2630800000.0,775500000.0,2161900000.0,307900000.0,79400000.0,0.0,40.60814771395077,176.88118811881188,0.0,2.2163039948035075,0.5088161209068011,0.0,0.0563094996961717,0.0462267878308968,2011-04-21,0.75,bmo,710833333.0,2025-04-24,2011-03-31,-0.04,66.11,1534312.8870967743
2010-12-31,TROW,USD,1113169,2011-02-08,2011-02-08 17:02:16,2010,Q4,647500000.0,29300000.0,618200000.0,0.9547490347,0,223400000.0,24700000.0,248100000.0,87300000.0,335400000.0,364700000.0,0.0,0.0,15900000.0,298700000.0,0.4613127413,282800000.0,0.4367567568,15400000.0,298200000.0,0.4605405405,106600000.0,191600000.0,0.2959073359,0.73,0.71,258200000,266200000,https://www.sec.gov/Archives/edgar/data/1113169/000095012311010348/0000950123-11-010348-index.htm,https://www.sec.gov/Archives/edgar/data/1113169/000095012311010348/w81368e10vk.htm,2.5077459333849728,0.7420604182804028,0.0824941905499612,0.0182029434546862,3.1491092176607283,12.767234701781565,10.18900077459334,12.767234701781565,0.0,16664228000.000002,15851128000.000002,21.743512526096037,25.73625945945946,782.3581220657278,3545.580425531916,5.055127559532838,5.055127559532838,24.48050656370657,53.06705055239371,744.18441314554,3372.580425531916,0.0114976823408801,0.0002820412682783,0.0,0.0,-2.7221292266488115,6.056185845488925,0.0,0.1111691022964509,0.0042006146339332,0.3653444676409186,0.345019305019305,0.0,0.1827841845140033,0.7793427230046949,0.0256370656370656,0.8924731182795699,0.0358301158301158,14.600217096655868,0.0525630374958051,0.0643752309914995,2.705364058869094,935900000.0,2630800000.0,775500000.0,2161900000.0,291550000.0,80000000.0,0.0,42.7969111969112,243.89078498293512,0.0,2.102955505034102,0.3690176322418136,0.0,0.0581222508721371,0.0642912470952749,2011-01-28,0.69,bmo,620520833.0,2025-04-24,2010-12-31,0.0434782608695652,58.03421875,1808176.296875
2010-09-30,TROW,USD,1113169,2010-10-22,2010-10-22 11:51:22,2010,Q3,586100000.0,0.0,586100000.0,1.0,0,242500000.0,18600000.0,261100000.0,63100000.0,324200000.0,324200000.0,0.0,0.0,16000000.0,277900000.0,0.4741511687,261900000.0,0.446852073,8900000.0,270800000.0,0.462037195,101700000.0,169100000.0,0.2885173179,0.66,0.64,255500000,261800000,https://www.sec.gov/Archives/edgar/data/1113169/000095012310095145/0000950123-10-095145-index.htm,https://www.sec.gov/Archives/edgar/data/1113169/000095012310095145/w79951e10vq.htm,2.2939334637964777,0.6618395303326811,1.0148727984344423,0.8841487279843444,3.1718199608610567,11.993737769080235,9.38825831702544,11.993737769080235,0.0,12792885000.0,11982485000.0,18.91319485511531,21.82713700733663,49.33623216351716,56.63074369189907,4.17467856676674,4.17467856676674,20.444437809247567,43.11797409139979,46.210894716544544,53.04331562638336,0.0132182850076429,0.0176582530054792,0.0,0.0,-2.916156890967974,3.2386634844868736,0.0,1.5334121821407452,0.0054014399410297,0.4086339444115908,0.4137519194676676,0.0,0.1868212050627227,0.1288083301195526,0.0569868623101859,2.0875,0.0395836887903088,13.364259046818926,0.0506621324734421,0.0583586416344561,2.0270058708414878,750400000.0,2398700000.0,586700000.0,1973500000.0,266150000.0,90950000.0,0.0,42.25900017061935,0.0,0.0,2.129723837209302,0.0,0.0,0.055182091110821,0.1307240704500978,2010-10-22,0.6,bmo,547781250.0,2025-04-24,2010-09-30,0.0666666666666667,47.79890625,2313093.609375
2010-06-30,TROW,USD,1113169,2010-07-23,2010-07-23 13:02:06,2010,Q2,577400000.0,0.0,577400000.0,1.0,0,215100000.0,20100000.0,235200000.0,89100000.0,324300000.0,324300000.0,0.0,0.0,15600000.0,273400000.0,0.4735019051,253100000.0,0.438344302,3900000.0,257000000.0,0.4450987184,98500000.0,158500000.0,0.274506408,0.61,0.59,258200000,265700000,https://www.sec.gov/Archives/edgar/data/1113169/000095012310067622/0000950123-10-067622-index.htm,https://www.sec.gov/Archives/edgar/data/1113169/000095012310067622/w79032e10vq.htm,2.236250968241673,0.6138652207591014,0.7571649883810999,0.5906274206041828,2.847017815646786,11.461270333075136,8.883036405886909,11.461270333075136,0.0,11461498000.0,10726398000.0,18.078072555205047,19.850187045375822,58.62658823529412,75.15736393442623,3.8730436251816314,3.8730436251816314,18.57706615864219,39.23335040234089,54.86648593350384,70.33703606557377,0.0138289078792318,0.0133054160983145,0.0,0.0,-2.688734455010973,3.5334757834757835,0.0,1.2334384858044165,0.0060899543846711,0.440378548895899,0.3725320401801177,0.0,0.1956215104319718,0.2199488491048593,0.0744717700034638,2.7564102564102564,0.0398337374437132,12.581839808702082,0.0499951146889091,0.0579037737916925,1.8753872966692489,711400000.0,2293600000.0,548500000.0,1921000000.0,258050000.0,89550000.0,0.0,40.07447177000346,0.0,0.0,2.245818747569039,0.0,0.0,0.0535599635048829,0.1665375677769171,2010-07-23,0.6,bmo,588101694.0,2025-04-24,2010-06-30,-0.0166666666666666,52.63587301587302,2339211.0793650798
2010-03-31,TROW,USD,1113169,2010-04-23,2010-04-23 12:54:39,2010,Q1,556200000.0,0.0,556200000.0,1.0,0,207700000.0,23500000.0,231200000.0,86300000.0,317500000.0,317500000.0,0.0,0.0,15500000.0,279900000.0,0.503236246,238700000.0,0.4291621719,5300000.0,244000000.0,0.4386911183,91000000.0,153000000.0,0.2750809061,0.59,0.57,258700000,268500000,https://www.sec.gov/Archives/edgar/data/1113169/000095012310037519/0000950123-10-037519-index.htm,https://www.sec.gov/Archives/edgar/data/1113169/000095012310037519/w77992e10vq.htm,2.149980672593738,0.5914186316196366,0.992269037495168,0.89563200618477,2.953614224971009,11.623115577889449,9.049864708156166,11.623115577889449,0.0,14220739000.0,13456639000.0,23.23650163398693,25.56767170082704,55.398282041293335,61.37565386275356,4.72936878512754,4.72936878512754,24.19388529306005,48.07659521257592,52.42165562913908,58.07785498489426,0.0107589345391965,0.0162931054426918,0.0,0.0,-2.729903536977492,4.541056369285397,0.0,1.6777777777777778,0.0049223883512664,0.457516339869281,0.3734268248831355,0.0,0.1962327555712769,0.0973899493572263,0.044947860481841,1.488095238095238,0.037037037037037,12.43655338026681,0.0472598400253425,0.0561117834745296,2.214340935446463,797800000.0,2341200000.0,637600000.0,1982400000.0,252600000.0,78850000.0,0.0,41.909385113268605,0.0,0.0,2.1474903474903475,0.0,0.0,0.0508829691709069,0.0966370313103981,2010-04-23,0.59,bmo,576647368.0,2025-04-24,2010-03-31,-0.0338983050847458,52.41540983606558,1629278.8196721312
2009-12-31,TROW,USD,1113169,2010-02-05,2010-02-05 07:27:34,2009,Q4,547100000.0,26600000.0,520500000.0,0.9513800037,0,202000000.0,23800000.0,225800000.0,64900000.0,290700000.0,317300000.0,0.0,0.0,15700000.0,259700000.0,0.4746847012,229800000.0,0.4200329007,10200000.0,240000000.0,0.4386766587,87500000.0,152500000.0,0.2787424602,0.59,0.57,258200000,266200000,https://www.sec.gov/Archives/edgar/data/1113169/000095012310009025/0000950123-10-009025-index.htm,https://www.sec.gov/Archives/edgar/data/1113169/000095012310009025/w77056e10vk.htm,2.118900077459334,0.5906274206041828,0.2672347017815646,0.1475600309837335,2.878776142525174,11.162664601084431,8.584430673896204,11.162664601084431,0.0,13749150000.0,13005850000.0,22.539590163934424,25.13096326082983,199.26304347826087,360.8700787401575,4.77036638678787,4.77036638678787,23.77234509230488,50.08028494416634,188.4905797101449,341.3608923884514,0.0110915947531301,0.0027710803940607,0.0,0.0,-2.862148633038121,5.932254196642686,0.0,0.4524590163934426,0.0046984722691948,0.4236065573770491,0.3692195211113142,0.0,0.2073637977759088,0.4478260869565217,0.0564796198135624,1.9681528662420384,0.0385669895814293,12.179571236672604,0.0479772465910957,0.0599308339228169,2.323199070487994,822700000.0,2216500000.0,661400000.0,2001200000.0,234650000.0,79200000.0,0.0,40.50082251873515,270.3383458646617,0.0,2.222177091795289,0.3329161451814768,0.0,0.0529109707862049,0.1196746707978311,2010-01-28,0.55,bmo,524526315.0,2025-04-24,2009-12-31,0.0363636363636361,49.4915625,2293038.9375
2009-09-30,TROW,USD,1113169,2009-10-23,2009-10-23 07:41:28,2009,Q3,498100000.0,26000000.0,472100000.0,0.9478016463,0,196300000.0,13000000.0,209300000.0,55500000.0,264800000.0,290800000.0,0.0,0.0,16500000.0,223800000.0,0.449307368,207300000.0,0.4161814897,5200000.0,212500000.0,0.4266211604,79600000.0,132900000.0,0.2668138928,0.52,0.5,256100000,263600000,https://www.sec.gov/Archives/edgar/data/1113169/000095012309052559/0000950123-09-052559-index.htm,https://www.sec.gov/Archives/edgar/data/1113169/000095012309052559/w75890e10vq.htm,1.9449433814916048,0.5189379148770011,0.7684498242873877,0.6212417024599766,2.8867629832096835,10.697774306911365,8.098399062866068,10.697774306911365,0.0,11703770000.0,10964470000.0,22.016121143717083,23.496827946195545,59.47037601626017,73.56235072281584,4.271916633208016,4.271916633208016,22.01258783376832,48.99226988382485,55.71377032520325,68.91558768070396,0.0113553154240044,0.0135939103382927,0.0,0.0,-3.303395889186774,2.28435793971042,0.0,1.4808126410835214,0.0054939562209441,0.4838224228743416,0.3940975707689219,0.0,0.2105979120531477,0.1915650406504065,0.0756876129291306,2.2848484848484847,0.0481830957639028,11.176238883662972,0.0473219180288095,0.0532601290426,1.895060523233112,541100000.0,2074000000.0,541100000.0,1708700000.0,210550000.0,79800000.0,0.0,40.31118249347521,271.7307692307692,0.0,2.2326311071268488,0.3312101910828025,0.0,0.0485089608351279,0.1472081218274111,2009-10-23,0.46,bmo,459172000.0,2025-04-24,2009-09-30,0.0869565217391303,44.54546875,2380981.53125
2009-06-30,TROW,USD,1113169,2009-07-24,2009-07-24 12:35:30,2009,Q2,442200000.0,24400000.0,417800000.0,0.9448213478,0,199700000.0,13700000.0,213400000.0,50500000.0,263900000.0,288300000.0,0.0,0.0,16700000.0,170600000.0,0.3857982813,153900000.0,0.3480325645,7900000.0,161800000.0,0.3658977838,61800000.0,100000000.0,0.2261420172,0.39,0.38,255200000,261700000,https://www.sec.gov/Archives/edgar/data/1113169/000095012309025178/0000950123-09-025178-index.htm,https://www.sec.gov/Archives/edgar/data/1113169/000095012309025178/w74903e10vq.htm,1.7327586206896552,0.3918495297805642,0.5109717868338558,0.3757836990595611,2.615203761755486,10.11010971786834,7.501567398119122,10.11010971786834,0.0,10634184000.0,9966784000.0,26.58546,24.048358208955225,81.55049079754602,110.88825860271116,4.121616991589473,4.121616991589473,22.539086386250567,58.42194607268464,76.43239263803682,103.9289259645464,0.0094036364238196,0.009018087330443,0.0,0.0,-3.912075029308323,4.170602409638554,0.0,1.304,0.0060277309476683,0.641,0.4516056083220262,0.0,0.2251725071032336,0.2645705521472393,0.0780189959294437,2.065868263473054,0.0529172320217096,9.441236101643364,0.0346019967712897,0.0436547780154537,1.7225705329153604,657900000.0,1914400000.0,489100000.0,1797900000.0,182750000.0,82450000.0,0.0,40.29850746268657,299.1393442622951,0.0,2.2333333333333334,0.3008631319358816,0.0,0.0387581876671446,0.1351880877742946,2009-07-24,0.34,bmo,396815789.0,2025-04-24,2009-06-30,0.1176470588235293,38.51634920634921,3980297.65079365
2009-03-31,TROW,USD,1113169,2009-04-22,2009-04-22 15:33:52,2009,Q1,384500000.0,25400000.0,359100000.0,0.9339401821,0,175400000.0,22700000.0,198100000.0,50400000.0,248500000.0,273900000.0,0.0,0.0,16800000.0,127400000.0,0.3313394018,110600000.0,0.2876462939,-36000000.0,74600000.0,0.1940182055,26400000.0,48200000.0,0.1253576073,0.19,0.19,255400000,259000000,https://www.sec.gov/Archives/edgar/data/1113169/000095013309001209/0000950133-09-001209-index.htm,https://www.sec.gov/Archives/edgar/data/1113169/000095013309001209/w73659e10vq.htm,1.505481597494127,0.1887235708692247,0.5458104933437745,0.4252153484729835,2.4346123727486297,9.634299138606108,7.027799530148786,9.634299138606108,0.0,7370844000.0,6749044000.0,38.23051867219917,19.169945383615083,52.87549497847919,67.87149171270718,2.9955474274567178,2.9955474274567178,17.55278023407022,52.97522762951334,48.414949784791965,62.14589318600368,0.0065392782698969,0.0147337265583154,0.0,0.0,-4.880690737833595,5.046675191815857,0.0,2.892116182572614,0.0086692921461911,1.325726141078838,0.4561768530559167,0.0,0.2383885407341092,0.2209469153515064,0.0801040312093628,1.8333333333333333,0.0535760728218465,6.396087481097403,0.027108248404576,0.0226631559149896,1.6269577133907596,632900000.0,1794900000.0,457400000.0,1753100000.0,172400000.0,85300000.0,0.0,39.20676202860859,296.9291338582677,0.0,2.2955223880597013,0.3031026252983294,0.0,0.0195887181988132,0.1205951448707909,2009-04-22,0.19,bmo,385700000.0,2025-04-24,2009-03-31,0.0,27.44819672131148,5054403.606557377
2008-12-31,TROW,USD,1113169,2009-02-06,2009-02-06 15:12:37,2008,Q4,415900000.0,26100000.0,389800000.0,0.9372445299,0,179300000.0,30700000.0,210000000.0,58800000.0,268800000.0,294900000.0,0.0,0.0,15900000.0,136900000.0,0.3291656648,121000000.0,0.290935321,-80100000.0,40900000.0,0.0983409473,16600000.0,24300000.0,0.0584275066,0.0951,0.0938,255400000,259000000,https://www.sec.gov/Archives/edgar/data/1113169/000095013309000237/0000950133-09-000237-index.htm,https://www.sec.gov/Archives/edgar/data/1113169/000095013309000237/w72586e10vk.htm,1.6284259984338292,0.0951448707909162,0.0211433046202036,-0.1652310101801096,2.424040720438528,9.74471417384495,7.138214565387627,9.74471417384495,0.0,9051376000.0,8432276000.0,93.12115226337448,21.763346958403464,1676.1807407407407,-214.4875829383886,3.636843458694953,3.636843458694953,20.27476797307045,61.59441928414901,1561.532592592593,-199.81696682464457,0.0026846746837165,-0.0046622745536148,0.0,0.0,-4.5222790357925495,4.608796296296297,0.0,0.2222222222222222,0.0068387392148994,2.5473251028806585,0.4311132483770137,0.0,0.2361140668227282,8.814814814814815,0.1144505890839144,2.993710691823899,0.0413560952151959,4.567394262236398,0.0271631434860282,0.0112829084830756,1.6502545027407989,623600000.0,1823100000.0,465800000.0,1729400000.0,205900000.0,91200000.0,0.0,38.36739600865593,299.3103448275862,0.0,2.3457416807670617,0.3006912442396313,0.0,0.0097637415621986,0.1863743148003132,2009-01-29,0.24,bmo,1112800000.0,2025-04-24,2008-12-31,-0.625,35.62109375,3914671.671875
2008-09-30,TROW,USD,1113169,2008-10-24,2008-10-24 13:10:28,2008,Q3,554800000.0,25700000.0,529100000.0,0.9536770007,0,210900000.0,16700000.0,227600000.0,62700000.0,290300000.0,316000000.0,0.0,0.0,15500000.0,254300000.0,0.4583633742,238800000.0,0.4304253785,5700000.0,244500000.0,0.4406993511,91700000.0,152800000.0,0.2754145638,0.59,0.56,258700000,270800000,https://www.sec.gov/Archives/edgar/data/1113169/000095013308003415/0000950133-08-003415-index.htm,https://www.sec.gov/Archives/edgar/data/1113169/000095013308003415/w71269e10vq.htm,2.144568998840356,0.5906455353691534,1.0947042906841902,0.9284885968303054,3.29609586393506,10.268650947042907,7.685349826053344,10.268650947042907,0.0,13894777000.0,13042077000.0,22.733601112565445,25.044659336697908,49.06347810734464,57.84669858451291,5.230482589873894,5.230482589873894,23.507709084354723,51.28618560755014,46.05253177966102,54.29674021648626,0.0109969379141529,0.017287071249866,0.0,0.0,-3.353126228863547,3.2127659574468086,0.0,1.8534031413612568,0.0044765022137454,0.4070680628272251,0.3801369863013699,0.0,0.2140272217774219,0.1518361581920904,0.0775054073540014,2.774193548387097,0.0419971160778658,11.681844409725729,0.0536036031073032,0.0622606144568494,2.174623115577889,748800000.0,1988200000.0,621200000.0,1832100000.0,248300000.0,94400000.0,0.0,38.0407354001442,334.7859922178988,0.0,2.3658848614072494,0.2688284518828452,0.0,0.057519292301901,0.1662156938538848,2008-10-24,0.56,bmo,555900000.0,2025-04-24,2008-09-30,0.0,57.06546875,3535135.609375
2008-06-30,TROW,USD,1113169,2008-07-25,2008-07-25 14:10:28,2008,Q2,586500000.0,24900000.0,561600000.0,0.957544757,0,218000000.0,20200000.0,238200000.0,64800000.0,303000000.0,327900000.0,0.0,0.0,15700000.0,274300000.0,0.4676896846,258600000.0,0.4409207161,7800000.0,266400000.0,0.4542199488,104200000.0,162200000.0,0.2765558397,0.62,0.59,259600000,272400000,https://www.sec.gov/Archives/edgar/data/1113169/000095013308002504/0000950133-08-002504-index.htm,https://www.sec.gov/Archives/edgar/data/1113169/000095013308002504/w63977e10vq.htm,2.25924499229584,0.6248073959938367,0.7496147919876733,0.6587057010785824,2.6240369799691834,10.21648690292758,7.641371340523883,10.21648690292758,0.0,14659612000.0,13978412000.0,22.59496300863132,24.99507587382779,75.3320246659815,85.72872514619883,5.527340321242741,5.527340321242741,23.833609548167093,50.96030623405031,71.83151079136691,81.74509941520468,0.0110644128916918,0.0116647016305752,0.0,0.0,-2.4834123222748814,3.314476458186929,0.0,1.1997533908754625,0.0042497714127768,0.3840937114673243,0.371696504688832,0.0,0.219194701291888,0.1212744090441932,0.0402387041773231,1.5031847133757965,0.0356351236146632,11.984367860071917,0.0569401493204473,0.0681140553479192,1.8496725731895225,658700000.0,1983700000.0,545700000.0,1709900000.0,260600000.0,95950000.0,0.0,40.21994884910486,336.86746987951807,0.0,2.237695536054941,0.2671673819742489,0.0,0.0611567755071261,0.0909090909090909,2008-07-25,0.6,bmo,587700000.0,2025-04-24,2008-06-30,0.0,58.1271875,2366841.28125
2008-03-31,TROW,USD,1113169,2008-04-24,2008-04-24 13:08:36,2008,Q1,559100000.0,25100000.0,534000000.0,0.955106421,0,207400000.0,36500000.0,243900000.0,60000000.0,303900000.0,329000000.0,0.0,0.0,15200000.0,245300000.0,0.4387408335,230100000.0,0.4115542837,14300000.0,244400000.0,0.4371311036,92900000.0,151500000.0,0.2709712037,0.58,0.55,261700000,273500000,https://www.sec.gov/Archives/edgar/data/1113169/000095013308001597/0000950133-08-001597-index.htm,https://www.sec.gov/Archives/edgar/data/1113169/000095013308001597/w55353e10vq.htm,2.1364157432174244,0.5789071455865494,0.9881543752388232,0.8739014138326328,2.3316774933129536,9.85212074894918,7.297286969812763,9.85212074894918,0.0,13085000000.0,12474800000.0,21.59240924092409,23.40368449293507,50.59938128383604,57.21469173589856,5.075049451188767,5.075049451188767,22.312287605079597,50.85527924989808,48.23975251353442,54.54656755574989,0.0115781429117309,0.0174780282766526,0.0,0.0,-2.4875662454137792,3.429191321499014,0.0,1.706930693069307,0.009636988918609,0.8323432343234324,0.3709533178322303,0.0,0.2266901742727334,0.1156225831399845,0.0534788052226793,1.9671052631578947,0.0329100339831872,11.328191372272723,0.0529083565035321,0.0664240617327253,1.6561902942300344,615800000.0,1909700000.0,498200000.0,1655600000.0,262200000.0,99100000.0,0.0,41.70810230727956,353.9043824701195,0.0,2.157854110382092,0.254305977710233,0.0,0.0587596478299654,0.1142529614061902,2008-04-24,0.56,bmo,570589090.0,2025-04-24,2008-03-31,-0.0178571428571428,50.58639344262295,3399333.229508197
2007-12-31,TROW,USD,1113169,2008-02-07,2008-02-07 10:57:39,2007,Q4,597800000.0,-995600000.0,1593400000.0,2.6654399465,0,10600000.0,25200000.0,35800000.0,299400000.0,335200000.0,335200000.0,0.0,0.0,13700000.0,276300000.0,0.462194714,262600000.0,0.4392773503,39000000.0,301600000.0,0.5045165607,110900000.0,190700000.0,0.319003011,0.73,0.7,261700000,273500000,https://www.sec.gov/Archives/edgar/data/1113169/000095013308000389/0000950133-08-000389-index.htm,https://www.sec.gov/Archives/edgar/data/1113169/000095013308000389/w47962e10vk.htm,2.284294994268246,0.7286969812762706,0.2705387848681697,0.1069927397783721,6.829575850210165,10.61176920137562,8.068016813144823,10.61176920137562,0.0,15932296000.0,15147196000.0,20.886596748820136,26.65154901304784,225.03242937853108,569.0105714285714,5.737026394440243,5.737026394440243,25.338233522917363,54.82155627940645,213.9434463276836,540.9712857142857,0.0119693985097941,0.001757436592943,0.0,0.0,-2.8414766558089037,2.074851346624694,0.0,0.3712637650760356,0.0028181751079693,0.2354483481908757,0.0177316828370692,0.0,0.209517514871117,0.6045197740112994,0.0715958514553362,3.124087591240876,0.0,13.19042054365461,0.0682115344841752,0.0759276954929128,6.060661062285059,307300000.0,2111400000.0,193000000.0,1331300000.0,259150000.0,92550000.0,0.0,39.94145199063232,-8.994576134993974,0.0,2.253298153034301,-10.00603015075377,0.0,0.068668755176263,0.1635460450897974,2008-01-29,0.63,bmo,554955882.0,2025-04-24,2007-12-31,0.0793650793650794,60.25125,1789752.46875
2007-09-30,TROW,USD,1113169,2007-10-23,2007-10-23 15:44:11,2007,Q3,571000000.0,24800000.0,546200000.0,0.9565674256,0,208800000.0,18400000.0,227200000.0,55200000.0,282400000.0,307200000.0,0.0,0.0,12200000.0,276000000.0,0.4833625219,263800000.0,0.4619964974,17900000.0,281700000.0,0.4933450088,106900000.0,174800000.0,0.3061295972,0.66,0.63,264200000,278200000,https://www.sec.gov/Archives/edgar/data/1113169/000095013307004213/0000950133-07-004213-index.htm,https://www.sec.gov/Archives/edgar/data/1113169/000095013307004213/w41290e10vq.htm,2.161241483724451,0.6616199848599545,1.0045420136260408,0.838001514004542,6.996214988644966,10.123012869038607,7.591218773656321,10.123012869038607,0.0,15265476000.0,14417776000.0,21.832774599542336,26.73463397548161,57.51874905802563,68.94975609756098,5.707786876051598,5.707786876051598,25.25004553415061,52.23831884057971,54.32470233609646,65.12093947606142,0.0114506747120102,0.0145033145379809,0.0,0.0,-3.071376811594203,5.760416666666667,0.0,1.5183066361556063,0.0029543788873664,0.2580091533180778,0.3656742556917688,0.0,0.2124706181309955,0.1657874905802562,0.0770577933450087,3.6666666666666665,0.0,12.275818566429088,0.0437962122096274,0.0705037712257492,5.921461014383043,1736600000.0,2005600000.0,1627700000.0,2736900000.0,250900000.0,92250000.0,0.0,39.87740805604203,310.64516129032256,0.0,2.2569169960474307,0.2897196261682243,0.0,0.0653580108431482,0.1665404996214988,2007-10-23,0.63,bmo,572200000.0,2025-04-24,2007-09-30,0.0,52.19126984126984,1875830.761904762
2007-06-30,TROW,USD,1113169,2007-07-25,2007-07-25 16:01:52,2007,Q2,551100000.0,22700000.0,528400000.0,0.9588096534,0,197000000.0,21900000.0,218900000.0,58400000.0,277300000.0,300000000.0,0.0,0.0,14200000.0,265300000.0,0.4814008347,251100000.0,0.4556341862,11700000.0,262800000.0,0.4768644529,100600000.0,162200000.0,0.29432045,0.61,0.58,265400000,280000000,https://www.sec.gov/Archives/edgar/data/1113169/000095013307003050/0000950133-07-003050-index.htm,https://www.sec.gov/Archives/edgar/data/1113169/000095013307003050/w37526e10vq.htm,2.076488319517709,0.6111529766390355,0.6785983421250942,0.5584024114544084,6.757724189902035,9.940844009042952,7.419743782969103,9.940844009042952,0.0,13771606000.0,12876406000.0,21.226273119605423,24.989305026311012,76.46644086618545,92.92581646423751,5.219878709775235,5.219878709775235,23.36491743785157,48.53526573690162,71.49586896168795,86.885330634278,0.0117778565550016,0.0107612721421161,0.0,0.0,-3.374293252921221,6.18503937007874,0.0,1.1103575832305794,0.003282115390173,0.2786683107274969,0.3574668844129922,0.0,0.2174874045181212,0.1771238200999444,0.0578842315369261,2.2785714285714285,0.0,11.6917051427367,0.0433131458380949,0.0673755919248982,5.809721175584024,1712100000.0,1969200000.0,1604100000.0,2679800000.0,236000000.0,91850000.0,0.0,40.6314643440392,392.11453744493394,0.0,2.215032154340836,0.2295247724974722,0.0,0.0614789826782397,0.1201959306706857,2007-07-25,0.58,bmo,552300000.0,2025-04-24,2007-06-30,0.0,50.35301587301587,1257157.6825396826
2007-03-31,TROW,USD,1113169,2007-04-25,2007-04-25 16:35:06,2007,Q1,508400000.0,21400000.0,487000000.0,0.9579071597,0,184200000.0,31800000.0,216000000.0,52100000.0,268100000.0,289500000.0,0.0,0.0,13800000.0,232700000.0,0.4577104642,218900000.0,0.4305664831,11800000.0,230700000.0,0.4537765539,87800000.0,142900000.0,0.2810778914,0.54,0.51,265400000,279800000,https://www.sec.gov/Archives/edgar/data/1113169/000095013307001865/0000950133-07-001865-index.htm,https://www.sec.gov/Archives/edgar/data/1113169/000095013307001865/w33966e10vq.htm,1.9155990957045967,0.5384325546345139,0.9107008289374529,0.8093443858327054,6.466088922381311,9.60361718161266,7.081763376036172,9.60361718161266,0.0,12524226000.0,11613126000.0,21.910822253324003,24.634590873328087,51.81723624327679,58.30645251396648,4.913773540489641,4.913773540489641,22.842498033044848,49.90599914052428,48.04768721555647,54.06483240223464,0.0114098867267326,0.0171507604541789,0.0,0.0,-3.9153416415986246,6.569444444444445,0.0,1.6913925822253324,0.0036010209333494,0.3156053184044786,0.3623131392604248,0.0,0.2263136538851694,0.1112949937939594,0.0529110936270653,1.9492753623188408,0.033044846577498,10.78634567351804,0.0399148819319527,0.0624535640924784,5.557272042200452,1644100000.0,1879500000.0,1530700000.0,2592000000.0,111600000.0,81000000.0,0.0,39.512195121951216,356.6355140186916,0.0,2.2777777777777777,0.2523584905660377,0.0,0.0560655994978028,0.1013564431047475,2007-04-25,0.53,bmo,529584313.0,2025-04-24,2007-03-31,-0.0377358490566038,47.64590163934427,1273124.049180328
2006-12-31,TROW,USD,1113169,2007-02-08,2007-02-08 10:47:55,2006,Q4,489056000.0,-820344000.0,1309400000.0,2.6774029968,0,0.0,30786000.0,30786000.0,243332000.0,274118000.0,274118000.0,0.0,0.0,13336000.0,228274000.0,0.4667645423,214938000.0,0.4394956815,23344000.0,238282000.0,0.4872284565,89277000.0,149005000.0,0.3046788098,0.56,0.53,265400000,279800000,https://www.sec.gov/Archives/edgar/data/1113169/000095013307000416/0000950133-07-000416-index.htm,https://www.sec.gov/Archives/edgar/data/1113169/000095013307000416/w29775e10vk.htm,1.842712886209495,0.5614355689525244,0.2595440844009043,0.1642426525998492,5.785229841748304,9.144310474755086,6.62207987942728,9.144310474755086,0.0,11616558000.0,10843558000.0,19.490215093453244,23.753022148792777,168.6418709986499,266.4959394356504,4.786582883513948,4.786582883513948,22.172426061637115,47.50237872030981,157.41994396295166,248.76251433815096,0.0128269492563976,0.0037524023897612,0.0,0.0,-3.3862813986700195,7.683937823834197,0.0,0.4622865004530049,0.0031707326731377,0.2471930472131807,0.0,0.0,0.2420713846598922,0.3671878402508601,0.051718003664202,1.8965956808638271,0.00654321795459,10.747728874819767,0.2387764878728503,0.0710935636242187,4.510173323285606,516000000.0,1757500000.0,254800000.0,1231900000.0,98431500.0,75646500.0,0.0,0.0,-8.469617623826101,0.0,0.0,-10.62621761658031,0.0,0.0613972557583748,0.095301431801055,2007-01-26,0.51,bmo,471701886.0,2025-04-24,2006-12-31,0.0392156862745098,45.57142857142857,1323863.396825397
2006-09-30,TROW,USD,1113169,2006-10-25,2006-10-25 15:33:33,2006,Q3,451751000.0,52807000.0,398944000.0,0.8831059588,0,0.0,17400000.0,17400000.0,232600000.0,250000000.0,250000000.0,0.0,0.0,11000000.0,211600000.0,0.4683996272,200600000.0,0.4440499302,17000000.0,217600000.0,0.4816812802,89300000.0,128300000.0,0.2840060122,0.49,0.46,262300000,277630000,https://www.sec.gov/Archives/edgar/data/1113169/000095013306004554/0000950133-06-004554-index.htm,https://www.sec.gov/Archives/edgar/data/1113169/000095013306004554/w26260e10vq.htm,1.7222683949675943,0.4891345787266489,0.6414220358368281,0.5496263820053374,5.3494166984369045,8.640819672131148,6.090381242851697,8.640819672131148,0.0,12551055000.0,11674847000.0,24.456459469992204,27.783126102653892,74.59986923831318,87.05913974765376,5.537669088770419,5.537669088770419,25.843544341905165,55.17413516068053,69.3919403251211,80.9814104476059,0.0102222482492507,0.0114864447650018,0.0,0.0,-4.140869565217392,5.754497457255274,0.0,1.3124658709727748,0.0029399918970955,0.2876071706936867,0.0,0.0,0.251902788974838,0.1431127225177568,0.0532992732722229,2.1715367965367967,0.0,9.751757945574132,0.0427166693392447,0.0645785757177508,4.428437857415173,1321969000.0,1597507000.0,1210795000.0,2241918000.0,189903500.0,85614500.0,0.0,39.21999065857076,126.27814494290529,0.0,2.294748124330118,0.7127124019812938,0.0,0.0566074281476134,0.0917956538314906,2006-10-25,0.49,bmo,481265217.0,2025-04-24,2006-09-30,-0.0612244897959183,42.05555555555556,1134396.238095238
2006-06-30,TROW,USD,1113169,2006-07-27,2006-07-27 16:41:37,2006,Q2,446000000.0,0.0,446000000.0,1.0,0,0.0,21100000.0,21100000.0,232000000.0,253100000.0,253100000.0,0.0,0.0,11000000.0,203900000.0,0.4571748879,192900000.0,0.4325112108,23500000.0,216400000.0,0.4852017937,80700000.0,135700000.0,0.3042600897,0.51,0.49,264800000,279700000,https://www.sec.gov/Archives/edgar/data/1113169/000095013306003412/0000950133-06-003412-index.htm,https://www.sec.gov/Archives/edgar/data/1113169/000095013306003412/w23613e10vq.htm,1.6842900302114805,0.5124622356495468,0.6605098187311178,0.5722167673716012,4.980608006042296,8.103768882175226,5.5768731117824775,8.103768882175226,0.0,10012088000.0,9197643000.0,18.44526160648489,22.448627802690584,57.24366077197075,66.07635804465329,4.665730297808171,4.665730297808171,20.62251793721973,45.10859735164296,52.58710828287679,60.70129947268732,0.0135536163885095,0.0151340060135308,0.0,0.0,-3.994335458558117,0.0,0.0,1.2887901496562548,0.0036955328399031,0.2726602800294768,0.0,0.0,0.2678388584539589,0.133674093640475,0.0524215246636771,2.132822477650064,0.0,9.6664212181811,0.04841981156335,0.0741893298576789,4.16814577039275,1501809000.0,1476756000.0,1149461000.0,2409774000.0,186014000.0,81383000.0,0.0,36.91695067264574,0.0,0.0,2.4379044953647018,0.0,0.0,0.0632375186287384,0.0882930513595166,2006-07-27,0.46,bmo,419632653.0,2025-04-24,2006-06-30,0.0652173913043477,39.56333333333333,1592142.2063492064
2006-03-31,TROW,USD,1113169,2006-04-26,2006-04-26 13:27:16,2006,Q1,430303000.0,51698000.0,378605000.0,0.8798567521,0,0.0,28000000.0,28000000.0,222800000.0,250800000.0,250800000.0,0.0,0.0,11100000.0,189600000.0,0.4406197493,178500000.0,0.4148239729,7600000.0,186100000.0,0.4324859459,69400000.0,116700000.0,0.2712042445,0.44,0.42,264000000,277900000,https://www.sec.gov/Archives/edgar/data/1113169/000095013306002031/0000950133-06-002031-index.htm,https://www.sec.gov/Archives/edgar/data/1113169/000095013306002031/w20286e10vq.htm,1.629935606060606,0.4420454545454545,0.6862462121212122,0.6042424242424242,5.115909090909091,8.225030303030303,5.703469696969697,8.225030303030303,0.0,10325040000.0,9391749000.0,22.11876606683805,23.994812957381196,56.99120710496828,64.72567703109328,4.754997678925379,4.754997678925379,21.82589710041529,49.53454113924051,51.8397131959662,58.875056419257774,0.0113026196508681,0.015449819080604,0.0,0.0,-4.922420886075949,7.079430034898637,0.0,1.552433590402742,0.003573836033565,0.3161953727506427,0.0,0.0,0.266882730551444,0.119496161043004,0.0503110598810605,1.94790354507828,0.0,9.044685640001331,0.0425383964442211,0.0638181985221739,4.429912878787879,1322197000.0,1505716000.0,1216768000.0,2214059000.0,94542000.0,64065000.0,0.0,39.54785348928546,114.25393632248829,0.0,2.2757240168390767,0.7877190309309767,0.0,0.0537439302056545,0.0820037878787878,2006-04-26,0.41,bmo,420054761.0,2025-04-24,2006-03-31,0.024390243902439,37.95741935483871,1092179.5483870967
2005-12-31,TROW,USD,1113169,2006-02-16,2006-02-16 09:27:55,2005,Q4,402844000.0,-697926000.0,1100770000.0,2.7324969467,0,0.0,28437000.0,28437000.0,202033000.0,230470000.0,230470000.0,0.0,0.0,11203000.0,183577000.0,0.4557024555,172374000.0,0.427892683,12608000.0,184982000.0,0.459190158,67434000.0,117548000.0,0.2917953352,0.45,0.42,264030000,277962000,https://www.sec.gov/Archives/edgar/data/1113169/000095013306000779/0000950133-06-000779-index.htm,https://www.sec.gov/Archives/edgar/data/1113169/000095013306000779/w17533e10vk.htm,1.52575086164451,0.4452069840548422,0.2405862970117032,0.1897625269855698,4.479278869825398,7.711623679127372,5.190349581486952,7.711623679127372,0.0,9510360600.0,8706771600.0,20.22654702759724,23.60804827675229,149.7175876074431,189.81619064726664,4.670871077059084,4.670871077059084,21.613258730426665,47.42844473980945,137.0670255974308,173.7774504520687,0.012359994004854,0.0052682544971007,0.0,0.0,-4.37739477167619,5.984745518796271,0.0,0.540392010072481,0.0031499331371304,0.2548490829278252,0.0,0.0,0.2881159922094785,0.211249645792009,0.0333106611988759,1.1978041596001072,0.0,8.789115211890193,0.3113954878809084,0.0714660920909917,3.4400030299587168,311741000.0,1370408000.0,99880000.0,1017451000.0,83740500.0,55604500.0,0.0,0.0,-8.059593710507992,0.0,0.0,-11.166816,0.0,0.0577319385098963,0.0508237700261333,2006-01-27,0.42,bmo,394409302.0,2025-04-24,2005-12-31,0.0238095238095238,34.41555555555555,1030682.6349206348
2005-09-30,TROW,USD,1113169,2005-10-26,2005-10-26 12:45:55,2005,Q3,389605000.0,50651000.0,338954000.0,0.8699939682,0,0.0,15394000.0,15394000.0,193457000.0,208851000.0,208851000.0,0.0,0.0,10795000.0,190647000.0,0.4893340691,179852000.0,0.4616265192,4369000.0,184221000.0,0.472840441,67886000.0,116335000.0,0.2985972973,0.45,0.43,260012000,272865000,https://www.sec.gov/Archives/edgar/data/1113169/000095013305004723/0000950133-05-004723-index.htm,https://www.sec.gov/Archives/edgar/data/1113169/000095013305004723/w13976e10vq.htm,1.4984116117717643,0.4474216574619633,0.712301739919696,0.6596541698075473,4.3864590865037,7.3483377690260445,4.7881020875959575,7.3483377690260445,0.0,8489391800.0,7717017800.0,18.243417286285297,21.78974037807523,45.83731608416528,49.495631945335184,4.443181713505728,4.443181713505728,19.8072863541279,40.47804476335846,41.666987748843184,44.99246609685281,0.0137035729697385,0.0202038030568927,0.0,0.0,-4.051330469401564,5.774968321876228,0.0,1.592014441053853,0.003513208095779,0.2563716852194094,0.0,0.0,0.2975026814444047,0.0739118931789835,0.0351355860422735,1.2680870773506252,0.0,8.60090826277548,0.0488255907991502,0.0740087842291024,3.612136170638278,1081516000.0,1244964000.0,981069000.0,1957999000.0,166037500.0,44972500.0,0.0,38.68864619293901,86.54932775266036,0.0,2.326263874708176,1.0398694286476833,0.0,0.0608874648288336,0.0526475701121486,2005-10-26,0.41,bmo,371479069.0,2025-04-24,2005-09-30,0.048780487804878,32.31578125,1059238.25
2005-06-30,TROW,USD,1113169,2005-07-27,2005-07-27 15:37:49,2005,Q2,364458000.0,48577000.0,315881000.0,0.8667144088,0,0.0,18823000.0,18823000.0,189202000.0,208025000.0,208025000.0,0.0,0.0,10502000.0,166023000.0,0.455533971,155521000.0,0.4267185794,5426000.0,160947000.0,0.4416064402,58198000.0,102749000.0,0.2819227456,0.4,0.38,259630000,271431000,https://www.sec.gov/Archives/edgar/data/1113169/000095013305003254/0000950133-05-003254-index.htm,https://www.sec.gov/Archives/edgar/data/1113169/000095013305003254/w11205e10vq.htm,1.403759195778608,0.3957516465739706,0.5441281824134345,0.5019296691445518,3.779097176751531,6.937295381889612,4.373292762777799,6.937295381889612,0.0,8126419000.0,7502385000.0,19.772501435537084,22.29727156489911,57.52321054419843,62.35933423370883,4.511844786328583,4.511844786328583,20.58504683667254,45.1888292585967,53.1059587179342,57.5707127290586,0.0126438225742482,0.0160360916659601,0.0,0.0,-3.758720177324829,6.819843575152973,0.0,1.3749233569183157,0.0036857562968387,0.2915064866811356,0.0,0.0,0.3218583980087764,0.0775525227929101,0.0300610769965263,1.0432298609788613,0.0,7.859550660084734,0.0449484359289133,0.0732569314921601,3.225615298694296,977757000.0,1135438000.0,878615000.0,1851732000.0,164936000.0,44321000.0,0.0,40.645177222066735,76.39911892459394,0.0,2.2142848463491984,1.1780240566495297,0.0,0.0570469649608856,0.0421985132688826,2005-07-27,0.37,bmo,354907894.0,2025-04-24,2005-06-30,0.027027027027027,29.33609375,1234899.375
2005-03-31,TROW,USD,1113169,2005-04-26,2005-04-26 15:36:37,2005,Q1,357071000.0,0.0,357071000.0,1.0,0,0.0,23471000.0,23471000.0,186319000.0,209790000.0,209790000.0,0.0,0.0,9772000.0,157053000.0,0.4398368952,147281000.0,0.4124697889,1960000.0,149241000.0,0.4179588933,54944000.0,94297000.0,0.2640847338,0.36,0.35,260532000,273484000,https://www.sec.gov/Archives/edgar/data/1113169/000095013305001706/0000950133-05-001706-index.htm,https://www.sec.gov/Archives/edgar/data/1113169/000095013305001706/w08120e10vq.htm,1.370545652741314,0.3619401839313405,0.5737529362995717,0.5210223696129458,3.505554020235518,6.7336258118004695,4.178500145855404,6.7336258118004695,0.0,7735195080.0,7152704080.0,20.50753226507736,21.66290480044585,51.74701186103919,56.98411763405848,4.40921441580095,4.40921441580095,20.0316017822786,45.54325024036472,47.85025575156709,52.69298659967733,0.0121906427730326,0.0175487493975394,0.0,0.0,-3.7088817150898095,0.0,0.0,1.585214800046661,0.0038525208080466,0.3160227790915936,0.0,0.0,0.3322303771112129,0.0919046567791224,0.0384741409971686,1.4058534588620548,0.0,7.405154941598277,0.0464432337674785,0.0704753462968249,3.0241448267391338,1078587000.0,1088633000.0,829206000.0,1951956000.0,82639000.0,50789000.0,0.0,41.65843767766074,0.0,0.0,2.1604266750565717,0.0,0.0,0.0537511578527353,0.0527305666866258,2005-04-26,0.35,bmo,358000000.0,2025-04-24,2005-03-31,0.0,30.15639344262295,1258008.0983606558
2004-12-31,TROW,USD,1113169,2005-03-01,2005-03-01 16:28:34,2004,Q4,345498000.0,-510080000.0,855578000.0,2.4763616577,0,0.0,24140000.0,24140000.0,177868000.0,202008000.0,202008000.0,0.0,0.0,9964000.0,153454000.0,0.4441530776,143490000.0,0.4153135474,5786000.0,149276000.0,0.4320603882,52144000.0,97132000.0,0.281136215,0.37,0.36,260532000,273484000,https://www.sec.gov/Archives/edgar/data/1113169/000095013305000815/0000950133-05-000815-index.htm,https://www.sec.gov/Archives/edgar/data/1113169/000095013305000815/w05557e10vk.htm,1.32612500575745,0.3728217646968511,0.117766723473508,0.0863272074063838,3.1818893648381006,6.514746748959821,3.9596210830147545,6.514746748959821,0.0,8102545200.0,7602795200.0,20.854469175966727,23.45178611743049,264.08138973991265,360.2572228891557,4.773784952571732,4.773784952571732,22.00532333038107,49.5444576224797,247.79333811355195,338.03722377840023,0.0119878380931463,0.002775794450366,0.0,0.0,-3.256676267806639,6.909104334342465,0.0,0.3158794218177326,0.0029954785071732,0.2498764567804637,0.0,0.0,0.3451282516558008,0.266964343914999,0.0237078072810841,0.822059413890004,0.0,7.392488487563316,0.2592623781154967,0.0768976821918198,2.293226935654737,320108000.0,1031608000.0,142755000.0,1025818000.0,70180500.0,50408000.0,0.0,0.0,-9.558265370138017,0.0,0.0,-9.415934431071404,0.0,0.0572273611029281,0.0314395160671241,2005-01-28,0.33,bmo,314089090.0,2025-04-24,2004-12-31,0.0909090909090908,28.6553125,1273542.6875
2004-09-30,TROW,USD,1113169,2004-10-26,2004-10-26 16:28:25,2004,Q3,317036000.0,44324000.0,272712000.0,0.8601925333,0,0.0,12952000.0,12952000.0,172362000.0,185314000.0,185314000.0,0.0,0.0,10083000.0,140997000.0,0.4447349828,130914000.0,0.4129310236,1426000.0,132340000.0,0.4174289355,49815000.0,82525000.0,0.2603016692,0.33,0.31,254858000,266610000,https://www.sec.gov/Archives/edgar/data/1113169/000095013304003921/0000950133-04-003921-index.htm,https://www.sec.gov/Archives/edgar/data/1113169/000095013304003921/w67950e10vq.htm,1.2439711525633883,0.3238077674626655,0.5208625979957466,0.4687198361440488,3.06049643330796,6.146442332593052,3.5344309380125405,6.146442332593052,0.0,6491233260.0,6001172260.0,19.664444895486216,20.474751321616477,48.89965241890528,54.33949672267008,4.14386056547524,4.14386056547524,18.92899311119242,42.56241097328312,45.20793289439983,50.23709167315436,0.0127133006463551,0.0184028204218315,0.0,0.0,-3.475683879798861,5.1126745697556855,0.0,1.6085549833383823,0.0037237916173728,0.2929051802484095,0.0,0.0,0.3611332026287037,0.1001084778449068,0.0419163754273962,1.317960924328077,0.0,6.691859219603093,0.0455897659880789,0.0700759988111917,2.387175407481813,740339000.0,900778000.0,643481000.0,1611713000.0,138160500.0,44460000.0,0.0,39.84560113047099,94.71076617633788,0.0,2.2587185899217017,0.9502615556127262,0.0,0.0526821452054619,0.0521427618516978,2004-10-26,0.32,bmo,327225806.0,2025-04-24,2004-09-30,-0.03125,24.12984375,1241497.8125
2004-06-30,TROW,USD,1113169,2004-07-28,2004-07-28 11:25:46,2004,Q2,310472000.0,42614000.0,267858000.0,0.8627444665,0,0.0,16117000.0,16117000.0,165541000.0,181658000.0,181658000.0,0.0,0.0,9843000.0,137857000.0,0.4440239377,128014000.0,0.4123205957,471000.0,128485000.0,0.4138376408,48221000.0,80264000.0,0.2585225077,0.32,0.3,253952000,267026000,https://www.sec.gov/Archives/edgar/data/1113169/000095013304002895/0000950133-04-002895-index.htm,https://www.sec.gov/Archives/edgar/data/1113169/000095013304002895/w99390e10vq.htm,1.222561743951613,0.3160597278225806,0.4730382119455645,0.4223396547379032,2.6728358114919355,5.89899666078629,3.2776666456653225,5.89899666078629,0.0,6399590400.0,6004348400.0,19.93294129373069,20.61245587363756,53.27265189920835,59.66761519383893,4.2719129114816345,4.2719129114816345,19.33941997990157,43.55490399471917,49.982505473282885,55.982512540324834,0.0125420526913722,0.0167595101086469,0.0,0.0,-2.8670433855371877,5.8650100061908805,0.0,1.4966734775241703,0.003749771235359,0.2989758795973288,0.0,0.0,0.3852081086210807,0.1071764519807873,0.0414691179880955,1.3080361678350096,0.0,6.476866046034502,0.0464077653434658,0.0755465699839238,2.168394027217742,675818000.0,832370000.0,584658000.0,1543985000.0,134432500.0,44265000.0,0.0,39.41224973588601,89.28615009151922,0.0,2.283553986466608,1.0079950799507995,0.0,0.053578556828756,0.0506985572076612,2004-07-27,0.31,bmo,320850000.0,2025-04-24,2004-06-30,-0.032258064516129,24.90935483870968,1391354.741935484
2004-03-31,TROW,USD,1113169,2004-04-28,2004-04-28 11:32:05,2004,Q1,306476000.0,41823000.0,264653000.0,0.863535807,0,0.0,21059000.0,21059000.0,161731000.0,182790000.0,182790000.0,0.0,0.0,10128000.0,132989000.0,0.4339295736,122861000.0,0.4008829403,821000.0,123682000.0,0.4035617797,46343000.0,77339000.0,0.2523492867,0.31,0.29,252192000,267554000,https://www.sec.gov/Archives/edgar/data/1113169/000095013304001601/0000950133-04-001601-index.htm,https://www.sec.gov/Archives/edgar/data/1113169/000095013304001601/w96684e10vq.htm,1.215248699403629,0.3066671424946073,0.3597378188047202,0.3251847798502728,2.3166278073848496,5.630440299454384,2.9908165207460984,5.630440299454384,0.0,6789008640.0,6482089640.0,21.945618122809968,22.15184432059933,74.83227671042624,82.7837022765794,4.781153616460275,4.781153616460275,21.150398856680457,48.7415473460211,71.44924263968343,79.04119840505311,0.0113917957836035,0.0120796723569937,0.0,0.0,-2.3078525291565466,6.077818175654488,0.0,1.1730562846687955,0.0034944719115867,0.3067533844502773,0.0,0.0,0.4073945103587893,0.0960506156101539,0.0284328952348634,0.860387045813586,0.0,6.232984706098157,0.0471236696701097,0.0798683508015337,1.86303590121812,599147000.0,754260000.0,503069000.0,1464262000.0,66452500.0,46976500.0,0.0,39.02899411373158,99.53518398967076,0.0,2.3059779541777963,0.9042028797509404,0.0,0.0544659256087529,0.0345530389544474,2004-04-27,0.28,bmo,295931034.0,2025-04-24,2004-03-31,0.0357142857142855,26.07725806451613,1548533.1935483871
2003-12-31,TROW,USD,1113169,2004-03-01,2004-03-01 10:42:48,2003,Q4,281961000.0,0.0,281961000.0,1.0,0,0.0,20383000.0,20383000.0,151328000.0,171711000.0,171711000.0,0.0,0.0,10446000.0,123984000.0,0.4397203869,110250000.0,0.3910115229,997000.0,111247000.0,0.3945474729,42600000.0,68647000.0,0.2434627484,0.27,0.26,252192000,267554000,https://www.sec.gov/Archives/edgar/data/1113169/000095013304000683/0000950133-04-000683-index.htm,https://www.sec.gov/Archives/edgar/data/1113169/000095013304000683/w94682e10vk.htm,1.118041016368481,0.2722013386626062,0.2416095673137926,0.2015170980839994,2.0213884659307197,5.270111660956731,2.630487882248445,5.269794442329654,0.0,5979472320.0,5742939320.0,21.77616035660699,21.206735399576537,98.13353114947812,117.65751008441391,4.499226726862302,4.499226726862302,20.367849879947936,46.320003548845015,94.25161360204818,113.0032726628756,0.0114804444817632,0.0084992449634753,0.0,0.0,-1.9077703574654792,6.22560221388289,0.0,0.8876134426850408,0.0035372686531643,0.3081125176628257,0.0,0.0,0.4304292641103546,0.1659390796297511,0.0358595692312057,0.9679303082519624,0.0,5.681110348142793,0.2309724588077826,0.077929582181556,1.158962219261515,249256000.0,663388000.0,79458000.0,960237000.0,57324000.0,41436000.0,0.0,0.0,0.0,0.0,0.0,0.0,0.0,0.0516531226486079,0.0400924692297931,2004-01-30,0.26,bmo,271116346.0,2025-04-24,2003-12-31,0.0384615384615384,21.3775,1637523.84375
2003-09-30,TROW,USD,1113169,2003-10-29,2003-10-29 15:24:13,2003,Q3,258268000.0,0.0,258268000.0,1.0,0,0.0,9885000.0,9885000.0,142853000.0,152738000.0,152738000.0,0.0,0.0,11287000.0,116817000.0,0.4523092292,105530000.0,0.4086065637,256000.0,105786000.0,0.4095977821,39495000.0,66291000.0,0.2566752366,0.27,0.26,248026000,260144000,https://www.sec.gov/Archives/edgar/data/1113169/000095013303003599/0000950133-03-003599-index.htm,https://www.sec.gov/Archives/edgar/data/1113169/000095013303003599/w91036e10vq.htm,1.0412940578810286,0.2672743986517542,0.4266004370509543,0.3939949843967971,1.896579390870312,5.100816043479313,2.416855490956593,5.100816043479313,0.0523977324957867,5119256640.0,4905746640.0,19.306001719690457,19.821490234949746,48.3825102071677,52.38645367935244,4.046411363214203,4.046411363214203,18.99479083742469,41.99514317265466,46.36460985936791,50.20155995128989,0.0129493410199493,0.0190889042827905,0.010272421520233,0.0085927432445209,-1.8277305529161,16.633468853950472,0.0,1.5961381807210742,0.004084968086304,0.3154576035962649,0.0,0.0,0.4401446934388758,0.0764308936942386,0.0313124351448882,0.7164879950385399,0.0,5.538469523678763,0.0447655175902661,0.0782890284819432,1.246171772314193,549876000.0,599443000.0,337745000.0,1417625000.0,110733000.0,36734000.0,0.0,39.9519878575743,0.0,0.0,2.252703928546508,0.0,0.0,0.0523983606492587,0.0326054526541572,2003-10-24,0.24,bmo,239169230.0,2025-04-24,2003-09-30,0.0833333333333334,20.695,1807630.46875
2003-06-30,TROW,USD,1113169,2003-07-29,2003-07-29 15:50:26,2003,Q2,238280000.0,34206000.0,204074000.0,0.8564461978,0,0.0,12392000.0,12392000.0,140254000.0,152646000.0,152646000.0,0.0,0.0,11705000.0,96521000.0,0.4050738627,84816000.0,0.355950982,1368000.0,86184000.0,0.3616921269,32409000.0,53775000.0,0.2256798724,0.22,0.21,245014000,253688000,https://www.sec.gov/Archives/edgar/data/1113169/000095013303002551/0000950133-03-002551-index.htm,https://www.sec.gov/Archives/edgar/data/1113169/000095013303002551/w88732e10vq.htm,0.9725158562367864,0.2194772543609753,0.2115348510697348,0.1778347359742708,1.5366264784869437,4.862105838850025,2.145150889336936,4.862105838850025,0.069869476846221,4628314460.0,4501290460.0,21.51703607624361,19.42384782608696,89.29970595612495,106.22221747911505,3.885147840481363,3.885147840481363,18.890760701695484,46.635348369784815,86.84887726948233,103.30695079408795,0.011618700601428,0.009414226361793,0.0143702089510142,0.012120589922047,-1.316024492079444,4.18924330415186,0.0,0.9637942576614102,0.0044862984525904,0.3861273826127382,0.0,0.0,0.4713230764873725,0.1593123540874799,0.0346525096525096,0.7054250320375908,0.0,4.900024173233595,0.0385681688349831,0.0720170671409324,0.9611797693193042,367943000.0,525592000.0,262207000.0,1238929000.0,101514500.0,51776500.0,0.0,40.34589558502602,100.75863883529205,0.0,2.2307101799322213,0.8932236584410498,0.0,0.0451403695508375,0.0337001150954639,2003-07-25,0.19,bmo,215604761.0,2025-04-24,2003-06-30,0.1052631578947368,16.352698412698413,1983083.2698412696
2003-03-31,TROW,USD,1113169,2003-05-02,2003-05-02 10:40:06,2003,Q1,219514000.0,0.0,219514000.0,1.0,0,0.0,16345000.0,16345000.0,138725000.0,155070000.0,155070000.0,0.0,0.0,11851000.0,76295000.0,0.3475632534,64444000.0,0.2935758084,-2145000.0,62299000.0,0.2838042221,23525000.0,38774000.0,0.1766356588,0.16,0.16,244884000,251038000,https://www.sec.gov/Archives/edgar/data/1113169/000095013303001637/0000950133-03-001637-index.htm,https://www.sec.gov/Archives/edgar/data/1113169/000095013303001637/w86005e10vq.htm,0.8963999281292367,0.1583361918296009,0.3200944120481534,0.2985045980954248,1.4435324480162035,4.630396432596658,1.911999150618252,4.630396432596658,0.1836175495336567,3320627040.0,3232720040.0,21.410139784391603,15.127176580992556,42.36250146709872,45.42643592935608,2.928474958330026,2.928474958330026,14.72671465145731,42.3713223671276,41.24103845074376,44.223861338732405,0.0116767103119174,0.0220136134288661,0.039654822693159,0.03249197907333,-1.152198702405138,3.786257935238352,0.0,2.02161242069428,0.0062774288557259,0.537602517150668,0.0,0.0,0.4810330375466081,0.0674482688235144,0.0240850241898011,0.4461226900683486,0.0,4.061537282910413,0.0302235110882369,0.053988649211627,0.7174264141389393,330935000.0,468218000.0,199739000.0,1205362000.0,96499000.0,54580000.0,0.0,39.44618566469565,0.0,0.0,2.281589423246822,0.0,0.0,0.0341949537441243,0.0215898139527286,2003-04-25,0.14,bmo,192062500.0,2025-04-24,2003-03-31,0.1428571428571427,13.403934426229508,1789697.508196721
2002-12-31,TROW,USD,1113169,2003-03-06,2003-03-06 09:00:59,2002,Q4,227261000.0,0.0,227261000.0,1.0,0,0.0,16943000.0,16943000.0,132542000.0,149485000.0,149485000.0,0.0,0.0,12124000.0,130681000.0,0.5750260713,77776000.0,0.3422320592,-7300000.0,70476000.0,0.3101104017,24310000.0,46166000.0,0.2031408821,0.19,0.18,244884000,251038000,https://www.sec.gov/Archives/edgar/data/1113169/000095013303000699/0000950133-03-000699-index.htm,https://www.sec.gov/Archives/edgar/data/1113169/000095013303000699/w83905e10vk.txt,0.9280353146796034,0.1885219124156743,0.0544257689354959,0.0277682494568857,1.3373597295045818,4.63253213766518,1.914134855686774,4.630763953545352,0.2282672612338903,3340217760.0,3284698760.0,18.088083004808738,14.697716546173783,250.61657863145257,491.20849411764704,2.945518306878307,2.945518306878307,14.453420340489568,25.135243531959503,246.450987394958,483.04393529411766,0.0138212545759292,0.0020357954147276,0.0492936507936507,0.040789297981003,-0.4248437033692733,9.664366088105323,0.0,0.2886973097084434,0.0058594982142721,0.4239483602651301,0.0,0.0,0.4857530430163313,0.4897959183673469,0.0287246821936011,0.5384361596832729,0.0,4.4319872202578185,0.0384068952126588,0.0655077539124302,0.6700652145505627,380383000.0,468741000.0,188285000.0,1261665000.0,97324000.0,41078000.0,0.0,38.32962980889814,0.0,0.0,2.3480529409941417,0.0,0.0,0.040710758377425,0.0266575194786102,2003-01-31,0.16,bmo,184649562.0,2025-04-24,2002-12-31,0.1875,13.92796875,1609209.6875
2002-09-30,TROW,USD,1113169,2002-10-31,2002-10-31 10:48:26,2002,Q3,220296000.0,0.0,220296000.0,1.0,0,0.0,10766000.0,10766000.0,137863000.0,148629000.0,148629000.0,0.0,0.0,12712000.0,84379000.0,0.3830255656,71667000.0,0.3253213858,-1337000.0,70330000.0,0.3192522788,27120000.0,43210000.0,0.1961451865,0.18,0.17,244792000,252102000,https://www.sec.gov/Archives/edgar/data/1113169/000095013302003560/0000950133-02-003560-index.htm,https://www.sec.gov/Archives/edgar/data/1113169/000095013302003560/w65029e10vq.txt,0.8999313703062192,0.176517206444655,0.2838205496911664,0.2551921631425863,0.9824953429850648,4.494869113369718,1.7754501781103955,4.494869113369718,0.2310573874963234,3055004160.0,2988149160.0,17.675330710483685,13.86772415295784,43.97144609007297,48.90432310425971,2.7764990893458927,2.7764990893458927,13.564246105240224,35.41342229701703,43.00918519797919,47.83411227969073,0.014144006926655,0.0204480899953995,0.0514046975937646,0.0411072301222874,-0.7923179938136267,2.2335753424657536,0.0,1.6078916917380237,0.0064143938841641,0.4535061328396204,0.0,0.0,0.4838095902577005,0.1008679131223282,0.0318117441987144,0.5512901195720579,0.0,4.225161432725818,0.0380585982171858,0.0608380758216167,0.1563480424196869,270153000.0,434616000.0,213523000.0,1156938000.0,101944000.0,42471000.0,0.0,39.98025384028761,0.0,0.0,2.2511112700667275,0.0,0.0,0.0392708223515597,0.02862838654858,2002-10-25,0.18,bmo,235376470.0,2025-04-24,2002-09-30,-0.0555555555555554,13.6928125,1392990.09375
2002-06-30,TROW,USD,1113169,2002-07-24,2002-07-24 14:21:56,2002,Q2,236123000.0,0.0,236123000.0,1.0,0,0.0,14436000.0,14436000.0,136910000.0,151346000.0,151346000.0,0.0,0.0,12991000.0,97768000.0,0.4140553864,84777000.0,0.3590374508,-1185000.0,83592000.0,0.35401888,31738000.0,51854000.0,0.2196058834,0.21,0.2,246272000,257360000,https://www.sec.gov/Archives/edgar/data/1113169/000095013302002688/0000950133-02-002688-index.htm,https://www.sec.gov/Archives/edgar/data/1113169/000095013302002688/w62259e10vq.txt,0.9587894685550936,0.2105558082120582,0.4007804378898129,0.3723159758316008,1.2252915475571726,4.440927104989605,1.7378508316008316,4.440927104989605,0.238679183991684,3945277440.0,3906481440.0,19.02108535503529,16.708569008525217,39.97201082055906,43.02796828478259,3.607354865609193,3.607354865609193,16.544264811136568,39.95664675558465,39.578944894175336,42.60485151214405,0.0131433088771571,0.0232406976174532,0.0537453505425738,0.0433352673729966,-0.396816954422715,2.2745120156939675,0.0,1.9034404288965168,0.0050310783720193,0.3827862845682107,0.0,0.0,0.4907781695825939,0.071022583357818,0.029687916890773,0.5396043414671696,0.0,4.586819966550164,0.0456304004811259,0.0750735838102587,0.4813793285472973,259873000.0,427984000.0,201048000.0,1152501000.0,109666500.0,43060000.0,0.0,40.41296273552344,0.0,0.0,2.2270082148886603,0.0,0.0,0.0474125792282175,0.028464462058212,2002-07-19,0.21,bmo,252839999.0,2025-04-24,2002-06-30,-0.0476190476190475,17.89375,1249918.75
2002-03-31,TROW,USD,1113169,2002-04-23,2002-04-23 00:00:00,2002,Q1,242149000.0,0.0,242149000.0,1.0,0,0.0,16911000.0,16911000.0,138947000.0,155858000.0,155858000.0,0.0,0.0,12751000.0,99042000.0,0.4090126327,86291000.0,0.3563549715,-1085000.0,85206000.0,0.3518742592,32182000.0,53024000.0,0.218972616,0.22,0.21,247062000,260376000,https://www.sec.gov/Archives/edgar/data/1113169/000095013302001578/0000950133-02-001578-index.htm,https://www.sec.gov/Archives/edgar/data/1113169/000095013302001578/w59941e10-q.txt,0.980114303292291,0.2146181930041852,0.355344002719965,0.3330783366118626,1.003387813585254,4.588945284989193,1.8945123086512696,4.588945284989193,0.2850741919032469,4797944040.0,4754929040.0,22.621567780627643,19.81401550285155,54.65126708583927,58.30460244741223,4.231909250154796,4.231909250154796,19.636376941469923,48.009218715292505,54.16130216876253,57.781884288682846,0.011051400257682,0.0171513046659043,0.0621219417968977,0.051741237246697,-0.4343106964722037,2.942049649904519,0.0,1.655703077851539,0.0041025905754415,0.3712281231140615,0.0,0.0,0.4890421505477455,0.0626594678330599,0.0227174177882213,0.4314171437534311,0.0,4.7073985129089895,0.0445963672927719,0.076236046491566,0.4266803474431519,305096000.0,468062000.0,234734000.0,1204116000.0,108653500.0,38436000.0,0.0,42.11266616835089,0.0,0.0,2.13712424761266,0.0,0.0,0.0467685229776477,0.0222656661081024,2002-04-18,0.21,bmo,242300000.0,2025-04-24,2002-03-31,0.0,19.147666666666662,1248700.0
2001-12-31,TROW,USD,1113169,2002-03-14,2002-03-14 00:00:00,2001,Q4,241266000.0,0.0,241266000.0,1.0,0,0.0,17201000.0,17201000.0,146582000.0,163783000.0,163783000.0,0.0,0.0,20358000.0,97841000.0,0.4055316539,77483000.0,0.3211517578,-1436000.0,76047000.0,0.3151998209,31041000.0,45006000.0,0.1865409962,0.18,0.17,247062000,260376000,https://www.sec.gov/Archives/edgar/data/1113169/000095013302000917/0000950133-02-000917-index.htm,https://www.sec.gov/Archives/edgar/data/1113169/000095013302000917/w58422e10-k.txt,0.9765403016246934,0.1821648007382762,-0.0889412374221855,-0.1060503031627688,0.8216075317126875,4.362568909828302,1.668135933490379,4.3632772340546095,0.4204976888392387,4288996320.0,4313144320.0,23.82458072257032,17.777044092412524,-195.18505142441063,-163.69590168314187,3.978660779220779,3.978660779220779,17.877132791193123,44.083199476702,-196.2839865295349,-164.61754589519484,0.0104933640978269,-0.006108888431035,0.0963719851576994,0.0791164521005395,0.2468085976226735,3.086742770167428,0.0,-0.488246011642892,0.0043247880427185,0.412145047327023,0.0,0.0,0.5069563594963122,-0.192363702557568,0.0175200815697197,0.2076333628057766,0.0,4.228924139532044,0.03880449258966,0.0695156026276483,0.1849687527827023,274198000.0,412133000.0,170308000.0,1181715000.0,103859500.0,39531500.0,0.0,38.79572753724105,0.0,0.0,2.319843078431938,0.0,0.0,0.0417495361781076,0.0171090657405833,2002-01-25,0.17,bmo,227073882.0,2025-04-24,2001-12-31,0.0588235294117645,15.4840625,1243490.625
2001-09-30,TROW,USD,1113169,2001-10-23,2001-10-23 00:00:00,2001,Q3,243618000.0,0.0,243618000.0,1.0,0,0.0,10315000.0,10315000.0,145609000.0,155924000.0,155924000.0,0.0,0.0,20220000.0,107914000.0,0.4429639846,87694000.0,0.3599651914,-2438000.0,85256000.0,0.3499577207,34858000.0,50398000.0,0.2068730554,0.21,0.2,246566000,258568000,https://www.sec.gov/Archives/edgar/data/1113169/000095013301502927/0000950133-01-502927-index.htm,https://www.sec.gov/Archives/edgar/data/1113169/000095013301502927/w54175e10-q.txt,0.9880437692139225,0.2043996333638863,0.5415872423610717,0.522971537032681,1.2046551430448642,4.328338051475061,1.5991620904747612,4.328338051475061,0.5697338643608608,3511099840.0,3470450840.0,17.416860986547086,14.412316988071488,26.2930861109655,27.22901533188054,3.289946356003115,3.289946356003115,14.245461501202705,32.159412495135015,25.988683585822656,26.913777288343272,0.0143539068373515,0.0367255292860028,0.1316287816675271,0.0987679059322474,-0.3766795781826269,2.328457595526561,0.0,2.6496487955871264,0.0052607447357577,0.3665026389936108,0.0,0.0,0.4731244032527733,0.0343724960123411,0.0188409723419451,0.2270029673590504,0.0,4.46161304831788,0.0429241121428528,0.0672536470537997,0.0800698393128006,285087000.0,394299000.0,144614000.0,1207694000.0,109802000.0,41029500.0,0.0,38.31662685023274,0.0,0.0,2.34884976571087,0.0,0.0,0.0472235834939529,0.0186157053283907,2001-10-19,0.19,bmo,231420000.0,2025-04-24,2001-09-30,0.0526315789473684,17.803220338983053,1224498.305084746
2001-06-30,TROW,USD,1113169,2001-07-26,2001-07-26 00:00:00,2001,Q2,262130000.0,0.0,262130000.0,1.0,0,0.0,15595000.0,15595000.0,155801000.0,171396000.0,171396000.0,0.0,0.0,20524000.0,111258000.0,0.4244382558,90734000.0,0.3461412276,-3896000.0,86838000.0,0.3312783733,35682000.0,51156000.0,0.1951550757,0.21,0.2,246164000,258116000,https://www.sec.gov/Archives/edgar/data/1113169/000095013301501971/0000950133-01-501971-index.htm,https://www.sec.gov/Archives/edgar/data/1113169/000095013301501971/w51768e10-q.txt,1.0648591995580183,0.2078126777270437,0.2841195300693846,0.2456695536309127,1.0381534261711705,4.233604426317415,1.4703084122779937,4.233604426317415,0.8738361417591525,4603266800.0,4692836800.0,22.49622136210806,17.561007133864877,65.81736917357735,76.11850847457627,4.417039977508273,4.417039977508273,17.902707816732157,42.17976954466196,67.09803831855876,77.599616370401,0.0111129774185584,0.0131374092850755,0.2064047685530354,0.1517256021391838,0.8050657031404483,2.98601246105919,0.0,1.3671905543826726,0.0040084576457745,0.3607006020799124,0.0,0.0,0.4797956179460647,0.1353302830997998,0.0361080379964139,0.4611674137595011,0.0,4.4492049993315606,0.0425147539205756,0.0693628451295095,-0.1344855462212184,318755000.0,361937000.0,103679000.0,1257237000.0,121503500.0,48500500.0,0.0,39.78842559035593,0.0,0.0,2.261964344269368,0.0,0.0,0.0490864655269195,0.0384499764384719,2001-07-20,0.18,bmo,235889999.0,2025-04-24,2001-06-30,0.1111111111111112,17.582222222222224,971520.6349206348
2001-03-31,TROW,USD,1113169,2001-04-24,2001-04-24 00:00:00,2001,Q1,280482000.0,0.0,280482000.0,1.0,0,0.0,21527000.0,21527000.0,171585000.0,193112000.0,193112000.0,0.0,0.0,19386000.0,106756000.0,0.3806162249,87370000.0,0.3114994902,-4922000.0,82448000.0,0.293951127,33497000.0,49308000.0,0.1757973774,0.2,0.19,245502000,258952000,https://www.sec.gov/Archives/edgar/data/1113169/000095013301500645/0000950133-01-500645-index.htm,https://www.sec.gov/Archives/edgar/data/1113169/000095013301500645/w48266e10-q.txt,1.142483564288682,0.2008456142923479,0.4433813166491515,0.349316909841875,1.2016276853141723,4.09338009466318,1.291956888334922,4.09338009466318,1.1829598129546806,3844561320.0,3984702320.0,19.49258396203456,13.70698055490192,35.31948553527299,44.830351920520535,3.825689195200078,3.825689195200078,14.206624025784183,37.325324290906366,36.60694270149103,46.46449683994496,0.0128253904401243,0.0223063160818566,0.2889933955796058,0.1991292095348127,1.3127224699314324,3.118614347026364,0.0,2.2075728076579866,0.0047771380064761,0.3724750547578486,0.0,0.0,0.4715673199880695,0.2121523918016371,0.0823332691580921,1.191220468379243,0.0,4.300940872879521,0.040045924641246,0.0639790317767195,-0.2573064577885312,345546000.0,317178000.0,55134000.0,1295345000.0,129081000.0,56721000.0,0.0,40.7901041778082,0.0,0.0,2.206417507728857,0.0,0.0,0.0490659576310062,0.0940644068072765,2001-04-23,0.2,bmo,295263157.0,2025-04-24,2001-03-31,-0.05,18.57903225806452,1226329.0322580645
2000-12-31,TROW,USD,1113169,2001-03-26,2001-03-26 00:00:00,2000,Q4,291610000.0,0.0,291610000.0,1.0,0,-284544000.0,26487000.0,-258057000.0,549667000.0,291610000.0,291610000.0,0.0,0.0,19077000.0,-638641000.0,-2.1900517815,-657718000.0,-2.2554713487,764759000.0,107041000.0,0.3670690306,37223000.0,55473000.0,0.1902301018,0.23,0.21,245502000,258952000,https://www.sec.gov/Archives/edgar/data/1113169/000111316901000003/0001113169-01-000003-index.htm,https://www.sec.gov/Archives/edgar/data/1113169/000111316901000003/0001113169-01-000003-0001.txt,1.187811097261937,0.2259574260087494,0.1207851667196193,0.0431157383646569,1.1035836775260486,4.038496631392005,1.2076235631481618,4.036626992855456,1.2719937108455328,5187457260.0,5419208260.0,23.37829782056135,17.78902390178663,174.93869962567024,490.0762645252716,5.234568375378405,5.234568375378405,18.58375316347176,-8.485531401836086,182.7541314538158,511.9705488899386,0.0106936784670491,0.0020404987394537,0.3151130171543895,0.2125115433639182,-0.3628814936717185,7.067408618598027,0.0,0.5345483388315037,0.0030486998171431,0.2850936491626557,-0.975769006549844,0.0,0.4729529711274693,0.6430378039321485,0.0653887040910805,0.9995282277087592,0.0,4.530163519556307,-0.3036989607623337,0.071626678235809,-0.4431216446301863,345096000.0,296474000.0,-76027000.0,1295741000.0,65520500.0,28438500.0,0.0,40.443366139707145,0.0,0.0,2.225334055753543,0.0,0.0,0.0559767911200807,0.0776694283549624,2001-01-24,0.25,bmo,303274400.0,2025-04-24,2000-12-31,-0.04,20.97920634920635,1271936.507936508
2000-09-30,TROW,USD,1113169,2000-09-30,2000-09-29 20:00:00,2000,Q3,303704000.0,0.0,303704000.0,1.0,0,98912000.0,15547000.0,114459000.0,189245000.0,303704000.0,303704000.0,0.0,0.0,14591000.0,389420000.0,1.2822353344,374829000.0,1.2341918447,-262846000.0,111983000.0,0.3687241525,42800000.0,69183000.0,0.2277974607,0.28,0.27,242850000,261000000,,,1.2505826641960058,0.2848795552810377,0.5206423718344657,0.4141321803582458,0.7443607164916615,3.955911056207535,1.0643524809553222,3.9534239242330655,1.3174963969528517,5699689500.0,6019643500.0,20.596423615628115,18.767251995363907,45.078928012148246,56.67272700155113,5.936626187780508,5.936626187780508,19.820758040723863,15.457972112372246,47.609448899856055,59.85406972119477,0.0121380296242453,0.0176451717238281,0.3332545211954308,0.2185285586174442,0.8216167633917107,0.0,0.0,1.8275877021811715,0.0027659401446341,0.2278738996574303,0.3256855359165503,0.0,0.479612793681431,0.2045745740995586,0.0851684534941917,1.7285485164394547,0.0,5.033946474774135,0.2052205575754794,0.0908015865307633,-1.3286720197652873,180768000.0,258478000.0,-322668000.0,1128391000.0,0.0,0.0,0.0,0.0,0.0,0.0,0.0,0.0,0.0,0.0720589445353503,0.1065101914762198,2000-10-26,0.26,bmo,292023076.0,2025-04-24,2000-09-30,0.0384615384615384,22.238253968253968,1017295.238095238
2000-06-30,TROW,USD,1113169,2000-06-30,2000-06-29 20:00:00,2000,Q2,300682000.0,0.0,300682000.0,1.0,0,92665000.0,21071000.0,113736000.0,186946000.0,300682000.0,300682000.0,0.0,0.0,10550000.0,377619000.0,1.2558749776,367069000.0,1.2207880751,-252139000.0,114930000.0,0.3822310614,45591000.0,69339000.0,0.2306057562,0.28,0.27,241860000,258670000,,,1.2432068138592574,0.2866906474820144,0.2561357810303481,0.1625361779541883,0.7677540726039858,4.010787232283139,4.010787232283139,3.7138220458116256,0.0708136938724882,5139525000.0,5156652000.0,18.53042659974906,17.092892158493026,82.96380893961162,130.74012362951845,5.7218681288095965,5.7218681288095965,17.14985266826747,13.655700587099696,83.24027829343493,131.17580321029735,0.0134913245873889,0.0076487613154912,0.0190676055554009,0.0149671503950866,0.0453552390107489,0.0,0.0,0.8934221722263084,0.0030520330186155,0.2262218953258628,0.3081827312576077,0.0,0.0,0.3654296275968942,0.0752888433627553,2.224427630932494,0.0,4.89450263625438,0.5273393187149816,0.0605948059347761,0.0472670139750268,185689000.0,970049000.0,11432000.0,419954000.0,0.0,0.0,0.0,0.0,0.0,0.0,0.0,0.0,0.0,0.0771955801720059,0.0935996030761597,2000-07-25,0.27,bmo,300682000.0,2025-04-24,2000-06-30,0.0,19.622063492063493,1099152.380952381
2000-03-31,TROW,USD,1113169,2000-03-31,2000-03-30 19:00:00,2000,Q1,316331000.0,0.0,316331000.0,1.0,0,92967000.0,25110000.0,118077000.0,198254000.0,316331000.0,316331000.0,0.0,0.0,9474000.0,393268000.0,1.2432167571,383794000.0,1.2132671158,-259556000.0,124238000.0,0.392746838,49204000.0,75034000.0,0.2372009066,0.31,0.29,240838000,256798000,,,1.3134596699856336,0.311553824562569,0.4347112997118394,0.359806176766125,1.0391217332812928,3.77726521562212,3.77726521562212,3.5013369983142195,0.0732110381252128,4756550500.0,4774182500.0,15.847983913959006,15.03662461156194,45.432451406466406,54.89066412786337,5.640702397258243,5.640702397258243,15.092363694990372,12.139768554776897,45.60086441568365,55.09413767237898,0.0157748771930414,0.0182180342666392,0.0209094520637292,0.0156692814720877,0.0448345657414282,0.0,0.0,1.3953007969720392,0.0032826309738538,0.2080923314763973,0.2938915250165175,0.0,0.0,0.172310043459573,0.0570288716565875,1.90415875026388,0.0,4.9542139629221165,0.4951515443791255,0.0666815373171865,0.1441217748029796,250260000.0,909709000.0,34710000.0,468127000.0,0.0,18856000.0,0.0,0.0,0.0,0.0,0.0,0.0,0.0,0.0889813875992434,0.0749051229457145,2000-04-25,0.25,bmo,265718040.0,2025-04-24,2000-03-31,0.1599999999999999,17.915079365079368,923504.761904762
1999-12-31,TROW,USD,1113169,1999-12-31,1999-12-30 19:00:00,1999,Q4,284900000.0,0.0,284900000.0,1.0,0,81500000.0,24300000.0,105800000.0,179100000.0,284900000.0,284900000.0,0.0,0.0,9100000.0,357300000.0,1.2541242541,348200000.0,1.2221832222,-236400000.0,111800000.0,0.3924183924,41700000.0,70100000.0,0.2460512461,0.29,0.27,240838000,256798000,,,1.1829528562768334,0.2910670243067954,0.2279540604057499,0.1017281326036588,0.9711922537141148,3.447815544058662,3.437543078750031,3.19800031556482,0.0734933855952964,4448277860.0,4465977860.0,15.864043723252497,15.613470902070905,81.02509763205829,181.56236163265305,5.775484108023889,5.775484108023889,15.675597964197964,12.499238343129024,81.34750200364299,182.2848106122449,0.0157589076506115,0.0055077494641937,0.0229810438847052,0.0177354709418837,0.0495382031905961,0.0,0.0,0.7831669044222539,0.0057325555647731,0.3637660485021398,0.2860652860652861,0.0,0.0024789579158316,0.5537340619307832,0.1067041067041067,3.340659340659341,0.0,4.576431994538104,0.4915032874521058,0.0704150368749786,0.2751434574278145,233900000.0,827891000.0,66265000.0,446674000.0,0.0,18856000.0,0.0,0.0,0.0,0.0,0.0,0.0,0.0,0.0910153206959231,0.126225927802091,2000-01-26,0.22,bmo,207199999.0,2025-04-24,1999-12-31,0.2727272727272728,17.2059375,1696462.625
1999-09-30,TROW,USD,1113169,1999-09-30,1999-09-29 20:00:00,1999,Q3,259900000.0,0.0,259900000.0,1.0,0,83500000.0,13300000.0,96800000.0,163100000.0,259900000.0,259900000.0,0.0,0.0,8079000.0,322779000.0,1.2419353598,314700000.0,1.210850327,-212000000.0,102700000.0,0.3951519815,40500000.0,62200000.0,0.2393228165,0.26,0.24,243921569,259166667,,,1.065506429240786,0.2549999996105305,0.45260450091644,0.3890594849363239,0.9740835997984254,3.16003214951442,3.16003214951442,2.876334400751579,0.0701045015006442,3346603926.6800003,3363703926.6800003,13.450980412700964,12.876506066487112,30.313441364855077,35.26453031275027,4.769959986716078,4.769959986716078,12.94230060284725,10.421074254149124,30.4683326692029,35.444719986090625,0.0185860058025168,0.0283571053160585,0.0243728620296465,0.0179264073802285,0.0529774241818705,0.0,0.0,1.77491961414791,0.0036087329915915,0.1941639871382636,0.32127741439015,0.0,0.0,0.1403985507246377,0.0596383224317045,1.9135802469135803,0.0,4.062384595173959,0.4387598379660761,0.065205996435685,0.2234324755429889,237600000.0,770800000.0,54500000.0,434400000.0,0.0,0.0,0.0,0.0,0.0,0.0,0.0,0.0,0.0,0.0886545039908779,0.0635450159801161,1999-10-21,0.21,bmo,222771428.0,2025-04-24,1999-09-30,0.1428571428571428,16.45421875,848446.875
1999-06-30,TROW,USD,1113169,1999-06-30,1999-06-29 20:00:00,1999,Q2,245771000.0,0.0,245771000.0,1.0,0,82932000.0,16268000.0,99200000.0,146571000.0,245771000.0,245771000.0,0.0,0.0,7821000.0,304690000.0,1.2397312946,296869000.0,1.2079089884,-206522000.0,90347000.0,0.3676064304,36657000.0,53690000.0,0.2184553914,0.22,0.21,242304000,260124000,,,1.014308472002113,0.2215811542525092,0.164669175911252,0.0973983095615425,0.9958564447966192,3.208366349709456,3.208366349709456,2.9458861595351293,0.0619057052297939,4649813760.0,4664813760.0,21.65120953622649,18.919293814160337,116.53668571428572,197.026006779661,6.51416889885122,6.51416889885122,18.980326238653056,15.310032360760117,116.91262556390976,197.6616,0.0115466990230593,0.005075472098048,0.0210142897170075,0.01628664495114,0.0492303652893104,0.0,0.0,0.7430167597765364,0.0026072011968066,0.2257962376606444,0.3374360685353438,0.0,0.0,0.4085213032581453,0.0663219012820878,2.08974358974359,0.0,3.832354269811368,0.4121931291596502,0.0582953311617806,0.4032124933967247,241300000.0,777400000.0,97700000.0,428000000.0,52750000.0,0.0,0.0,0.0,0.0,0.0,0.0,0.0,0.0,0.075217147660409,0.0672708663497094,1999-07-26,0.2,bmo,233510000.0,2025-04-24,1999-06-30,0.0499999999999999,18.1684126984127,1016917.4603174604
1999-03-31,TROW,USD,1113169,1999-03-31,1999-03-30 19:00:00,1999,Q1,245826000.0,0.0,245826000.0,1.0,0,81500000.0,20200000.0,101700000.0,144126000.0,245826000.0,245826000.0,0.0,0.0,7600000.0,302326000.0,1.2298373646,294726000.0,1.1989211882,-205026000.0,89700000.0,0.3648922409,36300000.0,53400000.0,0.217226819,0.22,0.21,242727273,260487805,,,1.0127662909968915,0.2199999997528089,0.3777902617478012,0.3151685389717207,0.802134830559399,2.967940071571603,2.967940071571603,2.727752805923873,0.0,4172481822.87,4172481822.87,19.534090931039326,16.9733137376437,45.50143754492912,54.54224605058824,6.30189068550068,6.30189068550068,16.9733137376437,13.801266920046574,45.50143754492912,54.54224605058824,0.0127981384382087,0.0183344118075462,0.0,0.0,0.0,0.0,0.0,1.7172284644194755,0.0028759861658896,0.2247191011235955,0.3315353135957954,0.0,0.0,0.1657579062159214,0.0618323529651054,2.0,0.0,3.6745579835065834,0.3699253890789243,0.0619561434041072,0.5451591754174242,300200000.0,720400000.0,158700000.0,474300000.0,103100000.0,0.0,0.0,38.62488101339972,0.0,0.0,2.330104265402844,0.0,0.0,0.0806524694154961,0.0626217227760804,1999-04-20,0.18,bmo,191177777.0,2025-04-24,1999-03-31,0.2222222222222222,17.025573770491803,1182111.475409836
1998-12-31,TROW,USD,1113169,1998-12-31,1998-12-30 19:00:00,1998,Q4,234800000.0,0.0,234800000.0,1.0,0,79900000.0,22200000.0,102100000.0,132700000.0,234800000.0,234800000.0,0.0,0.0,8300000.0,298800000.0,1.272572402,290500000.0,1.2372231687,-217400000.0,73100000.0,0.3113287905,28100000.0,45000000.0,0.1916524702,0.19,0.17,242727273,260487805,,,0.9673408228831376,0.1853932582186592,0.1326591758809072,0.0692134830682994,0.7947191002306527,2.53082396719383,2.5176404466093927,2.53082396719383,0.0,4157918186.49,4157918186.49,23.0995454805,17.708339806175466,129.12789399037268,247.49513014821423,6.768546616457757,6.768546616457757,17.708339806175466,13.915388843674698,129.12789399037266,247.49513014821423,0.0108227237722509,0.0040404835416403,0.0,0.0,0.0,0.0,0.0,0.7155555555555555,0.0016594843117451,0.1533333333333333,0.3402896081771721,0.0,0.0040160642570281,0.4782608695652174,0.065587734241908,1.855421686746988,0.0,3.249145776701716,0.3885927191591594,0.056703629032258,0.3539981269430732,293600000.0,611100000.0,111100000.0,463400000.0,96300000.0,0.0,0.0,38.598807495741056,0.0,0.0,2.3316782522343598,0.0,0.0,0.0732541103695263,0.0634456928126078,1999-01-26,0.16,bmo,205450000.0,2025-04-24,1998-12-31,0.1249999999999999,16.4984375,1324131.25
1998-09-30,TROW,USD,1113169,1998-09-30,1998-09-29 20:00:00,1998,Q3,218600000.0,0.0,218600000.0,1.0,0,78200000.0,13800000.0,92000000.0,126600000.0,218600000.0,218600000.0,0.0,0.0,8400000.0,275100000.0,1.258462946,266700000.0,1.2200365965,-193600000.0,73100000.0,0.3344007319,30100000.0,43000000.0,0.1967063129,0.18,0.17,238888889,260606061,,,0.9150697670162466,0.179999999916279,0.3620930230873986,0.2938604649795998,0.6873488368896052,2.562279068575684,2.562279068575684,2.358837208205192,0.0,3509277779.41,3509277779.41,20.40277778726744,16.053420765827994,40.56968531109826,49.98971195740741,6.227644683957409,6.227644683957409,16.053420765827994,12.756371426426751,40.56968531109826,49.98971195740741,0.0122532334864723,0.0200041160639618,0.0,0.0,0.0,0.0,0.0,2.016317016317016,0.0029065809665585,0.2372093023255814,0.3577310155535224,0.0,0.0,0.1884393063583815,0.0745654162854528,1.9404761904761905,0.0,3.0908398031583,0.3792176769184831,0.0587511955185134,0.4743837207095889,256100000.0,612100000.0,136300000.0,413700000.0,94150000.0,0.0,0.0,37.83623055809698,0.0,0.0,2.37867247007617,0.0,0.0,0.0763087843833185,0.0682325581077988,1998-10-20,0.17,bmo,218600000.0,2025-04-24,1998-09-30,0.0,17.165,1270815.625
1998-06-30,TROW,USD,1113169,1998-06-30,1998-06-29 20:00:00,1998,Q2,222300000.0,0.0,222300000.0,1.0,0,0.0,17000000.0,17000000.0,205300000.0,222300000.0,222300000.0,0.0,0.0,8000000.0,353900000.0,1.5919928025,345900000.0,1.5560053981,-269400000.0,76500000.0,0.3441295547,31600000.0,44900000.0,0.2019793072,0.19,0.17,236315789,264117647,,,0.9406904250481544,0.1900000003808463,0.2217371942083819,0.1633407575657164,0.8357461041251035,2.6147216088045644,2.6147216088045644,2.4310690471892253,0.0,4438010517.42,4438010517.42,24.710526266258352,19.964059907422403,84.69485720267177,114.97436573626943,7.724996549033943,7.724996549033943,19.964059907422403,12.540295330375812,84.69485720267176,114.97436573626943,0.0101171459201728,0.008697590924692,0.0,0.0,0.0,0.0,0.0,1.1670378619153674,0.0061063397424651,0.6035634743875279,0.0,0.0,0.0,0.2633587786259542,0.0620782726045884,1.725,0.0,3.2237897260159314,0.4576610265386587,0.0619566717262315,0.6897550125184398,293900000.0,617900000.0,187100000.0,443600000.0,95350000.0,0.0,0.0,39.02834008097166,0.0,0.0,2.306016597510373,0.0,0.0,0.0781549173194081,0.0583964366426654,1998-07-21,0.17,bmo,196147058.0,2025-04-24,1998-06-30,0.1176470588235293,17.937619047619048,828955.5555555555
1998-03-31,TROW,USD,1113169,1998-03-31,1998-03-30 19:00:00,1998,Q1,210400000.0,0.0,210400000.0,1.0,0,0.0,20100000.0,20100000.0,190300000.0,210400000.0,210400000.0,0.0,0.0,7900000.0,333000000.0,1.5826996198,325100000.0,1.5451520913,-254900000.0,70200000.0,0.3336501901,28900000.0,41300000.0,0.1962927757,0.18,0.16,236000000,258125000,,,0.8915254237288136,0.175,0.2580508474576271,0.2110169491525423,0.85,2.421610169491525,2.421610169491525,2.259322033898305,0.0,4151240000.0,4151240000.0,25.12857142857143,19.73022813688213,68.1648604269294,83.3582329317269,7.785521380345086,7.785521380345086,19.73022813688213,12.466186186186189,68.1648604269294,83.3582329317269,0.0099488345650938,0.011996415528854,0.0,0.0,0.0,0.0,0.0,1.4745762711864407,0.0024089187808943,0.2421307506053268,0.0,0.0,0.0,0.1822660098522167,0.0527566539923954,1.4050632911392404,0.0,2.982629797422834,0.4370716078897065,0.0599506459573232,0.6522245762711865,294900000.0,571500000.0,177500000.0,437600000.0,90550000.0,0.0,0.0,40.33745247148288,0.0,0.0,2.2311770943796394,0.0,0.0,0.077456864216054,0.0470338983050847,1998-04-16,0.16,bmo,210400000.0,2025-04-24,1998-03-31,0.0,16.302131147540983,1056662.2950819673
1997-12-31,TROW,USD,1113169,1997-12-31,1997-12-30 19:00:00,1997,Q4,207200000.0,0.0,207200000.0,1.0,0,13800000.0,22400000.0,36200000.0,171000000.0,207200000.0,207200000.0,0.0,0.0,9600000.0,315000000.0,1.5202702703,305400000.0,1.4739382239,-236800000.0,68600000.0,0.3310810811,27900000.0,40700000.0,0.1964285714,0.17,0.16,236000000,258125000,,,0.8779661016949153,0.172457627118644,0.1766949152542372,0.1046610169491525,0.7360169491525423,2.2733050847457625,2.239830508474576,2.0622881355932203,0.0,3709920000.0,3709920000.0,22.78820638820639,17.905019305019305,88.96690647482015,150.1991902834008,7.622601191699199,7.622601191699199,17.905019305019305,11.77752380952381,88.96690647482015,150.1991902834008,0.0109705869668348,0.0066578255056712,0.0,0.0,0.0,0.0,0.0,1.0245700245700249,0.0020485616940527,0.1867321867321867,0.0666023166023166,0.0,0.012227209410308,0.407673860911271,0.082046332046332,1.7708333333333333,0.0,2.8288318546239424,0.4409640503282633,0.0637731118771545,0.5474576271186441,260500000.0,528600000.0,150900000.0,410900000.0,87350000.0,0.0,0.0,37.70270270270271,0.0,0.0,2.3870967741935485,0.0,0.0,0.0836244092870351,0.0720338983050847,1998-01-27,0.16,bmo,207200000.0,2025-04-24,1997-12-31,0.0,16.58546875,1081881.25
1997-09-30,TROW,USD,1113169,1997-09-30,1997-09-29 20:00:00,1997,Q3,199800000.0,0.0,199800000.0,1.0,0,84500000.0,13400000.0,97900000.0,101900000.0,199800000.0,199800000.0,0.0,0.0,8300000.0,235400000.0,1.1781781782,227100000.0,1.1366366366,-157800000.0,69300000.0,0.3468468468,28000000.0,41300000.0,0.2067067067,0.18,0.16,229444444,258125000,,,0.8707990331637754,0.1800000003486682,0.3133656180404177,0.2118159810398372,0.8734140452753782,2.155641650664681,2.0846004882994684,1.954285718071256,0.0,3856961103.64,3856961103.64,23.347222176997576,19.304109627827827,53.6434089518776,79.36133958106996,8.601608170472792,8.601608170472792,19.304109627827827,16.38471157026338,53.6434089518776,79.36133958106996,0.01070791197791,0.0126005937560878,0.0,0.0,0.0,0.0,0.0,1.7367149758454106,2.592714764627136e-05,0.0024213075060532,0.4229229229229229,0.0,0.0263711373564148,0.3240611961057024,0.1166166166166166,2.8072289156626504,0.0,2.81333559560889,0.3094955962552578,0.0686274509803921,0.6224818413994806,288300000.0,478300000.0,164800000.0,437300000.0,85650000.0,0.0,0.0,39.5945945945946,0.0,0.0,2.273037542662116,0.0,0.0,0.0921052631578947,0.1015496370005804,1997-10-20,0.14,bmo,171257142.0,2025-04-24,1997-09-30,0.1428571428571427,14.13796875,865306.25
1997-06-30,TROW,USD,1113169,1997-06-30,1997-06-29 20:00:00,1997,Q2,180100000.0,0.0,180100000.0,1.0,0,80200000.0,13700000.0,93900000.0,86200000.0,180100000.0,180100000.0,0.0,0.0,6000000.0,209200000.0,1.1615769017,203200000.0,1.1282620766,-145200000.0,58000000.0,0.3220433093,24200000.0,33800000.0,0.1876735147,0.14,0.14,233103448,250370370,,,0.7726183441096075,0.1450000001715976,0.1655917161722979,0.098668639170022,0.7147041428576381,1.89315088981438,1.827514795062148,1.7176923097250796,0.0,3009365513.68,3009365513.68,22.258620663313607,16.709414290283174,77.9628371419689,130.84197885565217,7.515897886313687,7.515897886313687,16.709414290283174,14.385112398087951,77.9628371419689,130.84197885565217,0.0112316034215025,0.0076428070619691,0.0,0.0,0.0,0.0,0.0,1.142011834319527,0.0049512097923191,0.4408284023668639,0.4453081621321488,0.0,0.02803738317757,0.4041450777202072,0.0866185452526374,2.6,0.0,2.367270826734869,0.3053546975867404,0.0637254901960784,0.5351701189765327,250000000.0,426000000.0,145600000.0,387800000.0,79300000.0,0.0,0.0,41.67684619655747,0.0,0.0,2.15947242206235,0.0,0.0,0.0844155844155844,0.0669230770022758,1997-07-23,0.12,bmo,165091666.0,2025-04-24,1997-06-30,0.0833333333333334,11.4,1054887.5
1997-03-31,TROW,USD,1113169,1997-03-31,1997-03-30 19:00:00,1997,Q1,168000000.0,0.0,168000000.0,1.0,0,54100000.0,17500000.0,71600000.0,96400000.0,168000000.0,168000000.0,0.0,0.0,5100000.0,215100000.0,1.2803571429,210000000.0,1.25,-160400000.0,49600000.0,0.2952380952,21100000.0,28500000.0,0.1696428571,0.13,0.12,228000000,247826087,,,0.7368421052631579,0.125,0.2,0.137719298245614,0.6324561403508772,1.7828947368421053,1.7096491228070176,1.5947368421052632,0.0,2115840000.0,2115840000.0,18.56,12.594285714285713,46.39999999999999,67.38343949044585,5.819141914191419,5.819141914191419,12.594285714285713,9.836541143654111,46.39999999999999,67.38343949044585,0.0134698275862068,0.0148404416212946,0.0,0.0,0.0,0.0,0.0,1.6,0.0035446914700544,0.2631578947368421,0.3220238095238095,0.0,0.0331283475500892,0.3114035087719298,0.0845238095238095,2.784313725490196,0.0,2.1178284558530827,0.3499574320784372,0.0584735330324169,0.4517543859649123,219400000.0,389800000.0,121800000.0,344800000.0,74200000.0,0.0,0.0,40.285714285714285,0.0,0.0,2.234042553191489,0.0,0.0,0.0783828382838283,0.0622807017543859,1997-04-28,0.11,bmo,168000000.0,2025-04-24,1997-03-31,0.0,11.115901639344264,1073134.426229508
1996-12-31,TROW,USD,1113169,1996-12-31,1996-12-30 19:00:00,1996,Q4,159800000.0,0.0,159800000.0,1.0,0,47600000.0,16500000.0,64100000.0,95700000.0,159800000.0,159800000.0,0.0,0.0,5000000.0,208800000.0,1.3066332916,203800000.0,1.2753441802,-156300000.0,47500000.0,0.2972465582,19800000.0,27700000.0,0.1733416771,0.12,0.11,228000000,247826087,,,0.7008771929824561,0.1214912280701754,0.0675438596491228,-0.0263157894736842,0.7394736842105263,1.6837719298245617,1.5903508771929824,1.5162280701754387,0.0,2480640000.0,2480640000.0,22.388447653429605,15.523404255319148,161.08051948051948,-413.44,7.175701475267573,7.175701475267573,15.523404255319148,11.880459770114944,161.08051948051948,-413.44,0.0111664731682146,-0.0024187306501547,0.0,0.0,0.0,0.0,0.0,0.555956678700361,0.0024590428276573,0.2202166064981949,0.2978723404255319,0.0,0.0444862155388471,1.3896103896103895,0.1339173967459324,4.28,0.0,2.035850984552145,0.3262354623864079,0.0605464480874317,0.5640350877192982,241800000.0,362600000.0,146900000.0,364300000.0,70650000.0,0.0,0.0,41.22653316645808,0.0,0.0,2.1830601092896176,0.0,0.0,0.0801272779866936,0.093859649122807,1997-01-24,0.11,bmo,159800000.0,2025-04-24,1996-12-31,0.0,9.23578125,692750.0
1996-09-30,TROW,USD,1113169,1996-09-30,1996-09-29 20:00:00,1996,Q3,150200000.0,0.0,150200000.0,1.0,0,46700000.0,11300000.0,58000000.0,92200000.0,150200000.0,150200000.0,0.0,0.0,5500000.0,198300000.0,1.3202396804,192800000.0,1.2836218375,-147700000.0,45100000.0,0.3002663116,19200000.0,25900000.0,0.172436751,0.12,0.11,225217391,246666667,,,0.6669111978124282,0.1150000001554054,0.2539768343200459,0.1802702705138787,0.6105212363462642,1.5784749056079777,1.5127606198048889,1.427953669883335,0.0,1831017388.83,1831017388.83,17.673913019594597,12.19052855412783,32.010793511013986,45.09895046379311,5.693462029944031,5.693462029944031,12.19052855412783,9.233572308774583,32.010793511013986,45.09895046379311,0.0141451414705295,0.0221734650078571,0.0,0.0,0.0,0.0,0.0,2.2084942084942085,0.0032768667499296,0.2316602316602316,0.310918774966711,0.0,0.0323144104803493,0.2902097902097902,0.1105193075898801,3.018181818181818,0.0,1.9221940916088944,0.3646938876862717,0.0584386281588447,0.3821862939527614,205600000.0,340700000.0,103100000.0,303600000.0,66700000.0,0.0,0.0,40.80559254327563,0.0,0.0,2.205580029368575,0.0,0.0,0.0805348258706467,0.0737065638061671,1996-10-25,0.1,bmo,,2025-04-24,1996-09-30,0.0999999999999999,7.21046875,874800.0
1996-06-30,TROW,USD,1113169,1996-06-30,1996-06-29 20:00:00,1996,Q2,143700000.0,0.0,143700000.0,1.0,0,63400000.0,14400000.0,77800000.0,65900000.0,143700000.0,143700000.0,0.0,0.0,4100000.0,166500000.0,1.1586638831,162400000.0,1.1301322199,-119500000.0,42900000.0,0.2985386221,18400000.0,24500000.0,0.1704940849,0.1,0.1,245000000,245000000,,,0.586530612244898,0.1,0.1363265306122449,0.0820408163265306,0.6657142857142857,1.3432653061224489,1.2751020408163265,1.223265306122449,0.0,1822800000.0,1822800000.0,18.6,12.684759916492691,54.5748502994012,90.68656716417912,6.082082082082082,6.082082082082082,12.684759916492691,10.947747747747748,54.5748502994012,90.68656716417912,0.0134408602150537,0.0110269914417379,0.0,0.0,0.0,0.0,0.0,1.363265306122449,0.0032916392363396,0.2448979591836734,0.441196938065414,0.0,0.0404652289798885,0.3982035928143712,0.092553931802366,3.2439024390243905,0.0,1.6590198729296497,0.2919292437706035,0.0618686868686868,0.5243877551020408,228400000.0,312400000.0,144800000.0,317700000.0,64450000.0,0.0,0.0,40.89770354906054,0.0,0.0,2.2006125574272586,0.0,0.0,0.0817484150817484,0.0542857142857142,1996-07-26,0.09,bmo,,2025-04-24,1996-06-30,0.1111111111111112,6.921904761904762,664977.7777777778
1996-03-31,TROW,USD,1113169,1996-03-31,1996-03-30 19:00:00,1996,Q1,132400000.0,0.0,132400000.0,1.0,0,60300000.0,16100000.0,76400000.0,56000000.0,132400000.0,132400000.0,0.0,0.0,3500000.0,153000000.0,1.1555891239,149500000.0,1.1291540785,-113900000.0,35600000.0,0.2688821752,15200000.0,20400000.0,0.1540785498,0.09,0.085,226666667,240000000,,,0.584117646199827,0.089999999867647,0.1552941174186851,0.1222058821732266,0.6935294107448097,1.3574999980036764,1.2882352922231834,1.2472058805188149,0.0,1566266668.97,1566266668.97,19.194444472671567,11.829808678021148,44.496212186647725,56.54392306750903,5.54038439678104,5.54038439678104,11.829808678021148,10.237037052091503,44.496212186647725,56.54392306750903,0.0130246020068953,0.0176853664505393,0.0,0.0,0.0,0.0,0.0,1.7254901960784317,0.0038307652961456,0.2941176470588235,0.4554380664652568,0.0,0.0404847859721505,0.2130681818181818,0.0566465256797583,2.142857142857143,0.0,1.5892110949576506,0.2860385286338655,0.054823972050524,0.5505882344844291,220800000.0,292000000.0,140700000.0,299500000.0,59700000.0,0.0,0.0,43.23262839879154,0.0,0.0,2.0817610062893084,0.0,0.0,0.0721613017332861,0.0330882352454584,1996-04-26,0.09,bmo,,2025-04-24,1996-03-31,-0.111111111111111,6.417619047619048,1435873.015873016
1995-12-31,TROW,USD,1113169,1995-12-31,1995-12-30 19:00:00,1995,Q4,123400000.0,0.0,123400000.0,1.0,0,38600000.0,13700000.0,52300000.0,71100000.0,123400000.0,123400000.0,0.0,0.0,4900000.0,160600000.0,1.301458671,155700000.0,1.2617504052,-119700000.0,36000000.0,0.2917341977,14300000.0,21700000.0,0.1758508914,0.0957,0.0904,226666667,240000000,,,0.5444117639052768,0.0957352939768598,0.061323529321583,0.0035294117595155,0.6599999990294118,1.3049999980808824,1.224705880551903,1.209705880573962,0.0,1364533335.34,1364533335.34,15.72043013064516,11.057806607293356,98.16786585179857,1705.666669175,4.976416248504741,4.976416248504741,11.057806607293356,8.496471577459527,98.16786585179857,1705.666669175,0.0159028727536312,0.0005862810231753,0.0,0.0,0.0,0.0,0.0,0.6405529953917051,0.0033711158832582,0.2119815668202765,0.312803889789303,0.0,0.0498220640569395,0.9424460431654677,0.106158833063209,2.673469387755102,0.0,1.6142366097636982,0.3306994362226921,0.062518006338231,0.5380147050911549,205400000.0,277600000.0,135900000.0,283800000.0,27900000.0,0.0,0.0,40.6969205834684,0.0,0.0,2.2114695340501798,0.0,0.0,0.0791393143690736,0.0577941175620674,1996-01-25,0.09,bmo,,2025-04-24,1995-12-31,0.0,6.425079365079365,1142120.634920635
1995-09-30,TROW,USD,1113169,1995-09-30,1995-09-29 20:00:00,1995,Q3,113200000.0,0.0,113200000.0,1.0,0,36000000.0,7100000.0,43100000.0,70100000.0,113200000.0,113200000.0,0.0,0.0,3400000.0,146500000.0,1.2941696113,143100000.0,1.2641342756,-106600000.0,36500000.0,0.3224381625,14900000.0,20600000.0,0.1819787986,0.085,0.085,242352941,242352941,,,0.4670873789808888,0.0850000000618932,0.1757766991571189,0.1576213593380738,0.4427427187689874,1.1569902921046047,1.1301699037355606,1.0790048551546152,0.00330097087619,1553482351.81,1554282351.81,18.85294116274272,13.723342330477031,36.46672187347418,40.66707727251309,5.940659089139579,5.940659089139579,13.73040946828622,10.609435848532422,36.48550121619718,40.68801968089005,0.0132605304308725,0.0245899156533656,0.0030592734225621,0.0022714366837024,0.0054607508532423,0.0,0.0,1.9722222222222223,0.0019311452083795,0.145631067961165,0.3180212014134275,0.0,0.0184554230550823,0.1032863849765258,0.03886925795053,1.2941176470588236,0.0,1.4365224630982352,0.5176273570686941,0.0595892392247613,0.1464805826309324,107300000.0,273900000.0,35500000.0,163600000.0,25450000.0,0.0,0.0,0.0,0.0,0.0,0.0,0.0,0.0,0.0787762906309751,0.0181553398190451,1995-10-25,0.08,bmo,,2025-04-24,1995-09-30,0.1249999999999999,5.4865079365079366,1251796.825396825
1995-06-30,TROW,USD,1113169,1995-06-30,1995-06-29 20:00:00,1995,Q2,104800000.0,0.0,104800000.0,1.0,0,35700000.0,6100000.0,41800000.0,63000000.0,104800000.0,104800000.0,0.0,0.0,3200000.0,135500000.0,1.2929389313,132300000.0,1.2624045802,-100300000.0,32000000.0,0.3053435115,13800000.0,18200000.0,0.1736641221,0.075,0.075,242666667,242666667,,,0.4318681312749064,0.074999999896978,0.0815934064813277,0.0758241757200217,0.5410714278281986,1.0549450534959546,1.0256868117779028,0.993131866767676,0.054807692232407,1167226668.27,1180526668.27,16.033333355357144,11.137659048377865,58.95084183181818,63.43623197119565,4.843264183692946,4.843264183692946,11.264567445324428,8.712373935571955,59.62255900353535,64.15905805815217,0.0155925155710973,0.0157638618960544,0.0551867219917012,0.0411509900990099,0.0981549815498155,0.0,0.0,1.0879120879120878,0.0110518379597338,0.7087912087912088,0.340648854961832,0.0,0.0219678217821782,0.0707070707070707,0.0133587786259541,0.4375,0.0,1.294569435321404,0.3162909836065574,0.0575767162290414,0.4214629115089795,182200000.0,248900000.0,115000000.0,237900000.0,48950000.0,0.0,0.0,43.7118320610687,0.0,0.0,2.0589390962671907,0.0,0.0,0.0755186721991701,0.005769230761306,1995-07-27,0.07,bmo,,2025-04-24,1995-06-30,0.1428571428571427,4.672539682539683,1005955.5555555556
1995-03-31,TROW,USD,1113169,1995-03-31,1995-03-30 19:00:00,1995,Q1,97800000.0,0.0,97800000.0,1.0,0,33100000.0,7900000.0,41000000.0,56800000.0,97800000.0,97800000.0,0.0,0.0,3100000.0,128600000.0,1.3149284254,125500000.0,1.2832310838,-99200000.0,26300000.0,0.2689161554,11300000.0,15000000.0,0.1533742331,0.065,0.065,230769231,230769231,,,0.4237999995762,0.064999999935,0.1104999998895,0.0888333332445,0.4571666662095,1.013999998986,0.9819333323514,0.9641666657025,0.0576333332757,1050000001.05,1063300001.05,17.5000000175,10.7361963297546,41.17647062941176,51.21951224634146,4.719101128314606,4.719101128314606,10.8721881497955,8.268273725116641,41.69803925686274,51.86829273414634,0.0142857142714285,0.0195238095042857,0.0597752808988764,0.0444221776887107,0.1034214618973561,0.0,0.0,1.7,0.0036190476154285,0.2533333333333333,0.3384458077709611,0.0,0.0247160988643954,0.196078431372549,0.0511247443762781,1.6129032258064515,0.0,1.1874736827314585,0.3428062584677243,0.0513698630136986,0.32651666634015,152500000.0,226600000.0,87100000.0,208800000.0,46850000.0,0.0,0.0,43.25153374233128,0.0,0.0,2.0808510638297872,0.0,0.0,0.0674157303370786,0.021666666645,1995-04-24,0.06,bmo,,2025-04-24,1995-03-31,0.0,3.8466666666666662,927492.0634920635
1994-12-31,TROW,USD,1113169,1994-12-31,1994-12-30 19:00:00,1994,Q4,101100000.0,0.0,101100000.0,1.0,0,-21000000.0,8000000.0,-13000000.0,114100000.0,101100000.0,101100000.0,0.0,0.0,1500000.0,184900000.0,1.8288822948,183400000.0,1.8140454995,-155500000.0,27900000.0,0.2759643917,11800000.0,16100000.0,0.159248269,0.0698,0.0698,230769231,230769231,,,0.4380999995619,0.0697666665969,0.1629333331704,0.1464666665202,0.5273666661393,1.0074999989925,0.9736999990263,0.9368666657298,0.0580666666086,865384616.25,878784616.25,13.437649320652172,8.559689577151335,23.015548304521275,25.603095155325445,4.002704052960222,4.002704052960222,8.692231614737883,4.752756172255273,23.37193128324468,25.999544859467456,0.01860444442584,0.03905777773872,0.0619796484736355,0.0450723175243861,0.0724716062736614,0.0,0.0,2.3354037267080745,0.00439111110672,0.2360248447204969,-0.2077151335311572,0.0,0.0262361251261352,0.101063829787234,0.0375865479723046,2.533333333333333,0.0,1.212702126269558,0.4693258310882229,0.0556131260794473,0.398341666268325,168400000.0,224700000.0,103600000.0,225500000.0,23350000.0,0.0,0.0,41.57270029673591,0.0,0.0,2.164882226980728,0.0,0.0,0.0744680851063829,0.0164666666502,1995-01-25,0.07,bmo,,2025-04-24,1994-12-31,0.0,3.844444444444444,757371.4285714285
1994-09-30,TROW,USD,1113169,1994-09-30,1994-09-29 20:00:00,1994,Q3,96900000.0,0.0,96900000.0,1.0,0,52200000.0,6000000.0,58200000.0,38700000.0,96900000.0,96900000.0,0.0,0.0,3000000.0,106100000.0,1.0949432405,103100000.0,1.0639834881,-74200000.0,28900000.0,0.298245614,12600000.0,16300000.0,0.1682146543,0.07,0.07,232857143,232857143,,,0.4161349690698558,0.0699999999570552,0.1451533741440777,0.1228220858142195,0.5020245395693101,0.976993864431292,0.9409202448215214,0.9233128828691332,0.0588343557921261,975671429.17,989371429.17,14.964285723466258,10.068848598245614,28.86601861449704,34.11438563531469,4.538006647302327,4.538006647302327,10.210231467182664,9.324895656644676,29.271344058284026,34.59340661433567,0.0167064439038317,0.0293131469723674,0.0637209302325581,0.044903310390036,0.1291234684260132,0.0,0.0,2.0736196319018405,0.0037922602726489,0.2269938650306748,0.5386996904024768,0.0,0.0275319567354965,0.1538461538461538,0.0536635706914344,1.7333333333333334,0.0,1.2059095279608365,0.337491741088911,0.0549376474553421,0.1687730060314276,116900000.0,219100000.0,39300000.0,172300000.0,23400000.0,0.0,0.0,0.0,0.0,0.0,0.0,0.0,0.0,0.0758139534883721,0.0223312883298581,1994-10-26,0.06,bmo,,2025-04-24,1994-09-30,0.1666666666666668,3.79890625,796937.5
1994-06-30,TROW,USD,1113169,1994-06-30,1994-06-29 20:00:00,1994,Q2,92500000.0,0.0,92500000.0,1.0,0,17300000.0,6900000.0,24200000.0,68300000.0,92500000.0,92500000.0,0.0,0.0,2800000.0,134100000.0,1.4497297297,131300000.0,1.4194594595,-104800000.0,26500000.0,0.2864864865,11500000.0,15000000.0,0.1621621622,0.065,0.065,230769231,230769231,,,0.4008333329325,0.064999999935,0.0610999999389,0.0459333332874,0.5555333327778,0.9147666657519,0.8761999991238,0.8770666657896,0.0554666666112,763846154.61,776646154.61,12.7307692435,8.257796266054054,54.1734861425532,72.06095798207548,3.773943451630435,3.773943451630435,8.396174644432433,5.791544777106637,55.08128756099291,73.2685051518868,0.019637462216012,0.0138771399659818,0.0632411067193675,0.0465285350781533,0.0954511558538404,0.0,0.0,0.94,0.0049748237613897,0.2533333333333333,0.187027027027027,0.0,0.0323518720465285,0.2482269503546099,0.0378378378378378,1.25,0.0,1.1325678776279062,0.3272600383838887,0.0563486100676183,0.4302999995697,175000000.0,202200000.0,111000000.0,227100000.0,45550000.0,0.0,0.0,45.535135135135135,0.0,0.0,1.9764957264957264,0.0,0.0,0.0741106719367589,0.0151666666515,1994-07-22,0.06,bmo,,2025-04-24,1994-06-30,0.0,3.639677419354839,1033212.9032258064
1994-03-31,TROW,USD,1113169,1994-03-31,1994-03-30 19:00:00,1994,Q1,91900000.0,0.0,91900000.0,1.0,0,16900000.0,10400000.0,27300000.0,64600000.0,91900000.0,91900000.0,0.0,0.0,2800000.0,132000000.0,1.436343852,129200000.0,1.4058759521,-104700000.0,24500000.0,0.266594124,10700000.0,13800000.0,0.1501632209,0.055,0.055,250909091,250909091,,,0.3662681158093231,0.0549999999800724,0.1020289854702793,0.0824999999701086,0.4862318838818,0.8485144924461904,0.8114492750683154,0.8002898547825037,0.0510144927351396,878181818.5,890981818.5,15.909090914855073,9.55584133297062,34.30397728515625,42.42424243961353,4.373415430776892,4.373415430776892,9.695123161044611,6.749862261363637,34.80397728515625,43.04259992753623,0.0157142857085921,0.0235714285628882,0.0637450199203187,0.0457796852646638,0.0969696969696969,0.0,0.0,1.855072463768116,0.0043271221516413,0.2753623188405797,0.1838955386289445,0.0,0.0332618025751072,0.19140625,0.0533188248095756,1.75,0.0,0.9951676717691964,0.333519145513384,0.051054384017758,0.3528170288576749,166300000.0,203600000.0,99600000.0,218200000.0,43700000.0,0.0,0.0,43.38411316648531,0.0,0.0,2.074492099322799,0.0,0.0,0.0687250996015936,0.0195289855001706,1994-04-28,0.06,bmo,,2025-04-24,1994-03-31,0.0,3.949047619047619,1122387.3015873015
1993-12-31,TROW,USD,1113169,1993-12-31,1993-12-30 19:00:00,1993,Q4,89800000.0,0.0,89800000.0,1.0,0,18500000.0,9300000.0,27800000.0,62000000.0,89800000.0,89800000.0,0.0,0.0,900000.0,124500000.0,1.3864142539,123600000.0,1.3763919822,-97900000.0,25700000.0,0.2861915367,10900000.0,14800000.0,0.1648106904,0.059,0.059,250909091,250909091,,,0.3578985505949643,0.0589855072250052,-0.0685507246128439,-0.0741304347557498,0.3865942027584804,0.8174275359357147,0.7783695649353733,0.7811594200068263,0.0665579709903775,910800000.33,927500000.33,15.38513514070946,10.142538979175946,-52.95348839127907,-48.96774195322581,4.646938777193878,4.646938777193878,10.328507798775057,7.44979919943775,-53.924418623837205,-49.86559141559139,0.0162494510261722,-0.0204216073707299,0.085204081632653,0.0634016704631738,0.1341365461847389,0.0,0.0,-1.162162162162162,0.0032938076404403,0.2027027027027027,0.2060133630289532,0.0,0.0372057706909643,-0.0813953488372093,0.0155902004454342,1.5555555555555556,0.0,1.0182015536157882,0.3752146026185108,0.0583596214511041,0.2830706520713512,140100000.0,195300000.0,81800000.0,189700000.0,40650000.0,0.0,0.0,43.19599109131404,0.0,0.0,2.0835266821345706,0.0,0.0,0.0755102040816326,0.0055797101429059,1994-01-26,0.05,bmo,,2025-04-24,1993-12-31,0.1999999999999999,3.71140625,995050.0
1993-09-30,TROW,USD,1113169,1993-09-30,1993-09-29 20:00:00,1993,Q3,78800000.0,0.0,78800000.0,1.0,0,14800000.0,6800000.0,21600000.0,57200000.0,78800000.0,78800000.0,0.0,0.0,3500000.0,116400000.0,1.4771573604,112900000.0,1.4327411168,-91500000.0,21400000.0,0.2715736041,9400000.0,12000000.0,0.152284264,0.1,0.1,242222222,242222222,,,0.3253211012158909,0.0495412844491204,0.1048623854173049,0.0875229358601127,0.2464678901343742,0.7678899089613669,0.7257798171796145,0.7410550465514266,0.0660550459321605,930133332.48,946133332.48,19.37777776,11.803722493401017,36.61942253858268,43.874213796226414,5.181801295153203,5.181801295153203,12.006768178680204,8.12829323436426,37.2493437984252,44.62893077735849,0.0129013761586251,0.022792431213571,0.0891364902506963,0.0654664484451718,0.1374570446735395,0.0,0.0,2.1166666666666667,0.0032253440396562,0.25,0.1878172588832487,0.0,0.041734860883797,0.1653543307086614,0.0532994923857868,1.2,0.0,0.9088665601766628,0.4268942091365696,0.0512382578992314,0.1236467891042631,97900000.0,175800000.0,39500000.0,148300000.0,36450000.0,0.0,0.0,43.62944162436549,0.0,0.0,2.06282722513089,0.0,0.0,0.0668523676880222,0.0173394495571921,1993-10-29,0.05,bmo,,2025-04-24,1993-09-30,0.0,3.48125,1223150.0
1993-06-30,TROW,USD,1113169,1993-06-30,1993-06-29 20:00:00,1993,Q2,72700000.0,0.0,72700000.0,1.0,0,40200000.0,6200000.0,46400000.0,26300000.0,72700000.0,72700000.0,0.0,0.0,1800000.0,79800000.0,1.0976616231,78000000.0,1.0729023384,-58500000.0,19500000.0,0.2682255846,8000000.0,11500000.0,0.1581843191,0.05,0.05,230000000,230000000,,,0.3160869565217391,0.05,0.0382608695652173,0.0265217391304347,0.1704347826086956,0.7695652173913043,0.7230434782608696,0.7404347826086957,0.0569565217391304,662400000.0,675500000.0,14.4,9.111416781292984,75.27272727272727,108.59016393442624,3.889606576629477,3.889606576629477,9.291609353507566,8.464912280701755,76.76136363636364,110.7377049180328,0.0173611111111111,0.0092089371980676,0.0769230769230769,0.0579646017699115,0.1641604010025062,0.0,0.0,0.7652173913043478,0.0046799516908212,0.2695652173913043,0.5529573590096286,0.0,0.0473451327433628,0.3068181818181818,0.0371389270976616,1.5,0.0,0.912682382011827,0.3748981255093724,0.053413841151881,0.0705434782608695,73900000.0,166300000.0,24900000.0,122700000.0,34700000.0,0.0,0.0,42.95735900962861,0.0,0.0,2.0951008645533142,0.0,0.0,0.0675278919553728,0.0117391304347826,1993-07-30,0.04474,bmo,,2025-04-24,1993-06-30,0.1175681716584711,2.747142857142857,652673.0158730159
1993-03-31,TROW,USD,1113169,1993-03-31,1993-03-30 19:00:00,1993,Q1,68700000.0,0.0,68700000.0,1.0,0,26000000.0,7100000.0,33100000.0,35600000.0,68700000.0,68700000.0,0.0,0.0,1800000.0,87500000.0,1.2736535662,85700000.0,1.2474526929,-68000000.0,17700000.0,0.2576419214,7100000.0,10300000.0,0.1499272198,0.04,0.04,257500000,257500000,,,0.2667961165048543,0.04,0.0827184466019417,0.0675728155339805,0.1433009708737864,0.6485436893203883,0.6050485436893204,0.6275728155339806,0.0508737864077669,713275000.0,726375000.0,17.3125,10.382459970887918,33.487089201877936,40.992816091954026,4.413830445544554,4.413830445544554,10.573144104803491,8.301428571428572,34.102112676056336,41.74568965517241,0.0144404332129963,0.0243945182433142,0.0810643564356435,0.0594643667725828,0.1497142857142857,0.0,0.0,2.009433962264151,0.004205951421261,0.2912621359223301,0.3784570596797671,0.0,0.0508397639582387,0.1830985915492957,0.056768558951965,2.1666666666666665,0.0,0.7515421039306996,0.4276930320150659,0.0492587278813964,0.037378640776699,71600000.0,155800000.0,18300000.0,120000000.0,32400000.0,0.0,0.0,45.45851528384279,0.0,0.0,1.979827089337176,0.0,0.0,0.0637376237623762,0.0151456310679611,1993-04-29,0.0376,bmo,,2025-04-24,1993-03-31,0.0638297872340425,2.923548387096774,629548.3870967742
1992-12-31,TROW,USD,1113169,1992-12-31,1992-12-30 19:00:00,1992,Q4,65400000.0,0.0,65400000.0,1.0,0,600000.0,6600000.0,7200000.0,58200000.0,65400000.0,65400000.0,0.0,0.0,1800000.0,108800000.0,1.6636085627,107000000.0,1.6360856269,-91500000.0,15500000.0,0.2370030581,5800000.0,9700000.0,0.1483180428,0.0377,0.0377,257500000,257500000,,,0.2539805825242718,0.0376699029126213,0.0124271844660194,-0.0326213592233009,0.1227184466019417,0.6264077669902912,0.5809708737864078,0.5988349514563107,0.05126213592233,731300000.0,744500000.0,18.84793814432989,11.181957186544343,228.53125,-87.05952380952381,4.742542153047989,4.742542153047989,11.383792048929664,6.842830882352941,232.65625,-88.63095238095238,0.0132640503213455,-0.0114863940927116,0.0856031128404669,0.0640465793304221,0.1213235294117647,0.0,0.0,0.3298969072164948,0.0035553124572678,0.268041237113402,0.0091743119266055,0.0,0.056768558951965,3.625,0.1773700305810397,6.444444444444445,0.0,0.7124298041533494,0.6165864670587535,0.0498971193415637,0.0364077669902912,61700000.0,149600000.0,16900000.0,108600000.0,30400000.0,0.0,0.0,41.42201834862386,0.0,0.0,2.1727574750830563,0.0,0.0,0.062905317769131,0.0450485436893203,1992-12-30,,bmo,,2025-04-24,1992-12-31,,2.55734375,523025.0
1992-09-30,TROW,USD,1113169,1992-09-30,1992-09-29 20:00:00,1992,Q3,62200000.0,0.0,62200000.0,1.0,0,15100000.0,5200000.0,20300000.0,41900000.0,62200000.0,62200000.0,0.0,0.0,2000000.0,87600000.0,1.4083601286,85600000.0,1.3762057878,-68100000.0,17500000.0,0.2813504823,7200000.0,10300000.0,0.1655948553,0.045,0.045,228888889,228888889,,,0.2717475726836177,0.0449999999781553,0.0899999999563106,0.0795145630681968,0.1197087378059666,0.6653883491915591,0.614271844362004,0.6396116501749458,0.065970873754383,526444444.7,541544444.7,12.777777783980582,8.463737053054663,25.555555567961164,28.92551893956044,3.59593199931694,3.59593199931694,8.70650232636656,6.182014208904111,26.288565276699032,29.75518926923077,0.0195652173818066,0.0345715491600855,0.1031420765027322,0.0729116368903911,0.1723744292237443,0.0,0.0,2.0,0.004938792737155,0.2524271844660194,0.2427652733118971,0.0,0.0564944471269917,0.116504854368932,0.0385852090032154,1.2,0.0,0.8047402037227669,0.4784588251254917,0.0527123848515864,-0.0191140776606242,58100000.0,140600000.0,3300000.0,105300000.0,30350000.0,0.0,0.0,44.42122186495177,0.0,0.0,2.026058631921824,0.0,0.0,0.0703551912568306,0.0104854368881138,1993-01-28,0.04025,bmo,,2025-04-24,1992-09-30,-0.0062111801242236,2.485625,468950.0
1992-06-30,TROW,USD,1113169,1992-06-30,1992-06-29 20:00:00,1992,Q2,59000000.0,0.0,59000000.0,1.0,0,14800000.0,5700000.0,20500000.0,38500000.0,59000000.0,59000000.0,0.0,0.0,1800000.0,83900000.0,1.4220338983,82100000.0,1.3915254237,-67800000.0,14300000.0,0.2423728814,5900000.0,8400000.0,0.1423728814,0.035,0.035,240000000,240000000,,,0.2458333333333333,0.035,0.0325,0.0191666666666666,0.11375,0.6045833333333334,0.6045833333333334,0.5841666666666666,0.065,561600000.0,577200000.0,16.71428571428571,9.51864406779661,72.0,122.08695652173913,4.005706134094152,4.005706134094152,9.783050847457629,6.879618593563767,74.0,125.47826086956522,0.0149572649572649,0.0081908831908831,0.1112696148359486,0.0821917808219178,0.1859356376638855,0.0,0.0,0.9285714285714286,0.0046296296296296,0.3095238095238095,0.2508474576271186,0.0,0.0,0.4102564102564102,0.0542372881355932,1.7777777777777777,0.0,0.6782560357269223,0.5236327190724585,0.0442571127502634,0.02125,57300000.0,145100000.0,12600000.0,92100000.0,29350000.0,0.0,0.0,45.76271186440678,0.0,0.0,1.9666666666666663,0.0,0.0,0.0599144079885877,0.0133333333333333,1992-06-29,,bmo,,2025-04-24,1992-06-30,,2.2288888888888887,708673.0158730159
1992-03-31,TROW,USD,1113169,1992-03-31,1992-03-30 19:00:00,1992,Q1,58500000.0,0.0,58500000.0,1.0,0,13800000.0,8600000.0,22400000.0,36100000.0,58500000.0,58500000.0,0.0,0.0,1800000.0,83400000.0,1.4256410256,81600000.0,1.3948717949,-69200000.0,12400000.0,0.211965812,5000000.0,7400000.0,0.1264957265,0.035,0.035,211428571,211428571,,,0.2766891897500456,0.0350000000709459,0.0638513514807797,0.0572297298457359,0.1144594596914718,0.6593243256607926,0.6593243256607926,0.6418243256253195,0.076148648803004,486285713.2999999,502385713.2999999,16.428571395270268,8.312576295726496,36.02116394814815,40.18890192561983,3.583535101694915,3.583535101694915,8.58778997094017,6.023809511990407,37.21375654074074,41.51948043801652,0.0152173913351938,0.0248824912372764,0.1186440677966101,0.0866989768443726,0.1930455635491606,0.0,0.0,1.8243243243243243,0.0053466510096627,0.3513513513513513,0.2358974358974359,0.0,0.0,0.1037037037037037,0.0239316239316239,0.7777777777777778,0.0,0.710940684905902,0.5629684877866866,0.0398492191707054,-0.0027195946001072,52900000.0,139400000.0,6600000.0,86500000.0,29150000.0,0.0,0.0,44.15384615384615,0.0,0.0,2.038327526132404,0.0,0.0,0.0545320560058953,0.0066216216350438,1992-03-30,,bmo,,2025-04-24,1992-03-31,,2.7201587301587304,911365.0793650794
1991-12-31,TROW,USD,1113169,1991-12-31,1991-12-30 19:00:00,1991,Q4,55900000.0,0.0,55900000.0,1.0,0,13300000.0,6100000.0,19400000.0,36500000.0,55900000.0,55900000.0,0.0,0.0,1700000.0,79900000.0,1.4293381038,78200000.0,1.3989266547,-64700000.0,13500000.0,0.2415026834,5100000.0,8400000.0,0.1502683363,0.0397,0.0397,211428571,211428571,,,0.2643918924278214,0.0397297298102629,0.009459459478634,0.0018918918957268,0.1130405407696767,0.6512837851039536,0.6512837851039536,0.6266891904595051,0.0756756758290723,594114284.51,610114284.51,17.68197275327381,10.628162513595706,297.057142255,1485.285711275,4.483881392528302,4.483881392528302,10.914387916100178,7.635973523279099,305.057142255,1525.285711275,0.0141386938826558,0.0006732711372693,0.120754716981132,0.0890868596881959,0.2002503128911139,0.0,0.0,0.238095238095238,0.0038713090392986,0.2738095238095238,0.2379248658318425,0.0,0.0,0.8,0.0286225402504472,0.9411764705882352,0.0,0.7484713252819327,0.5605734767025089,0.0467706013363029,0.0198648649051314,53500000.0,137700000.0,11600000.0,86800000.0,28950000.0,0.0,0.0,47.65652951699463,0.0,0.0,1.8885135135135136,0.0,0.0,0.0633962264150943,0.0075675675829072,1991-12-30,,bmo,,2025-04-24,1991-12-31,,2.24171875,719900.0
1991-09-30,TROW,USD,1113169,1991-09-30,1991-09-29 20:00:00,1991,Q3,52600000.0,0.0,52600000.0,1.0,0,13000000.0,3200000.0,16200000.0,36400000.0,52600000.0,52600000.0,0.0,0.0,1900000.0,75300000.0,1.4315589354,73400000.0,1.3954372624,-58600000.0,14800000.0,0.2813688213,6100000.0,8700000.0,0.1653992395,0.04,0.04,217500000,217500000,,,0.2418390804597701,0.04,0.0859770114942528,0.0804597701149425,0.104367816091954,0.6013793103448276,0.6013793103448276,0.5806896551724138,0.0754022988505747,463275000.0,479675000.0,13.312499999999998,8.807509505703422,24.77406417112299,26.472857142857144,3.6680522565320666,3.6680522565320666,9.119296577946768,6.370185922974768,25.65106951871658,27.41,0.0187793427230046,0.0377745399600669,0.1298495645288994,0.0912124582869855,0.2177954847277556,0.0,0.0,2.1494252873563218,0.004964653823323,0.264367816091954,0.247148288973384,0.0,0.0,0.0641711229946524,0.0228136882129277,0.631578947368421,0.0,0.7229250926999092,0.5100153344834196,0.0483870967741935,-0.0233333333333333,51000000.0,130800000.0,2000000.0,84600000.0,26850000.0,0.0,0.0,48.42205323193916,0.0,0.0,1.8586572438162543,0.0,0.0,0.0688836104513064,0.0055172413793103,1991-09-29,,bmo,,2025-04-24,1991-09-30,,1.93546875,299300.0
1991-06-30,TROW,USD,1113169,1991-06-30,1991-06-29 20:00:00,1991,Q2,51100000.0,0.0,51100000.0,1.0,0,13700000.0,3900000.0,17600000.0,33500000.0,51100000.0,51100000.0,0.0,0.0,1900000.0,72900000.0,1.4266144814,71000000.0,1.3894324853,-58200000.0,12800000.0,0.2504892368,5100000.0,7700000.0,0.1506849315,0.035,0.035,220000000,220000000,,,0.2322727272727272,0.035,0.0268181818181818,0.0213636363636363,0.0981818181818181,0.5636363636363636,0.5636363636363636,0.5440909090909091,0.0759090909090909,380600000.0,397300000.0,12.357142857142856,7.448140900195694,64.50847457627118,80.97872340425532,3.179615705931496,3.179615705931496,7.7749510763209395,5.449931412894376,67.33898305084746,84.53191489361703,0.0202312138728323,0.012348922753547,0.1395154553049289,0.1003003003003003,0.2290809327846364,0.0,0.0,0.7662337662337663,0.0060430898581187,0.2987012987012987,0.2681017612524461,0.0,0.0,0.2033898305084746,0.0234833659491193,0.631578947368421,0.0,0.6545774139924864,0.5227776927784578,0.0462462462462462,-0.0084090909090909,47000000.0,124000000.0,4500000.0,81700000.0,24150000.0,0.0,0.0,44.73581213307241,0.0,0.0,2.0118110236220472,0.0,0.0,0.0643274853801169,0.0054545454545454,1991-06-29,,bmo,,2025-04-24,1991-06-30,,1.75359375,469275.0
1991-03-31,TROW,USD,1113169,1991-03-31,1991-03-30 19:00:00,1991,Q1,45600000.0,0.0,45600000.0,1.0,0,12100000.0,4000000.0,16100000.0,29500000.0,45600000.0,45600000.0,0.0,0.0,1600000.0,66600000.0,1.4605263158,65000000.0,1.4254385965,-55600000.0,9400000.0,0.2061403509,3800000.0,5600000.0,0.1228070175,0.025,0.025,224000000,224000000,,,0.2035714285714285,0.025,0.034375,0.0321428571428571,0.0,0.5285714285714286,0.5285714285714286,0.5129464285714286,0.0794642857142857,405440000.0,423240000.0,18.1,8.891228070175439,52.65454545454545,56.31111111111111,3.528633594429939,3.528633594429939,9.281578947368422,6.354954954954955,54.96623376623376,58.78333333333333,0.0138121546961325,0.0177584846093133,0.154917319408181,0.1111111111111111,0.2672672672672673,0.0,0.0,1.375,0.0056728492501973,0.4107142857142857,0.2653508771929824,0.0,0.0,0.0649350649350649,0.0109649122807017,0.3125,0.0,0.53715208839902,0.6585612968591692,0.0349563046192259,-0.1099330357142857,22900000.0,118400000.0,-18900000.0,58800000.0,22550000.0,0.0,0.0,45.19736842105263,0.0,0.0,1.9912663755458515,0.0,0.0,0.0487380330722367,0.0022321428571428,1991-03-30,,bmo,,2025-04-24,1991-03-31,,1.461311475409836,612118.0327868853
1990-12-31,TROW,USD,1113169,1990-12-31,1990-12-30 19:00:00,1990,Q4,40000000.0,0.0,40000000.0,1.0,0,12100000.0,3600000.0,15700000.0,24300000.0,40000000.0,40000000.0,0.0,0.0,1400000.0,58700000.0,1.4675,57300000.0,1.4325,-50600000.0,6700000.0,0.1675,2800000.0,3900000.0,0.0975,0.0174,0.0174,224000000,224000000,,,0.1785714285714285,0.0174107142857142,0.0044642857142857,-0.0116071428571428,0.0790178571428571,0.5178571428571429,0.5178571428571429,0.4995535714285714,0.1,336000000.0,358400000.0,21.538461538461537,8.4,336.0,-129.23076923076923,3.002680965147453,3.002680965147453,8.96,6.105621805792164,358.4,-137.84615384615384,0.0116071428571428,-0.0077380952380952,0.2001787310098302,0.1386996904024768,0.3816013628620102,0.0,0.0,0.2564102564102564,0.0062499999999999,0.5384615384615384,0.3025,0.0,0.0,3.6,0.09,2.571428571428572,0.0,0.4423750120739167,0.4400228409404166,0.0241486068111455,-0.0497767857142857,39900000.0,116000000.0,-5600000.0,75800000.0,22200000.0,0.0,0.0,49.95,0.0,0.0,1.8018018018018016,0.0,0.0,0.03485254691689,0.0160714285714285,1990-12-30,,bmo,,2025-04-24,1990-12-31,,1.2117728125,574700.0
1990-09-30,TROW,USD,1113169,1990-09-30,1990-09-29 20:00:00,1990,Q3,44600000.0,0.0,44600000.0,1.0,0,11500000.0,2800000.0,14300000.0,30300000.0,44600000.0,44600000.0,0.0,0.0,1700000.0,63800000.0,1.4304932735,62100000.0,1.3923766816,-50400000.0,11700000.0,0.2623318386,5000000.0,6700000.0,0.1502242152,0.03,0.03,223333333,223333333,,,0.1997014928353753,0.0300000000447761,0.0617910448683448,0.0438805970804188,0.0,0.5122388067346848,0.5122388067346848,0.4956716425308532,0.0138805970356426,272466666.26,275566666.26,10.166666651492536,6.109118077578475,19.743961323188405,27.80272104693877,2.461306831616983,2.461306831616983,6.178624804035874,4.319226743887147,19.968599004347823,28.11904757755102,0.0245901639711279,0.0359677025249334,0.028003613369467,0.0210740992522093,0.0485893416927899,0.0,0.0,2.0597014925373136,0.0223880597349075,0.9104477611940298,0.257847533632287,0.0,0.0,0.2898550724637681,0.0896860986547085,2.3529411764705883,0.0,0.5784274882884601,0.9002921129503406,0.0455472467709041,-0.0718656717490532,22200000.0,114400000.0,-10500000.0,36400000.0,22250000.0,0.0,0.0,44.7982062780269,0.0,0.0,2.009009009009009,0.0,0.0,0.060523938572719,0.017910447787926,1990-09-29,,bmo,,2025-04-24,1990-09-30,,1.463968253968254,328304.7619047619
1990-06-30,TROW,USD,1113169,1990-06-30,1990-06-29 20:00:00,1990,Q2,43200000.0,0.0,43200000.0,1.0,0,10500000.0,3100000.0,13600000.0,29600000.0,43200000.0,43200000.0,0.0,0.0,1600000.0,68200000.0,1.5787037037,66600000.0,1.5416666667,-60800000.0,5800000.0,0.1342592593,2400000.0,3400000.0,0.0787037037,0.015,0.015,226666667,226666667,,,0.1905882350138408,0.0149999999779411,0.0251470587865484,0.0163235293877595,0.0833823528185553,0.4826470581137543,0.4826470581137543,0.4716176463652681,0.0242647058466695,385333333.9,390833333.9,28.333333375,8.919753099537036,67.60233928070176,104.14414429729727,3.604614910196445,3.604614910196445,9.047067914351851,5.730694045454545,68.56725156140351,105.63063078378376,0.0088235293987889,0.0096020761104467,0.0514499532273152,0.0399129172714078,0.0806451612903225,0.0,0.0,1.6764705882352942,0.004671280269947,0.5294117647058824,0.2430555555555555,0.0,0.0,0.3508771929824561,0.0462962962962962,1.25,0.0,0.3989623483666135,0.677801724137931,0.0246734397677793,0.031874999953125,41200000.0,109400000.0,12800000.0,52100000.0,22250000.0,0.0,0.0,46.458333333333336,0.0,0.0,1.937219730941704,0.0,0.0,0.0318054256314312,0.0088235293987889,1990-06-29,,bmo,,2025-04-24,1990-06-30,,1.6477777777777778,655796.8253968254
1990-03-31,TROW,USD,1113169,1990-03-31,1990-03-30 19:00:00,1990,Q1,42200000.0,0.0,42200000.0,1.0,0,10000000.0,4600000.0,14600000.0,27600000.0,42200000.0,42200000.0,0.0,0.0,1500000.0,59700000.0,1.4146919431,58200000.0,1.3791469194,-47100000.0,11100000.0,0.2630331754,4200000.0,6900000.0,0.163507109,0.03,0.03,230000000,230000000,,,0.1834782608695652,0.03,0.0517391304347826,0.0482608695652173,0.0808695652173913,0.468695652173913,0.468695652173913,0.4595652173913043,0.0117391304347826,430100000.0,432800000.0,15.583333333333334,10.191943127962086,36.142857142857146,38.74774774774775,4.0690633869441815,4.0690633869441815,10.255924170616112,7.249581239530988,36.36974789915966,38.990990990990994,0.0160427807486631,0.0258079516391536,0.0255439924314096,0.0203927492447129,0.0452261306532663,0.0,0.0,1.7246376811594204,0.0051150895140664,0.3188405797101449,0.2369668246445497,0.0,0.0,0.0672268907563025,0.0189573459715639,0.5333333333333333,0.0,0.5569618674012884,0.7066089527027026,0.0521148036253776,0.0463043478260869,40800000.0,107800000.0,16200000.0,51200000.0,23300000.0,0.0,0.0,47.345971563981045,0.0,0.0,1.9009009009009008,0.0,0.0,0.065279091769158,0.0034782608695652,1990-03-30,,bmo,,2025-04-24,1990-03-31,,1.7690476190476192,369828.5714285714
1989-12-31,TROW,USD,1113169,1989-12-31,1989-12-30 19:00:00,1989,Q4,42600000.0,0.0,42600000.0,1.0,0,11100000.0,3800000.0,14900000.0,27700000.0,42600000.0,42600000.0,0.0,0.0,1600000.0,60000000.0,1.4084507042,58400000.0,1.3708920188,-46800000.0,11600000.0,0.2723004695,4200000.0,7400000.0,0.1737089202,0.0322,0.0322,230000000,230000000,,,0.1852173913043478,0.0321739130434782,-0.0017391304347826,-0.0047826086956521,0.0713043478260869,0.4482608695652174,0.4482608695652174,0.4408695652173913,0.0113043478260869,432400000.0,435000000.0,14.608108108108109,10.150234741784038,-1081.0,-393.09090909090907,4.264299802761341,4.264299802761341,10.211267605633802,7.25,-1087.5,-395.45454545454544,0.017113783533765,-0.0025439407955596,0.0256410256410256,0.0203921568627451,0.0433333333333333,0.0,0.0,-0.054054054054054,0.0041628122109158,0.2432432432432432,0.2605633802816901,0.0,0.0,-1.75,0.0164319248826291,0.4375,0.0,0.5649347119211735,0.7234014060930701,0.0580392156862745,0.0447826086956521,40800000.0,103100000.0,16400000.0,51500000.0,23150000.0,0.0,0.0,51.54929577464789,0.0,0.0,1.7459016393442623,0.0,0.0,0.0729783037475345,0.0030434782608695,1989-12-30,,bmo,,2025-04-24,1989-12-31,,,
1989-09-30,TROW,USD,1113169,1989-09-30,1989-09-29 20:00:00,1989,Q3,40300000.0,0.0,40300000.0,1.0,0,9400000.0,2600000.0,12000000.0,28300000.0,40300000.0,40300000.0,0.0,0.0,0.0,55600000.0,1.3796526055,55600000.0,1.3796526055,-43200000.0,12400000.0,0.3076923077,4700000.0,7700000.0,0.1910669975,0.035,0.035,220000000,220000000,,,0.1831818181818182,0.035,,,0.0695454545454545,0.4495454545454545,0.4254545454545455,0.4422727272727272,0.0204545454545454,365200000.0,369700000.0,11.857142857142856,9.062034739454097,0.0,0.0,3.7533401849948618,3.7533401849948618,9.173697270471465,6.649280575539568,0.0,0.0,0.0210843373493975,,0.0462487153134635,0.0344563552833078,0.0809352517985611,0.0,0.0,0.0,0.0026355421686746,0.125,0.2332506203473945,0.0,0.0405819295558958,0.0,,0.0,,0.5901608024320768,0.6381849621370222,0.0614525139664804,0.0001136363636363,37200000.0,93600000.0,5500000.0,54100000.0,,,,48.908188585607945,0.0,0.0,1.8401826484018264,0.0,0.0,0.079136690647482,,1989-09-29,,bmo,,2025-04-24,1989-09-30,,,
1989-06-30,TROW,USD,1113169,1989-06-30,1989-06-29 20:00:00,1989,Q2,39000000.0,0.0,39000000.0,1.0,0,0.0,0.0,0.0,39000000.0,39000000.0,39000000.0,0.0,0.0,0.0,39000000.0,1.0,39000000.0,1.0,-39000000.0,0.0,0.0,-7600000.0,7600000.0,0.1948717949,0.035,0.035,217142857,217142857,,,0.179605263276056,0.0350000000230263,,,,,,,,312685714.08,,10.285714278947369,8.017582412307691,0.0,0.0,0.0,0.0,,,0.0,0.0,0.024305555571546,,0.0,0.0,,0.0,0.0,0.0,0.0045572916666666,0.1874999998766447,0.0,0.0,0.0,0.0,,0.0,,,0.0,0.0,,,,,,,,,,0.0,0.0,0.0,0.0,0.0,0.0,,1989-06-29,,bmo,,2025-04-24,1989-06-30,,,
1989-03-31,TROW,USD,1113169,1989-03-31,1989-03-30 19:00:00,1989,Q1,37700000.0,0.0,37700000.0,1.0,0,0.0,0.0,0.0,37700000.0,37700000.0,37700000.0,0.0,0.0,0.0,37700000.0,1.0,37700000.0,1.0,-37700000.0,0.0,0.0,-6900000.0,6900000.0,0.1830238727,0.03,0.03,230000000,230000000,,,0.1639130434782608,0.03,,,,,,,,287500000.0,,10.416666666666668,7.625994694960212,0.0,0.0,0.0,0.0,,,0.0,0.0,0.024,,0.0,0.0,,0.0,0.0,0.0,0.0052499999999999,0.21875,0.0,0.0,0.0,0.0,,0.0,,,0.0,0.0,,,,,,,,,,0.0,0.0,0.0,0.0,0.0,0.0,,1989-03-30,,bmo,,2025-04-24,1989-03-31,,,
1988-12-31,TROW,USD,1113169,1988-12-31,1988-12-30 19:00:00,1988,Q4,36800000.0,0.0,36800000.0,1.0,0,0.0,0.0,0.0,36800000.0,36800000.0,36800000.0,0.0,0.0,0.0,133600000.0,3.6304347826,133600000.0,3.6304347826,-133600000.0,0.0,0.0,-9200000.0,9200000.0,0.25,0.0401,0.04,229217391,230000000,,,0.1605462824589954,0.0401365706147488,,,0.0,0.3463960550881586,0.3463960550881586,0.3463960550881586,0.0130880121569833,247554782.28000003,250554782.28000003,6.7270321271739135,6.7270321271739135,0.0,0.0,3.1178184166246856,3.1178184166246856,6.808553866304349,1.875410047005988,0.0,0.0,0.0371634913099526,,0.0377833753148614,0.0284360189573459,0.0224550898203592,0.0,0.0,0.0,0.0060763888888888,0.1635042530910326,0.0,0.0,0.0,0.0,,0.0,,0.5593039145479112,0.0,0.0872037914691943,-0.1138657057657549,0.0,79400000.0,-26100000.0,0.0,,,,0.0,0.0,0.0,0.0,0.0,0.0,0.1158690176322418,,1988-12-30,,bmo,,2025-04-24,1988-12-31,,,
1988-09-30,TROW,USD,1113169,1988-09-30,1988-09-29 20:00:00,1988,Q3,36200000.0,0.0,36200000.0,1.0,0,0.0,0.0,0.0,36200000.0,36200000.0,36200000.0,0.0,0.0,0.0,36200000.0,1.0,36200000.0,1.0,-36200000.0,0.0,0.0,-6400000.0,6400000.0,0.1767955801,0.03,0.03,213333333,213333333,,,0.1696875002651367,0.030000000046875,,,,,,,,234666666.3,,9.166666652343752,6.482504593922652,0.0,0.0,0.0,0.0,,,0.0,0.0,0.0272727273153409,,0.0,0.0,,0.0,0.0,0.0,0.0039772727272727,0.1458333331054687,0.0,0.0,0.0,0.0,,0.0,,,0.0,0.0,,,,,,,,,,0.0,0.0,0.0,0.0,0.0,0.0,,1988-09-29,,bmo,,2025-04-24,1988-09-30,,,
1988-06-30,TROW,USD,1113169,1988-06-30,1988-06-29 20:00:00,1988,Q2,35700000.0,0.0,35700000.0,1.0,0,0.0,0.0,0.0,35700000.0,35700000.0,35700000.0,0.0,0.0,0.0,35700000.0,1.0,35700000.0,1.0,-35700000.0,0.0,0.0,-5800000.0,5800000.0,0.162464986,0.025,0.025,232000000,232000000,,,0.1538793103448275,0.025,,,,,,,,232000000.0,,10.0,6.49859943977591,0.0,0.0,0.0,0.0,,,0.0,0.0,0.025,,0.0,0.0,,0.0,0.0,0.0,0.004375,0.175,0.0,0.0,0.0,0.0,,0.0,,,0.0,0.0,,,,,,,,,,0.0,0.0,0.0,0.0,0.0,0.0,,1988-06-29,,bmo,,2025-04-24,1988-06-30,,,
1988-03-31,TROW,USD,1113169,1988-03-31,1988-03-30 19:00:00,1988,Q1,33400000.0,0.0,33400000.0,1.0,0,0.0,0.0,0.0,33400000.0,33400000.0,33400000.0,0.0,0.0,0.0,33400000.0,1.0,33400000.0,1.0,-33400000.0,0.0,0.0,-5100000.0,5100000.0,0.1526946108,0.025,0.025,204000000,204000000,,,0.1637254901960784,0.025,,,,,,,,175313520.0,,8.5938,5.248907784431138,0.0,0.0,0.0,0.0,,,0.0,0.0,0.0290907398356955,,0.0,0.0,,0.0,0.0,0.0,0.0050908794712467,0.175,0.0,0.0,0.0,0.0,,0.0,,,0.0,0.0,,,,,,,,,,0.0,0.0,0.0,0.0,0.0,0.0,,1988-03-30,,bmo,,2025-04-24,1988-03-31,,,
1987-12-31,TROW,USD,1113169,1987-12-31,1987-12-30 19:00:00,1987,Q4,33000000.0,0.0,33000000.0,1.0,0,0.0,0.0,0.0,33000000.0,33000000.0,33000000.0,0.0,0.0,0.0,127400000.0,3.8606060606,127400000.0,3.8606060606,-127400000.0,0.0,0.0,-4100000.0,4100000.0,0.1242424242,0.0201,0.0201,204000000,204000000,,,0.1617647058823529,0.0200980392156862,,,0.0,0.2838235294117647,0.2838235294117647,0.2838235294117647,0.0078431372549019,127500000.0,129100000.0,7.774390243902438,3.863636363636364,0.0,0.0,2.202072538860104,2.202072538860104,3.912121212121212,1.0133437990580847,0.0,0.0,0.032156862745098,,0.0276338514680483,0.0202788339670468,0.0125588697017268,0.0,0.0,0.0,0.007,0.2176829268292683,0.0,0.0,0.0,0.0,,0.0,,0.3582550342286525,0.0,0.0519645120405576,-0.1029411764705882,0.0,57900000.0,-21000000.0,0.0,,,,0.0,0.0,0.0,0.0,0.0,0.0,0.0708117443868739,,1987-12-30,,bmo,,2025-04-24,1987-12-31,,,
1987-09-30,TROW,USD,1113169,1987-09-30,1987-09-29 20:00:00,1987,Q3,33800000.0,0.0,33800000.0,1.0,0,0.0,0.0,0.0,33800000.0,33800000.0,33800000.0,0.0,0.0,0.0,33800000.0,1.0,33800000.0,1.0,-33800000.0,0.0,0.0,-6800000.0,6800000.0,0.201183432,0.03,0.03,226666667,226666667,,,0.1491176468395328,0.0299999999558823,,,,,,,,235733333.68,,8.666666679411765,6.974358984615384,0.0,0.0,0.0,0.0,,,0.0,0.0,0.028846153803733,,0.0,0.0,,0.0,0.0,0.0,0.0030048076923076,0.1041666668198529,0.0,0.0,0.0,0.0,,0.0,,,0.0,0.0,,,,,,,,,,0.0,0.0,0.0,0.0,0.0,0.0,,1987-09-29,,bmo,,2025-04-24,1987-09-30,,,
1987-06-30,TROW,USD,1113169,1987-06-30,1987-06-29 20:00:00,1987,Q2,34300000.0,0.0,34300000.0,1.0,0,0.0,0.0,0.0,34300000.0,34300000.0,34300000.0,0.0,0.0,0.0,34300000.0,1.0,34300000.0,1.0,-34300000.0,0.0,0.0,-4900000.0,4900000.0,0.1428571429,0.025,0.025,196000000,196000000,,,0.175,0.025,,,,,,,,235200000.0,,11.999999999999998,6.857142857142857,0.0,0.0,0.0,0.0,,,0.0,0.0,0.0208333333333333,,0.0,0.0,,0.0,0.0,0.0,0.0026041666666666,0.125,0.0,0.0,0.0,0.0,,0.0,,,0.0,0.0,,,,,,,,,,0.0,0.0,0.0,0.0,0.0,0.0,,1987-06-29,,bmo,,2025-04-24,1987-06-30,,,
1987-03-31,TROW,USD,1113169,1987-03-31,1987-03-30 19:00:00,1987,Q1,31300000.0,0.0,31300000.0,1.0,0,0.0,0.0,0.0,31300000.0,31300000.0,31300000.0,0.0,0.0,0.0,31300000.0,1.0,31300000.0,1.0,-31300000.0,0.0,0.0,-4000000.0,4000000.0,0.1277955272,0.02,0.02,200000000,200000000,,,0.1565,0.02,,,,,,,,276000000.0,,17.25,8.817891373801917,0.0,0.0,0.0,0.0,,,0.0,0.0,0.0144927536231884,,0.0,0.0,,0.0,0.0,0.0,0.0022644927536231,0.15625,0.0,0.0,0.0,0.0,,0.0,,,0.0,0.0,,,,,,,,,,0.0,0.0,0.0,0.0,0.0,0.0,,1987-03-30,,bmo,,2025-04-24,1987-03-31,,,
1986-12-31,TROW,USD,1113169,1986-12-31,1986-12-30 19:00:00,1986,Q4,29000000.0,0.0,29000000.0,1.0,0,0.0,0.0,0.0,29000000.0,29000000.0,29000000.0,0.0,0.0,0.0,109300000.0,3.7689655172,109300000.0,3.7689655172,-109300000.0,0.0,0.0,-3300000.0,3300000.0,0.1137931034,0.0165,0.0165,200000000,200000000,,,0.145,0.0165,,,0.0,0.205,0.205,0.205,0.0085,190626000.0,192326000.0,14.441363636363636,6.573310344827586,0.0,0.0,4.649414634146342,4.649414634146342,6.631931034482759,1.759615736505032,0.0,0.0,0.0173113845960152,,0.0414634146341463,0.0269841269841269,0.0155535224153705,0.0,0.0,0.0,0.0032786713250028,0.1893939393939394,0.0,0.0,0.0,0.0,,0.0,,0.2758736123662428,0.0,0.0523809523809523,-0.11,0.0,41000000.0,-22000000.0,0.0,,,,0.0,0.0,0.0,0.0,0.0,0.0,0.0804878048780487,,1986-12-30,,bmo,,2025-04-24,1986-12-31,,,
1986-09-30,TROW,USD,1113169,1986-09-30,1986-09-29 20:00:00,1986,Q3,29400000.0,0.0,29400000.0,1.0,0,0.0,0.0,0.0,29400000.0,29400000.0,29400000.0,0.0,0.0,0.0,29400000.0,1.0,29400000.0,1.0,-29400000.0,0.0,0.0,-4800000.0,4800000.0,0.1632653061,0.025,0.025,192000000,192000000,,,0.153125,0.025,,,,,,,,172500480.0,,8.984399999999999,5.867363265306122,0.0,0.0,0.0,0.0,,,0.0,0.0,0.0278260095276256,,0.0,0.0,,0.0,0.0,0.0,0.0463024798539691,1.664,0.0,0.0,0.0,0.0,,0.0,,,0.0,0.0,,,,,,,,,,0.0,0.0,0.0,0.0,0.0,0.0,,1986-09-29,,bmo,,2025-04-24,1986-09-30,,,
1986-06-30,TROW,USD,1113169,1986-06-30,1986-06-29 20:00:00,1986,Q2,28600000.0,0.0,28600000.0,1.0,0,0.0,0.0,0.0,28600000.0,28600000.0,28600000.0,0.0,0.0,0.0,28600000.0,1.0,28600000.0,1.0,-28600000.0,0.0,0.0,-4000000.0,4000000.0,0.1398601399,0.02,0.02,200000000,200000000,,,0.143,0.02,,,,,,,,218000000.00000003,,13.625,7.622377622377623,0.0,0.0,0.0,0.0,,,0.0,0.0,0.018348623853211,,0.0,0.0,,0.0,0.0,0.0,0.0381651376146788,2.08,0.0,0.0,0.0,0.0,,0.0,,,0.0,0.0,,,,,,,,,,0.0,0.0,0.0,0.0,0.0,0.0,,1986-06-29,,bmo,,2025-04-24,1986-06-30,,,
1986-03-31,TROW,USD,1113169,1986-03-31,1986-03-30 19:00:00,1986,Q1,24200000.0,0.0,24200000.0,1.0,0,0.0,0.0,0.0,24200000.0,24200000.0,24200000.0,0.0,0.0,0.0,24200000.0,1.0,24200000.0,1.0,-24200000.0,0.0,0.0,-2600000.0,2600000.0,0.1074380165,0.015,0.015,173333333,173333333,,,0.1396153848838757,0.0150000000288461,,,,,,,,139479599.73177,,13.411499974208654,5.763619823626859,0.0,0.0,0.0,0.0,,,0.0,0.0,0.0186407188219639,,0.0,0.0,,0.0,0.0,0.0,,,0.0,0.0,0.0,0.0,,0.0,,,0.0,0.0,,,,,,,,,,0.0,0.0,0.0,0.0,0.0,0.0,,1986-03-30,,bmo,,2025-04-24,1986-03-31,,,
1985-12-31,TROW,USD,1113169,1985-12-31,1985-12-30 19:00:00,1985,Q4,21300000.0,0.0,21300000.0,1.0,0,0.0,0.0,0.0,21300000.0,21300000.0,21300000.0,0.0,0.0,0.0,88900000.0,4.1737089202,88900000.0,4.1737089202,-88900000.0,0.0,0.0,-2100000.0,2100000.0,0.0985915493,0.0121,0.0121,173333333,173333333,,,0.1228846156209319,0.0121153846386834,,,0.0,0.1523076926005917,0.1523076926005917,0.1523076926005917,0.0109615384826183,139479599.73177,141379599.73177,16.60471425378214,6.548338015576057,0.0,0.0,5.283318171657955,5.283318171657955,6.637539893510329,1.5903217067690665,0.0,0.0,0.0150559652023554,,0.0719696969696969,0.0413943355119825,0.0213723284589426,0.0,0.0,0.0,,,0.0,0.0,0.0,0.0,,0.0,,0.2037608678916215,0.0,0.0457516339869281,-0.1125000002163461,0.0,26400000.0,-19500000.0,0.0,,,,0.0,0.0,0.0,0.0,0.0,0.0,0.0795454545454545,,1985-12-30,,bmo,,2025-04-24,1985-12-31,,,
1985-09-30,TROW,USD,1113169,1985-09-30,1985-09-29 20:00:00,1985,Q3,21300000.0,0.0,21300000.0,1.0,0,0.0,0.0,0.0,21300000.0,21300000.0,21300000.0,0.0,0.0,0.0,21300000.0,1.0,21300000.0,1.0,-21300000.0,0.0,0.0,-2100000.0,2100000.0,0.0985915493,0.01,0.01,210000000,210000000,,,0.1014285714285714,0.01,,,,,,,,168984900.0,,20.11725,7.93356338028169,0.0,0.0,0.0,0.0,,,0.0,0.0,0.0124271458574109,,0.0,0.0,,0.0,0.0,0.0,,,0.0,0.0,0.0,0.0,,0.0,,,0.0,0.0,,,,,,,,,,0.0,0.0,0.0,0.0,0.0,0.0,,1985-09-29,,bmo,,2025-04-24,1985-09-30,,,
