date,symbol,reportedCurrency,cik,fillingDate,acceptedDate,calendarYear,period,revenue,costOfRevenue,grossProfit,grossProfitRatio,researchAndDevelopmentExpenses,generalAndAdministrativeExpenses,sellingAndMarketingExpenses,sellingGeneralAndAdministrativeExpenses,otherExpenses,operatingExpenses,costAndExpenses,interestIncome,interestExpense,depreciationAndAmortization,ebitda,ebitdaratio,operatingIncome,operatingIncomeRatio,totalOtherIncomeExpensesNet,incomeBeforeTax,incomeBeforeTaxRatio,incomeTaxExpense,netIncome,netIncomeRatio,eps,epsdiluted,weightedAverageShsOut,weightedAverageShsOutDil,link,finalLink,revenuePerShare,netIncomePerShare,operatingCashFlowPerShare,freeCashFlowPerShare,cashPerShare,bookValuePerShare,tangibleBookValuePerShare,shareholdersEquityPerShare,interestDebtPerShare,marketCap,enterpriseValue,peRatio,priceToSalesRatio,pocfratio,pfcfRatio,pbRatio,ptbRatio,evToSales,enterpriseValueOverEBITDA,evToOperatingCashFlow,evToFreeCashFlow,earningsYield,freeCashFlowYield,debtToEquity,debtToAssets,netDebtToEBITDA,currentRatio,interestCoverage,incomeQuality,dividendYield,payoutRatio,salesGeneralAndAdministrativeToRevenue,researchAndDdevelopementToRevenue,intangiblesToTotalAssets,capexToOperatingCashFlow,capexToRevenue,capexToDepreciation,stockBasedCompensationToRevenue,grahamNumber,roic,returnOnTangibleAssets,grahamNetNet,workingCapital,tangibleAssetValue,netCurrentAssetValue,investedCapital,averageReceivables,averagePayables,averageInventory,daysSalesOutstanding,daysPayablesOutstanding,daysOfInventoryOnHand,receivablesTurnover,payablesTurnover,inventoryTurnover,roe,capexPerShare,report_date,epsEstimated,time,revenueEstimated,updatedFromDate,fiscalDateEnding,surprise(%),QuarterAvgPrice,QuarterAvgVolume
2025-03-31,TSLA,USD,1318605,2025-04-23,2025-04-22 21:02:10,2025,Q1,19335000000.0,16182000000.0,3153000000.0,0.163072149,1409000000,0.0,0.0,1251000000.0,94000000.0,2754000000.0,18936000000.0,400000000.0,91000000.0,1447000000.0,2127000000.0,0.110007758,399000000.0,0.0206361521,190000000.0,589000000.0,0.0304628911,169000000.0,409000000.0,0.0211533488,0.13,0.12,3218000000,3521000000,https://www.sec.gov/Archives/edgar/data/1318605/000162828025018911/0001628280-25-018911-index.htm,https://www.sec.gov/Archives/edgar/data/1318605/000162828025018911/tsla-20250331.htm,6.008390304536979,0.1270975761342448,0.6699813548788067,0.2063393412057178,11.49658172778123,23.436295835922937,23.314481044126783,23.19857054070852,2.367930391547545,833976880000.0001,825153880000.0001,509.7658190709046,43.13301680889579,386.8167346938776,1255.989277108434,11.171377975433003,11.171377975433003,42.67669407809672,387.94258580159857,382.7244341372913,1242.7016265060242,0.0004904212692323,0.0007961851412475,0.1008532811809304,0.0601785614374435,-4.148095909732017,1.996067623432931,4.384615384615385,5.133333333333334,0.0,0.0,0.0,0.0728730281872252,0.00313321770268,0.6920222634508348,0.0771657615722782,1.0310988251554942,0.0296353762606671,8.144989068367458,0.0029152736209053,0.0032793720283196,-0.9345866998135488,29636000000.0,75026000000.0,9696000000.0,67116000000.0,4100000000.0,12972500000.0,12861500000.0,17.60434445306439,74.92213570634038,76.22914349276975,5.112374405076679,1.201247123450375,1.180650809864293,0.0054786813657857,0.4636420136730889,2025-04-22,0.4097,amc,21269497845.0,2025-05-11,2025-03-31,-0.3409812057603124,333.25866666666667,96428867.36666666
2024-12-31,TSLA,USD,1318605,2025-01-30,2025-01-29 20:42:33,2024,Q4,25707000000.0,21528000000.0,4179000000.0,0.1625627261,1276000000,0.0,0.0,1313000000.0,7000000.0,2596000000.0,24124000000.0,442000000.0,96000000.0,1496000000.0,4358000000.0,0.1695258101,1583000000.0,0.0615785584,1183000000.0,2766000000.0,0.1075971525,434000000.0,2356000000.0,0.0916481892,0.72,0.66,3213000000,3517000000,https://www.sec.gov/Archives/edgar/data/1318605/000162828025003063/0001628280-25-003063-index.htm,https://www.sec.gov/Archives/edgar/data/1318605/000162828025003063/tsla-20241231.htm,8.00093370681606,0.7332710862122627,1.4982882041705572,0.6330532212885154,11.379707438530968,22.93183940242764,22.474323062558355,22.693121693121693,4.26984126984127,1297537920000.0,1295021920000.0,137.6844142614601,50.47410899754931,269.5342584129622,637.9242477876106,17.79570062951737,17.79570062951737,50.37623682265531,297.15968793024325,269.011616119651,636.6872763028515,0.0018157465486634,0.0015675842444743,0.1868391096237982,0.1115999016957483,-0.5773290500229463,2.024912390270983,16.489583333333332,2.0643224699828475,0.0,0.0,0.0,0.0496362858365425,0.0120422708282133,0.5774823431657665,0.108141751273972,1.858288770053476,0.0225230481969891,19.349540688422145,0.0138276688734115,0.0195356550580431,-0.7796451914098973,29539000000.0,72210000000.0,9970000000.0,82516000000.0,3865500000.0,13564000000.0,13273500000.0,15.467382425020425,52.14882943143812,50.23829431438127,5.81869624264373,1.725829725829726,1.7914620953648996,0.0323124819990948,0.8652349828820417,2025-01-29,0.774,amc,27258924570.0,2025-04-29,2024-12-31,-0.0568475452196382,321.74265625,92289470.3125
2024-09-30,TSLA,USD,1318605,2024-10-24,2024-10-23 20:42:47,2024,Q3,25182000000.0,20185000000.0,4997000000.0,0.1984353904,1039000000,0.0,0.0,1186000000.0,55000000.0,2280000000.0,22465000000.0,429000000.0,92000000.0,1348000000.0,4224000000.0,0.1677388611,2717000000.0,0.1078945278,67000000.0,2784000000.0,0.1105551584,601000000.0,2167000000.0,0.0860535303,0.68,0.62,3198000000,3497000000,https://www.sec.gov/Archives/edgar/data/1318605/000162828024043486/0001628280-24-043486-index.htm,https://www.sec.gov/Archives/edgar/data/1318605/000162828024043486/tsla-20240930.htm,7.874296435272045,0.6776110068792995,1.9559099437148213,0.8574108818011257,10.52157598499062,22.110694183864915,21.98217636022514,21.86710444027517,4.025953721075672,836692740000.0,831364740000.0,96.52661975080755,33.225825589706936,133.7638273381295,305.1395842450766,11.96454705352419,11.96454705352419,33.01424588992137,196.8193039772727,132.91202877697842,303.19647702407,0.0025899591288434,0.0032771887084857,0.1827944688335645,0.106656543069786,-1.2613636363636365,1.8438368708506392,29.532608695652176,2.8798342541436464,0.0,0.0,0.0,0.0412596298943689,0.0034292293829055,0.5616306954436451,0.1395044079104122,2.6060830860534123,0.018147883408784,18.259005717438924,0.0230662031469784,0.0181428487705226,-1.7962007504690432,25802000000.0,70299000000.0,7237000000.0,77616000000.0,3525000000.0,13855000000.0,14362500000.0,11.840600428877767,65.33861778548426,64.78573197919246,7.600965891940839,1.3774396069332606,1.3891947694425326,0.0309876878637514,1.098499061913696,2024-10-23,0.58,amc,25468371161.0,2025-04-25,2024-09-30,0.2413793103448276,228.04859375,96507196.125
2024-06-30,TSLA,USD,1318605,2024-07-24,2024-07-23 19:41:09,2024,Q2,25500000000.0,20922000000.0,4578000000.0,0.1795294118,1074000000,0.0,0.0,1277000000.0,622000000.0,2973000000.0,23895000000.0,348000000.0,86000000.0,1278000000.0,3251000000.0,0.1274901961,1605000000.0,0.0629411765,282000000.0,1887000000.0,0.074,393000000.0,1478000000.0,0.0579607843,0.46,0.42,3191000000,3481000000,https://www.sec.gov/Archives/edgar/data/1318605/000162828024032662/0001628280-24-032662-index.htm,https://www.sec.gov/Archives/edgar/data/1318605/000162828024032662/tsla-20240630.htm,7.99122532121592,0.4631776872453776,1.1319335631463492,0.4199310560952679,9.62707615167659,21.07897210905672,20.949545596991538,20.829833907865872,3.948918834221247,669663260000.0,667543260000.0,113.27186400541272,26.26130431372549,185.3995736434109,499.7487014925373,10.07497231750617,10.07497231750617,26.17816705882353,205.33474623192865,184.8126411960133,498.1666119402985,0.0022070794207823,0.0020010056994914,0.1882860925558163,0.1109171157118548,-0.6521070439864657,1.9105268852104296,18.662790697674417,2.4438430311231394,0.0,0.0,0.0,0.0421176470588235,0.003660309132161,0.6290143964562569,0.0890980392156862,1.7777777777777777,0.0172156862745098,14.733569548513689,0.0144212826369499,0.0131472437933089,-1.5508461297398934,25248000000.0,66850000000.0,7408000000.0,73769000000.0,3812000000.0,13890500000.0,15114000000.0,13.189411764705882,56.16289073702323,61.06251792371666,6.823655338506824,1.6024816176470589,1.4738992603029235,0.0222362640669194,0.7120025070510811,2024-07-23,0.62,amc,24539747788.0,2025-04-25,2024-06-30,-0.1612903225806451,174.76936507936506,88207242.22222222
2024-03-31,TSLA,USD,1318605,2024-04-24,2024-04-23 20:27:48,2024,Q1,21301000000.0,17605000000.0,3696000000.0,0.1735129806,1151000000,0.0,0.0,1374000000.0,0.0,2525000000.0,20130000000.0,350000000.0,76000000.0,1246000000.0,2875000000.0,0.1349701892,1171000000.0,0.0549739449,382000000.0,1553000000.0,0.0729073752,409000000.0,1129000000.0,0.0530022065,0.37,0.34,3186000000,3484000000,https://www.sec.gov/Archives/edgar/data/1318605/000162828024017503/0001628280-24-017503-index.htm,https://www.sec.gov/Archives/edgar/data/1318605/000162828024017503/tsla-20240331.htm,6.685812931575644,0.3543628374136848,0.0759573132454488,-0.795668549905838,8.43157564344005,20.45825486503453,20.326114249843062,20.206528562460765,3.134651600753296,558250920000.0,556356920000.0,123.61623560673162,26.20773297028309,2306.8219834710744,-220.217325443787,8.671454844822765,8.671454844822765,26.11881695695038,193.51545043478265,2298.995537190083,-219.47018540433925,0.0020223880687917,-0.0045409687815651,0.1539501071794712,0.0907384688627249,-0.6587826086956522,1.7157844701728178,15.407894736842104,0.2143489813994685,0.0,0.0,0.0,0.054035021829961,0.0038543936425393,11.475206611570249,0.130369466222243,2.2287319422150884,0.0245997840476972,12.692909946212922,0.0104005882981627,0.0103763613804512,-1.9620998116760828,21082000000.0,64759000000.0,6489000000.0,68204000000.0,3697500000.0,14578000000.0,14829500000.0,16.423172621003708,75.27690996875887,81.96364669128089,5.480061744275791,1.195585738539898,1.098047776461049,0.0175370468172357,0.8716258631512869,2024-04-23,0.51,amc,22220029354.0,2025-04-25,2024-03-31,-0.1176470588235294,195.37475409836065,102688204.7704918
2023-12-31,TSLA,USD,1318605,2024-01-29,2024-01-26 21:00:20,2023,Q4,25167000000.0,20729000000.0,4438000000.0,0.1763420352,1094000000,0.0,0.0,1280000000.0,0.0,2374000000.0,23103000000.0,333000000.0,61000000.0,1232000000.0,3484000000.0,0.1384352525,2064000000.0,0.0820121588,127000000.0,2191000000.0,0.0870584496,-5752000000.0,7930000000.0,0.3150951643,2.49,2.27,3181000000,3492000000,https://www.sec.gov/Archives/edgar/data/1318605/000162828024002390/0001628280-24-002390-index.htm,https://www.sec.gov/Archives/edgar/data/1318605/000162828024002390/tsla-20231231.htm,7.9116629990569,2.492926752593524,1.373781829613329,0.648538195535995,9.146180446400503,19.99654196793461,19.80320653882427,19.690034580320653,3.028607356177303,790414880000.0,783589880000.0,24.91850189155107,31.40679779075774,180.87297025171625,383.1385748909355,12.619581696841973,12.619581696841973,31.135609329677752,224.9109873708381,179.31118535469108,379.8302859912748,0.0100327058620151,0.0026100217141661,0.1528403103745569,0.0897878407023204,-1.958955223880597,1.7258939752330598,33.83606557377049,0.5501699609719249,0.0,0.0,0.0,0.0434696229189017,0.00576825676715,0.5279176201372998,0.0916676600309929,1.8725649350649352,0.019231533357174,33.23297781131555,0.0924746804949652,0.0748092035131081,-1.4055328513046212,20868000000.0,62994000000.0,6607000000.0,66606000000.0,3014000000.0,14184000000.0,13673500000.0,12.544999403981404,62.65569974431955,59.16059626610063,7.174173318129989,1.4364215924052388,1.521282841626303,0.1266085512660855,0.7252436340773342,2024-01-24,0.75,amc,25547500000.0,2025-04-25,2023-12-31,-0.0533333333333333,237.6568253968254,119630910.984127
2023-09-30,TSLA,USD,1318605,2023-10-23,2023-10-20 18:41:03,2023,Q3,23350000000.0,19172000000.0,4178000000.0,0.1789293362,1161000000,0.0,0.0,1253000000.0,0.0,2414000000.0,21586000000.0,282000000.0,38000000.0,1235000000.0,3318000000.0,0.1420985011,1764000000.0,0.0755460385,281000000.0,2045000000.0,0.0875802998,167000000.0,1853000000.0,0.0793576017,0.58,0.53,3176000000,3493000000,https://www.sec.gov/Archives/edgar/data/1318605/000162828023034847/0001628280-23-034847-index.htm,https://www.sec.gov/Archives/edgar/data/1318605/000162828023034847/tsla-20230930.htm,7.352015113350126,0.5834382871536524,1.0415617128463477,0.2673173803526448,8.210642317380353,17.158375314861463,16.961586901763223,16.834382871536523,2.589735516372796,794698720000.0,786953720000.0,107.21785213167836,34.034206423982866,240.23540507859727,936.0408951707892,14.863627726031496,14.863627726031496,33.7025147751606,237.17713080168772,237.89411124546552,926.91839811543,0.0023317012515132,0.001068329391546,0.1531253506901582,0.0871504454923835,-2.3342374924653404,1.6901651651651652,46.42105263157895,1.7871420853592652,0.0,0.0,0.0,0.0497216274089935,0.006653112059697,0.7433494558645707,0.1053104925053533,1.9910931174089068,0.0199143468950749,14.865767014412883,0.0231811795349883,0.0198572592052809,-1.4541876574307304,18386000000.0,53870000000.0,5580000000.0,61805000000.0,2983500000.0,14605000000.0,14038500000.0,9.713062098501071,65.42509910285834,64.41112038389318,9.265873015873016,1.3756188562818397,1.3972742511478755,0.034657539370815,0.7742443324937027,2023-10-18,0.72,amc,24096100000.0,2025-04-25,2023-09-30,-0.0833333333333332,256.87507936507933,116406895.09523807
2023-06-30,TSLA,USD,1318605,2023-07-24,2023-07-21 18:08:29,2023,Q2,24927000000.0,20394000000.0,4533000000.0,0.1818510049,943000000,0.0,0.0,1191000000.0,0.0,2134000000.0,22528000000.0,238000000.0,28000000.0,1154000000.0,4119000000.0,0.1652425081,2399000000.0,0.0962410238,538000000.0,2937000000.0,0.1178240462,323000000.0,2703000000.0,0.108436635,0.85,0.78,3171000000,3478000000,https://www.sec.gov/Archives/edgar/data/1318605/000095017023033872/0000950170-23-033872-index.htm,https://www.sec.gov/Archives/edgar/data/1318605/000095017023033872/tsla-20230630.htm,7.860927152317881,0.8524124881740776,0.9665720592872912,0.3169347209082308,7.27688426363923,16.45600756859035,16.25134027120782,16.124251024913278,1.8413749605802583,830072670000.0,820587670000.0,76.7732769145394,33.300143218197135,270.823057096248,825.9429552238806,16.234552513201642,16.234552513201642,32.91963212580736,199.22011896091288,267.72844045677,816.505144278607,0.003256341399603,0.0012107373683318,0.1136514766282026,0.0641454449117462,-2.3027433843165817,1.5901348216874456,85.67857142857143,1.172532517214996,0.0,0.0,0.0,0.0378304649576764,0.0071640670706803,0.6721044045676998,0.082641312632888,1.7850953206239168,0.017852128214386,17.58554921127058,0.0328426625452515,0.0300527006292944,-1.756780195521917,16283000000.0,51533000000.0,5466000000.0,57978000000.0,3220000000.0,15588500000.0,14365500000.0,12.445540979660608,67.40070609002647,63.353927625772286,7.231505657093124,1.3352975839717147,1.42059069378657,0.0528652454527674,0.6496373383790602,2023-07-19,0.82,amc,24477100000.0,2025-04-25,2023-06-30,0.1097560975609757,199.9617741935484,139155629.03225806
2023-03-31,TSLA,USD,1318605,2023-04-24,2023-04-21 18:05:23,2023,Q1,23329000000.0,18818000000.0,4511000000.0,0.193364482,771000000,0.0,0.0,1076000000.0,0.0,1847000000.0,20665000000.0,213000000.0,29000000.0,1046000000.0,3875000000.0,0.1661022761,2664000000.0,0.1141926358,136000000.0,2800000000.0,0.1200222899,261000000.0,2513000000.0,0.1077200051,0.8,0.73,3166000000,3468000000,https://www.sec.gov/Archives/edgar/data/1318605/000095017023013890/0000950170-23-013890-index.htm,https://www.sec.gov/Archives/edgar/data/1318605/000095017023013890/tsla-20230331.htm,7.368603916614024,0.793746051800379,0.793746051800379,0.1389766266582438,7.075805432722678,15.551168667087808,15.367024636765636,15.178142766898294,1.7697409981048642,656818360000.0,646344360000.0,65.34205730202945,28.15458699472759,261.3682292081178,1492.769,13.66833895201232,13.66833895201232,27.705617900467228,166.79854451612903,257.20030242737766,1468.9644545454546,0.0038260197233219,0.000669896012042,0.1159945061805468,0.0641921849987907,-2.702967741935484,1.567174515235457,91.86206896551724,1.0,0.0,0.0,0.0,0.0330489948133224,0.0067140372899704,0.8249104655789893,0.0888593595953534,1.9818355640535368,0.017917613271036,16.46422774183411,0.0394029579470067,0.0291362318840579,-1.8205148452305748,15561000000.0,48652000000.0,5399000000.0,54813000000.0,2972500000.0,15579500000.0,13607000000.0,11.546572934973636,76.0633436071846,68.75066425762567,7.794520547945205,1.1832243460764589,1.3090782608695652,0.0522953344154492,0.6547694251421352,2023-04-19,0.85,amc,23290300000.0,2025-04-25,2023-03-31,0.0,174.44629032258064,174741361.29032257
2022-12-31,TSLA,USD,1318605,2023-01-31,2023-01-30 21:29:15,2022,Q4,24318000000.0,18541000000.0,5777000000.0,0.2375606547,810000000,0.0,0.0,1032000000.0,34000000.0,1876000000.0,20417000000.0,157000000.0,33000000.0,989000000.0,5005000000.0,0.2058146229,3901000000.0,0.1604161526,82000000.0,3983000000.0,0.1637881405,276000000.0,3714000000.0,0.1527263755,1.18,1.07,3160000000,3475000000,https://www.sec.gov/Archives/edgar/data/1318605/000095017023001409/0000950170-23-001409-index.htm,https://www.sec.gov/Archives/edgar/data/1318605/000095017023001409/tsla-20221231.htm,7.695569620253164,1.1753164556962026,1.0373417721518987,0.4493670886075949,7.0205696202531644,14.524683544303798,14.337025316455696,14.146835443037975,1.8294303797468352,389248800000.0,378743800000.0,26.20145395799677,16.006612385886996,118.7458206223307,274.1188732394366,8.707247673586256,8.707247673586256,15.574627847684845,75.67308691308692,115.54112263575352,266.720985915493,0.0095414552337733,0.0036480523510926,0.128579098067287,0.0698098083509436,-2.098901098901099,1.53195552061103,118.21212121212122,0.8890697043666937,0.0,0.0,0.0,0.0333086602516654,0.0072020209380844,0.5668090298962782,0.0764043095649313,1.878665318503539,0.0172300353647503,19.34186369187696,0.0630151719857994,0.0454339714967276,-1.7789556962025317,14208000000.0,45305000000.0,4477000000.0,51436000000.0,2572000000.0,14576000000.0,11583000000.0,10.925240562546264,74.04940402351545,62.32188123617928,8.237804878048781,1.2154047853162897,1.44411558532596,0.0830798138869005,0.5879746835443038,2023-01-25,1.13,amc,24669077753.0,2025-04-25,2022-12-31,0.0530973451327434,189.3425396825397,104202953.96825396
2022-09-30,TSLA,USD,1318605,2022-10-24,2022-10-24 06:08:50,2022,Q3,21454000000.0,16072000000.0,5382000000.0,0.2508623101,733000000,0.0,0.0,961000000.0,0.0,1694000000.0,17766000000.0,86000000.0,53000000.0,956000000.0,4645000000.0,0.2165097418,3688000000.0,0.1719026755,-52000000.0,3636000000.0,0.1694788851,305000000.0,3292000000.0,0.1534445791,1.05,0.95,3146000000,3468000000,https://www.sec.gov/Archives/edgar/data/1318605/000095017022019867/0000950170-22-019867-index.htm,https://www.sec.gov/Archives/edgar/data/1318605/000095017022019867/tsla-20220930.htm,6.819453273998729,1.0464081373172285,1.621106166560712,1.047997457088366,6.709154481881755,13.071837253655437,12.86935791481246,12.667196439923712,1.8839796567069296,834476500000.0,820818500000.0,63.37154465370595,38.89607998508437,163.6228431372549,253.1017591750076,20.93991367845224,20.93991367845224,38.25946210496877,176.71011840688914,160.94480392156862,248.95920533818625,0.0039449882650979,0.0039509800455734,0.1473990615041027,0.0789240319243275,-2.940365984930032,1.4623542318475478,69.58490566037736,1.5492102065613609,0.0,0.0,0.0,0.0341661228675305,0.0085588369655765,0.3535294117647058,0.0840402722103104,1.8859832635983265,0.0168733103383984,17.269591547398274,0.0653457771895091,0.0446136958083183,-1.7124920534011443,11379000000.0,40487000000.0,2688000000.0,46585000000.0,2136500000.0,12554500000.0,9217500000.0,9.195488020881886,77.82043305126928,57.82914385266301,9.787408759124087,1.1565085989781967,1.5563087053355282,0.0826077137336578,0.5731087094723458,2022-10-19,0.99,amc,21982042234.0,2025-04-25,2022-09-30,0.0606060606060606,279.270625,74053409.375
2022-06-30,TSLA,USD,1318605,2022-07-25,2022-07-25 06:07:25,2022,Q2,16934000000.0,12700000000.0,4234000000.0,0.2500295264,667000000,0.0,0.0,961000000.0,142000000.0,1770000000.0,14470000000.0,26000000.0,44000000.0,922000000.0,3440000000.0,0.2031416086,2464000000.0,0.1455060824,10000000.0,2474000000.0,0.1460966104,205000000.0,2259000000.0,0.1334002598,0.73,0.65,3111000000,3464000000,https://www.sec.gov/Archives/edgar/data/1318605/000095017022012936/0000950170-22-012936-index.htm,https://www.sec.gov/Archives/edgar/data/1318605/000095017022012936/tsla-20220630.htm,5.443265830922533,0.7261330761812922,0.7557055609128898,0.1996142719382835,6.080038572806171,12.104789456766314,11.894246223079396,11.69270331083253,2.1565413050466087,698326170000.0,686667170000.0,77.28266600265604,41.238110901145625,297.03367503190134,1124.518792270531,19.19744254453486,19.19744254453486,40.549614385260426,199.61254941860463,292.07450871969377,1105.74423510467,0.0032348780513266,0.0008892692651057,0.1832252034308335,0.0972808080218352,-3.389244186046512,1.4308235186288438,56.0,1.0421099290780145,0.0,0.0,0.0,0.0393882130624778,0.0095602294455066,0.7358570820927265,0.1021613322310145,1.876355748373102,0.0213180583441596,13.8215527000162,0.0464698461366087,0.0332901058091897,-2.033188685310189,9401000000.0,37003000000.0,367000000.0,43740000000.0,2196000000.0,11191500000.0,7399500000.0,11.059997637888271,79.45511811023623,57.45826771653544,8.137433925997117,1.132714948269711,1.5663542180562406,0.0621013855289201,0.5560912889746062,2022-07-20,0.6,amc,16539370385.0,2025-04-25,2022-06-30,0.2666666666666667,272.9595161290323,88393698.38709678
2022-03-31,TSLA,USD,1318605,2022-04-25,2022-04-22 21:36:59,2022,Q1,18756000000.0,13296000000.0,5460000000.0,0.2911068458,865000000,0.0,0.0,992000000.0,0.0,1857000000.0,15153000000.0,28000000.0,61000000.0,880000000.0,4567000000.0,0.2434954148,3603000000.0,0.1920985285,23000000.0,3626000000.0,0.1933248027,346000000.0,3318000000.0,0.1769033909,1.07,0.96,3103000000,3472000000,https://www.sec.gov/Archives/edgar/data/1318605/000095017022006034/0000950170-22-006034-index.htm,https://www.sec.gov/Archives/edgar/data/1318605/000095017022006034/tsla-20220331.htm,6.044473090557525,1.0692877860135352,1.2874637447631323,0.7135030615533354,5.805027392845633,11.41024814695456,10.857557202707058,10.984531098936513,2.2835965194972605,1114597600000.0,1104117600000.0,83.98113321277879,59.426188952868415,278.9981476846057,503.4316169828365,32.700531025377735,32.700531025377735,58.86743442098528,241.75992993212176,276.37486858573214,498.6981029810298,0.0029768590924652,0.0019863670978656,0.2061023910811207,0.1063781459159877,-2.294723012918765,1.3539967373572597,59.0655737704918,1.2179878048780488,0.0,0.0,0.0,0.0461185753892087,0.0259698961204155,0.4458072590738423,0.0949562806568564,2.0238636363636364,0.0222862017487737,16.256585162066468,0.0698813161712084,0.0515834149526607,-2.429987109249114,7595000000.0,33691000000.0,-1582000000.0,41949000000.0,2112000000.0,10598000000.0,6224000000.0,11.089251439539348,75.61597472924187,45.291064981949454,8.115967113803547,1.1902246889266852,1.9871469137647584,0.0973448731113393,0.573960683209797,2022-04-20,0.75,amc,17868578587.0,2025-04-25,2022-03-31,0.4266666666666667,311.4675806451613,81232354.83870968
2021-12-31,TSLA,USD,1318605,2022-05-02,2022-04-29 18:05:17,2021,Q4,17719000000.0,12872000000.0,4847000000.0,0.2735481686,740000000,0.0,0.0,1494000000.0,0.0,2234000000.0,15106000000.0,25000000.0,71000000.0,848000000.0,3461000000.0,0.1953270501,2613000000.0,0.1474688188,22000000.0,2635000000.0,0.1487104238,292000000.0,2321000000.0,0.1309893335,0.77,0.54,3045000000,4305000000,https://www.sec.gov/Archives/edgar/data/1318605/000156459022016871/0001564590-22-016871-index.htm,https://www.sec.gov/Archives/edgar/data/1318605/000156459022016871/tsla-10ka_20211231.htm,5.819047619047619,0.7622331691297208,1.5057471264367817,0.910016420361248,5.815106732348112,10.372085385878488,9.808210180623972,9.914285714285716,2.9372742200328408,1072631700000.0,1063928700000.0,115.53551271003876,60.53567921440262,233.9436641221374,387.0919162757127,35.530547550432274,35.530547550432274,60.04451154128337,307.40499855533085,232.0455179934569,383.9511728617828,0.0021638368509899,0.0025833657535946,0.2939150021531021,0.1428111570713492,-2.514591158624675,1.3752854605430094,36.80281690140845,1.95689287238583,0.0,0.0,0.0,0.0417630791805406,0.0276351579726706,0.3956379498364231,0.1023759805858118,2.1391509433962264,0.0314916191658671,13.039648842752406,0.0523544458114003,0.0384182474260932,-2.800574712643678,7395000000.0,29866000000.0,-3448000000.0,40284000000.0,1937500000.0,9142500000.0,5478000000.0,9.71668830069417,70.09400248601617,40.25248601615911,9.262415054887612,1.283990024937656,2.2358867465693937,0.0768823081254761,0.5957307060755337,2022-01-26,0.79,amc,15747600000.0,2025-04-25,2021-12-31,0.0759493670886075,335.3896875,79129781.25
2021-09-30,TSLA,USD,1318605,2021-10-25,2021-10-25 06:12:15,2021,Q3,13757000000.0,10097000000.0,3660000000.0,0.2660463764,611000000,0.0,0.0,994000000.0,51000000.0,1656000000.0,11753000000.0,10000000.0,126000000.0,761000000.0,2769000000.0,0.2012793487,2004000000.0,0.1456712946,-122000000.0,1882000000.0,0.1368030821,223000000.0,1618000000.0,0.1176128516,0.54,0.48,2994000000,3369000000,https://www.sec.gov/Archives/edgar/data/1318605/000095017021002253/0000950170-21-002253-index.htm,https://www.sec.gov/Archives/edgar/data/1318605/000095017021002253/tsla-20210930.htm,4.594856379425518,0.5404141616566466,1.0511022044088176,0.4415497661990648,5.375751503006012,9.517034068136272,9.36005344021376,9.035738142952573,3.424181696726787,773919060000.0,767980060000.0,119.5795828182942,56.25638293232536,245.9228026692088,585.4153252647503,28.607513399622967,28.607513399622967,55.82467543795886,277.34924521487903,244.03560851604703,580.9228895612708,0.0020906579041999,0.0017081889674612,0.3743022954940302,0.1750873188781685,-2.144817623690863,1.3850756190792757,15.904761904761903,1.9449938195302845,0.0,0.0,0.0,0.0444137529984735,0.0081267074731127,0.5799173816333015,0.1326597368612342,2.3981603153745072,0.0345278767173075,10.481813736330928,0.0422193992165558,0.0282058433860958,-3.064128256513026,6951000000.0,28024000000.0,-4338000000.0,36669000000.0,2045500000.0,7909000000.0,4966000000.0,12.835647306825615,73.62582945429335,46.34148757056551,7.011722731906218,1.2223970944309928,1.9421042508174648,0.0598085240084279,0.6095524382097528,2021-10-20,0.53,amc,13148600000.0,2025-04-25,2021-09-30,0.1698113207547169,235.3653125,57184968.75
2021-06-30,TSLA,USD,1318605,2021-07-27,2021-07-27 06:47:13,2021,Q2,11958000000.0,9074000000.0,2884000000.0,0.2411774544,576000000,0.0,0.0,973000000.0,23000000.0,1572000000.0,10646000000.0,11000000.0,75000000.0,681000000.0,2049000000.0,0.171349724,1312000000.0,0.109717344,-19000000.0,1293000000.0,0.1081284496,115000000.0,1142000000.0,0.0955009199,0.39,0.34,2913000000,3357000000,https://www.sec.gov/Archives/edgar/data/1318605/000095017021000524/0000950170-21-000524-index.htm,https://www.sec.gov/Archives/edgar/data/1318605/000095017021000524/tsla-20210630.htm,4.105046343975284,0.3920357020254034,0.729145211122554,0.2090628218331617,5.571232406453828,9.011328527291452,8.844490216271884,8.514933058702368,3.847579814624099,659998410000.0,654902410000.0,144.48301444833623,55.1930431510286,310.7337146892655,1083.7412315270935,26.60854741170779,26.60854741170779,54.7668849305904,319.6205026842362,308.33446798493407,1075.3734154351396,0.0017303071987703,0.0009227294956665,0.4488388969521045,0.2018822761397019,-2.4870668618838456,1.5083379146050944,17.493333333333332,1.8598949211908933,0.0,0.0,0.0,0.0481685900652283,0.0088129692090088,0.713276836158192,0.1266934269944807,2.2246696035242293,0.0396387355745107,8.666518885098746,0.0294215701744451,0.0208927918038785,-2.987899073120494,8322000000.0,25764000000.0,-4203000000.0,35838000000.0,2009500000.0,7103000000.0,4432500000.0,16.0235825388861,74.9636323561825,46.9440158695173,5.61672146547675,1.200582164593808,1.917177266004648,0.0460409611353007,0.5200823892893924,2021-07-26,0.33,amc,8644038631.0,2025-04-25,2021-06-30,0.4545454545454544,217.08603174603172,86839876.1904762
2021-03-31,TSLA,USD,1318605,2021-04-28,2021-04-27 20:02:05,2021,Q1,10389000000.0,8174000000.0,2215000000.0,0.2132062759,666000000,0.0,0.0,1056000000.0,-101000000.0,1722000000.0,9896000000.0,10000000.0,99000000.0,621000000.0,1253000000.0,0.1206083357,594000000.0,0.0571758591,-61000000.0,533000000.0,0.0513042641,69000000.0,438000000.0,0.0421599769,0.15,0.13,2883000000,3399000000,https://www.sec.gov/Archives/edgar/data/1318605/000095017021000046/0000950170-21-000046-index.htm,https://www.sec.gov/Archives/edgar/data/1318605/000095017021000046/tsla-20210331.htm,3.6035379812695103,0.1519250780437044,0.5691987513007284,-0.4228234477974332,5.945542837322233,8.485952133194589,8.31078737426292,7.983697537287548,4.373916059660076,641871120000.0,637241120000.0,366.364794520548,61.78372509384926,391.14632541133454,-526.5554716981133,27.88682799669809,27.88682799669809,61.3380614111079,508.5723224261771,388.324875076173,-522.7572764561115,0.0006823799768402,-0.0018991351410233,0.5435547638701829,0.2361813788416522,-3.695131683958499,1.660617059891107,6.0,3.5366379310344827,0.0,0.0,0.0,0.0641062662431417,0.0095333383674394,1.7428397318708104,0.2752911733564347,4.605475040257649,0.0591009721821157,5.224058490021833,0.0128571866404792,0.0083481045228429,-2.7341311134235173,9828000000.0,23960000000.0,-3802000000.0,35177000000.0,1888000000.0,6349500000.0,4116500000.0,16.373086918856483,73.19794470271593,45.49547345241008,5.496825396825397,1.2295427196149218,1.9782187802516944,0.0190294130425337,0.9920221990981616,2021-04-26,0.26,amc,9976330000.0,2025-04-25,2021-03-31,0.1923076923076922,251.0622950819672,106770742.62295082
2020-12-31,TSLA,USD,1318605,2021-02-08,2021-02-08 07:27:23,2020,Q4,10744000000.0,8678000000.0,2066000000.0,0.192293373,522000000,0.0,0.0,969000000.0,0.0,1491000000.0,10169000000.0,6000000.0,246000000.0,618000000.0,1243000000.0,0.1156924795,575000000.0,0.0535182427,-196000000.0,379000000.0,0.0352755026,83000000.0,239000000.0,0.0222449739,0.0838,0.0709,2853000000,3372000000,https://www.sec.gov/Archives/edgar/data/1318605/000156459021004599/0001564590-21-004599-index.htm,https://www.sec.gov/Archives/edgar/data/1318605/000156459021004599/tsla-10k_20201231.htm,3.765860497721696,0.0837714686295127,1.0581843673326323,0.6484402383456012,6.794251664914126,8.299684542586752,8.117420259376095,7.790045566070803,4.74062390466176,671082660000.0,664977660000.0,701.969309623431,62.46115599404319,222.28640609473337,362.7473837837838,30.19494533183352,30.19494533183352,61.892931868950114,534.9780048270313,220.26421331566743,359.4473837837838,0.0003561409260671,0.0027567393858753,0.5974803149606299,0.2546406381836312,-4.911504424778761,1.8751403705783267,2.33739837398374,10.199324324324325,0.0,0.0,0.0,0.0485852568875651,0.0099716192375546,0.3872143093739649,0.1088049143708116,1.8915857605177997,0.0589166046165301,3.831857258512241,0.0111375342166711,0.0046292709382505,-1.969856291622853,12469000000.0,23159000000.0,-1752000000.0,36367000000.0,1821500000.0,5504500000.0,4159500000.0,15.798585256887565,62.75524314358147,42.53168932933856,5.696712619300106,1.4341431168401917,2.116069251402097,0.0107536557930258,0.4097441289870312,2021-01-27,0.3,amc,10196800000.0,2025-04-25,2020-12-31,-0.0999999999999999,170.65015625,131841150.0
2020-09-30,TSLA,USD,1318605,2020-10-26,2020-10-26 06:06:44,2020,Q3,8771000000.0,6708000000.0,2063000000.0,0.2352069319,366000000,0.0,0.0,888000000.0,0.0,1254000000.0,7962000000.0,6000000.0,163000000.0,584000000.0,1302000000.0,0.148443735,809000000.0,0.092235777,-254000000.0,555000000.0,0.0632767073,186000000.0,300000000.0,0.0342036256,0.11,0.0905,2811000000,3315000000,https://www.sec.gov/Archives/edgar/data/1318605/000156459020047486/0001564590-20-047486-index.htm,https://www.sec.gov/Archives/edgar/data/1318605/000156459020047486/tsla-10q_20200930.htm,3.120241906794735,0.1067235859124866,0.8537886872998933,0.4887940234791889,5.169334756314479,6.225542511561722,6.04019921736037,5.702952685876912,5.452152258982569,401973000000.0,402605000000.0,334.9775,45.82977995667541,167.48874999999998,292.55676855895194,25.0747302102177,25.0747302102177,45.90183559457302,309.2204301075269,167.75208333333333,293.0167394468705,0.0007463187826048,0.0034181400243299,0.9458549061193936,0.3318596660173776,0.4854070660522273,1.6346414073071718,4.96319018404908,8.0,0.0,0.0,0.0,0.0417284232128605,0.0114026832417762,0.4275,0.1169763994983468,1.7568493150684932,0.0619085623076046,3.700593212018271,0.0150173290804834,0.0066415762674341,-3.640430451796514,8442000000.0,16979000000.0,-6447000000.0,30956000000.0,1621000000.0,4298000000.0,4118000000.0,18.028731045490822,66.52057245080502,56.59212880143113,4.99203187250996,1.3529649052037112,1.5903271692745378,0.0187137421246335,0.3649946638207044,2020-10-21,0.18,amc,6809065789.0,2025-04-25,2020-09-30,0.3888888888888889,118.06953125,243132689.0625
2020-06-30,TSLA,USD,1318605,2020-07-28,2020-07-28 06:03:48,2020,Q2,6036000000.0,4769000000.0,1267000000.0,0.2099072233,279000000,0.0,0.0,661000000.0,0.0,940000000.0,5709000000.0,8000000.0,170000000.0,567000000.0,887000000.0,0.1469516236,327000000.0,0.0541749503,-177000000.0,150000000.0,0.0248508946,21000000.0,104000000.0,0.0172299536,0.0373,0.0335,2790000000,3108000000,https://www.sec.gov/Archives/edgar/data/1318605/000156459020033670/0001564590-20-033670-index.htm,https://www.sec.gov/Archives/edgar/data/1318605/000156459020033670/tsla-10q_20200630.htm,2.163440860215054,0.0372759856630824,0.3455197132616487,0.1426523297491039,3.087813620071685,4.063440860215054,3.881362007168459,3.532258064516129,5.608243727598566,200852100000.0,207714100000.0,482.817548076923,33.2756958250497,208.3528008298755,504.6535175879397,20.380730593607304,20.380730593607304,34.41254141815772,234.1759864712514,215.4710580912863,521.8947236180904,0.0005177939389232,0.0019815575739561,1.5704718417047183,0.4058476465189458,7.736189402480271,1.2498777506112468,1.923529411764706,9.26923076923077,0.0,0.0,0.0,0.0462226640159045,0.0133210961059394,0.5871369294605809,0.0937707090788601,0.9982363315696648,0.0574884029158383,1.7212027834779484,0.0094299510428542,0.0027639726791931,-5.397939068100358,3066000000.0,10829000000.0,-11462000000.0,24448000000.0,1379500000.0,3804000000.0,4256000000.0,22.142147117296226,68.65590270496959,75.82721744600545,4.064646464646465,1.3108851017042331,1.1869089099054255,0.0105530187721968,0.2028673835125448,2020-07-22,0.01084,amc,411545454.0,2025-04-25,2020-06-30,12.837638376383763,54.09777777777778,216655666.66666663
2020-03-31,TSLA,USD,1318605,2020-04-30,2020-04-30 06:26:18,2020,Q1,5985000000.0,4751000000.0,1234000000.0,0.206182122,324000000,0.0,0.0,627000000.0,0.0,951000000.0,5702000000.0,10000000.0,169000000.0,553000000.0,792000000.0,0.1323308271,283000000.0,0.0472848789,-213000000.0,70000000.0,0.0116959064,2000000.0,16000000.0,0.00267335,0.0058,0.0054,2745000000,2982000000,https://www.sec.gov/Archives/edgar/data/1318605/000156459020019931/0001564590-20-019931-index.htm,https://www.sec.gov/Archives/edgar/data/1318605/000156459020019931/tsla-10q_20200331.htm,2.180327868852459,0.0058287795992714,-0.1602914389799635,-0.3355191256830601,2.9435336976320583,3.8877959927140258,3.699453551912568,3.341712204007286,5.598907103825137,95882850000.0,103002850000.0,1498.16953125,16.020526315789475,-217.9155681818182,-104.107328990228,10.452725389730732,10.452725389730732,17.21016708437761,130.05410353535353,-234.0973863636364,-111.83805646036916,0.0001668703005803,-0.009605471677156,1.657036956284749,0.4080536912751678,8.98989898989899,1.2425329551143,1.6745562130177514,-27.5,0.0,0.0,0.0,0.0541353383458646,0.0138791946308724,-1.0931818181818185,0.0803675856307435,0.8698010849909584,0.0352548036758563,0.6620100741155408,0.0095572496337314,0.0004355756404323,-5.572131147540984,2907000000.0,10155000000.0,-11685000000.0,23893000000.0,1299000000.0,3870500000.0,4023000000.0,19.157894736842103,75.20521995369396,85.13155125236793,4.697802197802198,1.1967254408060453,1.0571873609256788,0.0017442494276681,0.1752276867030965,2020-04-29,0.01437,amc,1301086956.0,2025-04-25,2020-03-31,4.567153792623521,41.45516129032258,314695233.87096775
2019-12-31,TSLA,USD,1318605,2020-02-13,2020-02-13 07:12:18,2019,Q4,7384000000.0,5993000000.0,1391000000.0,0.1883802817,344928000,0.0,0.0,699000000.0,-12000000.0,1044000000.0,7025000000.0,10000000.0,170000000.0,577000000.0,921000000.0,0.1247291441,359000000.0,0.0486186349,-185000000.0,174000000.0,0.0235644637,42000000.0,105000000.0,0.014219935,0.0389,0.0374,2700000000,2805000000,https://www.sec.gov/Archives/edgar/data/1318605/000156459020004475/0001564590-20-004475-index.htm,https://www.sec.gov/Archives/edgar/data/1318605/000156459020004475/tsla-10k_20191231.htm,2.734814814814815,0.0388888888888888,0.5277777777777778,0.3614814814814814,2.3214814814814817,3.0037037037037035,2.804814814814814,2.451111111111111,5.471481481481481,75303000000.0,83638000000.0,179.29285714285714,10.198131094257857,52.84421052631579,77.1547131147541,11.378513145965549,11.378513145965549,11.326923076923077,90.81216069489685,58.693333333333335,85.69467213114754,0.0013943667582964,0.0129609710104511,2.206557872469024,0.4256317584307325,9.049945711183495,1.1346207931002157,2.111764705882353,10.795454545454543,0.0,0.0,0.0,0.0467128927410617,0.01565186977178,0.3150877192982456,0.0608071505958829,0.7781629116117851,0.0380552546045503,1.4644870167475783,0.0106169042408469,0.0031090844486556,-6.356296296296296,1436000000.0,7573000000.0,-14096000000.0,22169000000.0,1226000000.0,3619500000.0,3566500000.0,16.13759479956663,56.63106958117804,53.34223260470549,5.577039274924472,1.5892336250331478,1.6872184684684686,0.0158658204895738,0.1662962962962963,2020-01-29,0.11,amc,6303414634.0,2025-04-25,2019-12-31,0.2727272727272728,21.69171875,138945328.125
2019-09-30,TSLA,USD,1318605,2019-10-29,2019-10-29 07:23:29,2019,Q3,6303000000.0,5112000000.0,1191000000.0,0.1889576392,334000000,0.0,0.0,596000000.0,0.0,930000000.0,6042000000.0,15000000.0,185000000.0,530000000.0,891000000.0,0.1413612565,261000000.0,0.0414088529,-85000000.0,176000000.0,0.0279232112,26000000.0,143000000.0,0.0226876091,0.0531,0.0517,2691000000,2766000000,https://www.sec.gov/Archives/edgar/data/1318605/000156459019038256/0001564590-19-038256-index.htm,https://www.sec.gov/Archives/edgar/data/1318605/000156459019038256/tsla-10q_20190930.htm,2.342251950947603,0.0531400966183574,0.2809364548494983,0.1285767372723894,1.983649201040505,2.7803790412486067,2.58082497212932,2.2445187662578965,5.424749163879599,43217460000.0,52292460000.0,75.55499999999999,6.856649214659686,57.16595238095238,124.90595375722545,7.155208609271523,7.155208609271523,8.296439790575917,58.68962962962963,69.16992063492063,151.1342774566474,0.0033088478591754,0.0080060234914314,2.386258278145696,0.43948772678762,10.185185185185183,1.0782574413561994,1.4108108108108108,5.286713286713287,0.0,0.0,0.0,0.0529906393780739,0.0163744473242872,0.5423280423280423,0.0650483896557195,0.7735849056603774,0.0315722671743614,1.6381891655925689,0.0090123645498007,0.0044330088660177,-6.44314381270903,794000000.0,6945000000.0,-14373000000.0,21179000000.0,1137550000.0,3300793500.0,3481679000.0,16.106615897191816,61.056338028169016,63.04577464788732,5.587765957446808,1.4740484429065743,1.4275342083216978,0.0236754966887417,0.1523597175771089,2019-10-23,0.01867,amc,1362810810.0,2025-04-25,2019-09-30,5.427423674343868,15.6559375,109899046.875
2019-06-30,TSLA,USD,1318605,2019-07-29,2019-07-29 06:21:00,2019,Q2,6349676000.0,5428630000.0,921046000.0,0.1450540154,324000000,0.0,0.0,647000000.0,117000000.0,1088000000.0,6517134000.0,10000000.0,172000000.0,579000000.0,381000000.0,0.0600030616,-167000000.0,-0.0263005545,-203000000.0,-370000000.0,-0.0582706897,19000000.0,-408000000.0,-0.064255247,-0.15,-0.15,2655000000,2655000000,https://www.sec.gov/Archives/edgar/data/1318605/000156459019026445/0001564590-19-026445-index.htm,https://www.sec.gov/Archives/edgar/data/1318605/000156459019026445/tsla-10q_20190630.htm,2.391591713747646,-0.1536723163841808,0.3254237288135593,0.2225988700564971,1.8661920903954805,2.6932056497175143,2.5121009416195856,2.152690395480226,5.375831261770244,40196700000.0,49342792000.0,-24.63033088235294,6.330511982028689,46.52395833333334,68.01472081218274,7.033059668862666,7.033059668862666,7.770914925422966,129.5086404199475,57.109712962962966,83.49034179357022,-0.0101500869474359,0.01470269947533,2.4671675246129183,0.4424123958270485,24.005490813648297,1.0618618252825465,-0.9709302325581396,-2.115914912791979,0.0,0.0,0.0,0.0510262255900931,0.0150860941767625,0.3159722222222222,0.042994319710171,0.4883720930232558,0.0330725536232084,,-0.0072915094463119,-0.0129970396056749,-6.484328436911488,593179000.0,6669628000.0,-14540184000.0,20679551000.0,1097022499.5,3191207000.0,3609604000.0,16.258939826221056,51.95101342327622,56.07533023985794,5.53541626710836,1.7324012385805787,1.6049838603719653,-0.0713861671454614,0.1028248587570621,2019-07-24,-0.02228,amc,2020351454.0,2025-04-25,2019-06-30,2.1418312387791745,15.563333333333334,173408738.0952381
2019-03-31,TSLA,USD,1318605,2019-04-29,2019-04-29 06:09:07,2019,Q1,4541464000.0,3975721000.0,565743000.0,0.124572825,340174000,0.0,0.0,704000000.0,43471000.0,1088000000.0,5063295000.0,9000000.0,158000000.0,468000000.0,-19742000.0,-0.0043470564,-522000000.0,-0.1149409089,-123000000.0,-645000000.0,-0.1420246863,23000000.0,-702000000.0,-0.1545757051,-0.27,-0.27,2595000000,2595000000,https://www.sec.gov/Archives/edgar/data/1318605/000156459019013462/0001564590-19-013462-index.htm,https://www.sec.gov/Archives/edgar/data/1318605/000156459019013462/tsla-10q_20190331.htm,1.75008246628131,-0.2705202312138728,-0.2464763005780346,-0.3640843930635838,0.847078612716763,2.326746050096339,2.192688246628131,1.7747961464354527,4.893299807321773,50031600000.0,60373544000.0,-17.81752136752137,11.016623714291253,-78.22253074549019,-52.95475545592237,10.86321944000299,10.86321944000299,13.29385061733397,-3058.127038800527,-94.39177243490523,-63.90093977660857,-0.0140311323243709,-0.0188840452833809,2.7227991773486,0.4337259867038934,-523.8549285786647,0.8306813952481932,-3.3037974683544302,0.957494011976048,0.0,0.0,0.0,0.0749040397545813,0.0120321560303763,-0.4771578127784918,0.0672014575035715,0.6527117458728723,0.0458002089194145,,-0.0252899487720246,-0.0245758357779638,-6.92594036637765,-1564978000.0,5690026000.0,-15196796000.0,18102195000.0,997972499.5,3326639000.0,3474925000.0,20.747725823655102,73.5450073081084,86.85632115533258,4.337824818245299,1.2237404453976777,1.0361940133182168,-0.1524232694313613,0.1176080924855491,2019-04-24,-0.08,amc,1096215448.0,2025-04-25,2019-03-31,1.375,20.074262295081965,127375991.80327868
2018-12-31,TSLA,USD,1318605,2019-02-19,2019-02-19 06:10:16,2018,Q4,7225873000.0,5782973000.0,1442900000.0,0.1996852145,356000000,635452000.0,32000000.0,667452000.0,5912000.0,1029364000.0,6812337000.0,7348000.0,174723000.0,496737000.0,903416000.0,0.12502517,413536000.0,0.0572299015,-181580000.0,231956000.0,0.0321007579,21878000.0,139483000.0,0.0193032731,0.0541,0.0519,2580390000,2685390000,https://www.sec.gov/Archives/edgar/data/1318605/000156459019003165/0001564590-19-003165-index.htm,https://www.sec.gov/Archives/edgar/data/1318605/000156459019003165/tsla-10k_20181231.htm,2.8003026674262417,0.0540550071888357,0.4784396932246675,0.341289494998818,1.4284662395994403,2.446529400594484,2.310890989346571,1.907851138781347,5.426591716755994,57258854100.0,67400854100.0,102.62694037983124,7.924143435678983,46.37993108481477,65.01811607203688,11.63088647166362,11.63088647166362,9.327710866216442,74.60666415029178,54.59499700703327,76.53447879999092,0.0024360075344225,0.0153803287516366,2.8088563883810687,0.4649630127774041,11.226278923552384,0.8312818973281297,2.366809177955965,5.8766791382248496,0.0,0.0,0.0879412079343215,0.0492674033988695,0.0117686617350369,0.2866614124372955,0.0489769194670318,0.7124514582163197,0.0283702744291243,1.52328605586614,0.0166747448818509,0.0047459339911534,-6.771360143234162,-1686000000.0,5963000000.0,-15120000000.0,18357000000.0,1052000500.0,3500717500.0,3213563500.0,11.820025068251269,52.98323025198285,48.447398941686224,7.614197049525816,1.6986506781857045,1.8576848699004176,0.0283329270769855,0.1371501982258496,2019-01-30,0.14,amc,8152297435.0,2025-04-25,2018-12-31,-0.0714285714285714,21.51047619047619,134721666.66666666
2018-09-30,TSLA,USD,1318605,2018-11-02,2018-11-01 20:38:56,2018,Q3,6824000000.0,5300000000.0,1524000000.0,0.2233294256,351000000,0.0,0.0,730000000.0,27000000.0,1108000000.0,6407656000.0,7000000.0,175000000.0,502512000.0,948512000.0,0.138996483,416000000.0,0.060961313,-145000000.0,271000000.0,0.0397127784,17000000.0,311000000.0,0.0455744431,0.12,0.12,2565000000,2563395000,https://www.sec.gov/Archives/edgar/data/1318605/000156459018026353/0001564590-18-026353-index.htm,https://www.sec.gov/Archives/edgar/data/1318605/000156459018026353/tsla-10q_20180930.htm,2.660428849902534,0.1212475633528265,0.542409746588694,0.3243235867446394,1.156921637426901,2.2820931773879143,2.1430280701754385,1.7578315789473684,5.313912670565302,53121150000.0,63608832000.0,42.70188906752412,7.784459261430246,38.18146729524805,63.85597855485701,11.781561014168174,11.781561014168174,9.321341148886283,67.06170507067912,45.71961523229312,76.46303237206843,0.0058545419291562,0.0156602407892148,2.9841804030217984,0.4598065121303004,11.05698399176816,0.810253552721117,2.377142857142857,4.466162251698147,0.0,0.0,0.0,0.0514361078546307,0.012189642156556,0.4018958068140081,0.0819387456037514,1.1120171033659825,0.0300435228604923,2.1898602475889763,0.0180561904761737,0.0107590078755591,-6.985702046783626,-1854833000.0,5496867000.0,-15488653000.0,18235838000.0,862437500.0,3313738500.0,3319385000.0,15.233014361078546,61.08086037735849,56.27762830188679,5.908219992883123,1.4734566514613354,1.599214514108844,0.0689756429483605,0.2179922027290448,2018-10-24,0.03014,amc,470648275.0,2025-04-25,2018-09-30,5.303915063039151,20.82730158730159,153753285.7142857
2018-06-30,TSLA,USD,1318605,2018-08-06,2018-08-03 21:56:44,2018,Q2,4002231000.0,3383301000.0,618930000.0,0.1546462461,386129000,0.0,0.0,750759000.0,103434000.0,1240322000.0,4623623000.0,5064000.0,163582000.0,485255000.0,-80162000.0,-0.0200293286,-621392000.0,-0.155261403,-107607000.0,-728999000.0,-0.1821481569,13707000.0,-717539000.0,-0.1792847539,-0.28,-0.28,2549955000,2549955000,https://www.sec.gov/Archives/edgar/data/1318605/000156459018019254/0001564590-18-019254-index.htm,https://www.sec.gov/Archives/edgar/data/1318605/000156459018019254/tsla-10q_20180630.htm,1.5695300505303034,-0.2813928088927059,-0.0508495247955356,-0.3164279369635934,0.8770444968636701,2.065570961056176,1.9225527509308988,1.531956838454012,5.2881439084219135,58291971300.0,69376494300.0,-20.30968745252871,14.564869269165124,-449.5617233773445,-72.24393718001629,14.922091423325853,14.922091423325853,17.33445528256615,-865.4536351388439,-535.0482346680651,-85.98149941069084,-0.0123093967144665,-0.013841991993158,3.410013155264115,0.4772822285919025,-138.2765275317482,0.7329101505880633,-3.7986575540096097,0.1745832132768551,0.0,0.0,0.0,0.0964784391505637,0.0130666427803654,-5.222829775419546,0.1692088737506655,1.395581704464663,0.0493084981851372,,-0.0303315968101245,-0.0260494073219724,-7.183160487145852,-2441565000.0,4902423000.0,-15943090000.0,17514551000.0,611361000.0,2816995500.0,2945234500.0,12.815017424031746,80.6148699155056,88.43962449690406,7.02301034965624,1.1164193416714707,1.017643398103195,-0.1836819431392571,0.2655784121680579,2018-08-01,-0.19,amc,3819092810.0,2025-04-25,2018-06-30,0.0526315789473684,20.3221875,131089218.75
2018-03-31,TSLA,USD,1318605,2018-05-07,2018-05-04 21:46:25,2018,Q1,3408751000.0,2952225000.0,456526000.0,0.1339276468,367096000,0.0,0.0,686404000.0,0.0,1053500000.0,4005725000.0,5214000.0,149546000.0,416233000.0,-213243000.0,-0.0625575174,-596974000.0,-0.1751298349,-182048000.0,-779022000.0,-0.2285359066,5605000.0,-709551000.0,-0.2081557145,-0.28,-0.28,2537190000,2537190000,https://www.sec.gov/Archives/edgar/data/1318605/000156459018011086/0001564590-18-011086-index.htm,https://www.sec.gov/Archives/edgar/data/1318605/000156459018011086/tsla-10q_20180331.htm,1.3435142815476964,-0.2796601752332304,-0.1570146500656238,-0.4441973206578932,1.0506398811283348,2.254622633701063,2.093928322277796,1.7541827770092109,4.978968070976158,45009750599.99999,54827119599.99999,-15.858532579053511,13.20417672044687,-112.98308783661663,-39.93720622566021,10.112971255051177,10.112971255051177,16.08422545383925,-257.1109935613361,-137.62656284515128,-48.64816963069636,-0.0157643841732373,-0.0250393078161157,2.804739933875496,0.4577333296322682,-46.03841157740231,0.7379948046086874,-3.99190884410148,0.5077266013022749,0.0,0.0,0.0,0.1076922309667089,0.0149501516770536,-1.8290183143562864,0.2137548327818605,1.7505507732447931,0.0415515829698326,,-0.0291607868156275,-0.0264129867061955,-6.744784978657491,-2266439000.0,5312694000.0,-15167103000.0,17321997000.0,584114500.0,2496874000.0,2414681500.0,17.236905834424398,79.36888956634402,78.22044051520463,5.22135474107296,1.1339455609337898,1.1505943894870505,-0.1594247639975329,0.2871826705922694,2018-05-02,-0.22,amc,3642837014.0,2025-04-25,2018-03-31,-0.0,21.995081967213117,96081147.5409836
2017-12-31,TSLA,USD,1318605,2018-02-23,2018-02-23 06:07:43,2017,Q4,3288249000.0,2849463000.0,438786000.0,0.1334406245,354637000,615790000.0,66500000.0,682290000.0,0.0,1036927000.0,3886390000.0,6280000.0,146363000.0,469606000.0,-163932000.0,-0.0498538888,-598141000.0,-0.1819025871,-181760000.0,-779901000.0,-0.2371782064,-9094000.0,-675350000.0,-0.2053828649,-0.27,-0.27,2524710000,2524710000,https://www.sec.gov/Archives/edgar/data/1318605/000156459018002956/0001564590-18-002956-index.htm,https://www.sec.gov/Archives/edgar/data/1318605/000156459018002956/tsla-10k_20171231.htm,1.302426417291491,-0.2674960688554329,0.2019602251347679,-0.1569495110329503,1.3339805363784356,2.230878794000103,2.063834262152881,1.678308399776608,4.862826225586305,52412979600.00001,61175928600.00001,-19.40215429036796,15.93948013061055,102.7925176165102,-132.27183610429728,12.369597865781564,12.369597865781564,18.604408790210236,-373.1786875045751,119.978443628148,-154.386422276733,-0.0128851670932289,-0.007560188392724,2.862914839416772,0.4233364340899151,-53.45478003074445,0.8561306219029613,-4.086695407992457,-0.6615028145826387,0.0,0.0,0.1872698813258971,0.1078498009122788,0.0147176243253795,1.777130798543218,0.2755700678385365,1.9295813937641344,0.0408570032257289,,-0.0269206669154929,-0.023920053079956,-7.183728725279339,-1104150000.0,5210583000.0,-16452530000.0,19809301000.0,561557500.0,2388014000.0,2367459500.0,14.106075908485032,75.49580394621724,71.49358668633353,6.380229383698662,1.1921192343897082,1.2588541737996772,-0.1593843353766436,0.3589097361677182,2018-02-07,-0.21,amc,3342282236.0,2025-04-25,2017-12-31,-0.0476190476190475,21.75031746031746,90889095.23809524
2017-09-30,TSLA,USD,1318605,2017-11-03,2017-11-02 19:56:36,2017,Q3,2984675000.0,2535535000.0,449140000.0,0.1504820458,331622000,0.0,0.0,652998000.0,0.0,984620000.0,3520155000.0,5531000.0,117109000.0,400624000.0,-153715000.0,-0.0515014198,-535480000.0,-0.1794098185,-135968000.0,-671448000.0,-0.2249651972,-285000.0,-619376000.0,-0.2075187416,-0.25,-0.25,2509410000,2509410000,https://www.sec.gov/Archives/edgar/data/1318605/000156459017021343/0001564590-17-021343-index.htm,https://www.sec.gov/Archives/edgar/data/1318605/000156459017021343/tsla-10q_20170930.htm,1.1893931242802094,-0.2468213643844569,-0.1197739707740066,-0.6157977373167398,1.4067171167724684,2.4617977931067463,2.2954343849749543,1.8775249959153744,4.710174104670022,57063983399.99999,65236602399.99999,-23.032852177029785,19.118993994320988,-189.8576114079624,-36.927709574066725,12.111689617699746,12.111689617699746,21.8571879350348,-424.3997163581953,-217.04873669991548,-42.21644132586202,-0.0108540617583314,-0.0270799356779569,2.4838583629772386,0.4163595612976292,-53.167348664736686,1.092718899850671,-4.572492293504342,0.4478226600691635,0.0,0.0,0.0,0.111108244616248,0.0148529868317136,-4.141331904898157,0.4170393761464816,3.160553230819233,0.0377438079522896,,-0.0242609023208951,-0.022368542701953,-6.658095926931032,599793000.0,5760186000.0,-14860681000.0,20533863000.0,530636500.0,2372547000.0,2454746500.0,18.32563344417734,84.6843052846835,87.72285927821939,4.911153563894731,1.0627707188179285,1.0259583504290313,-0.1314610271082547,0.4960237665427331,2017-11-01,-0.16,amc,2248746575.0,2025-04-25,2017-09-30,0.1875,23.072222222222223,102403404.76190476
2017-06-30,TSLA,USD,1318605,2017-08-04,2017-08-04 17:15:55,2017,Q2,2789557000.0,2122942000.0,666615000.0,0.2389680512,369774000,0.0,0.0,537757000.0,0.0,907531000.0,3030473000.0,4785000.0,108441000.0,389171000.0,111832000.0,0.0400895196,-240916000.0,-0.0863635337,-144864000.0,-385780000.0,-0.13829436,15647000.0,-336397000.0,-0.1205915491,-0.14,-0.14,2478180000,2478180000,https://www.sec.gov/Archives/edgar/data/1318605/000156459017015705/0001564590-17-015705-index.htm,https://www.sec.gov/Archives/edgar/data/1318605/000156459017015705/tsla-10q_20170630.htm,1.1256474509519083,-0.1357435698778942,-0.0807737936711619,-0.5480166896674172,1.2250619406177117,2.6560278107320694,2.484687149440315,2.0602829495839687,3.8955390649589616,59748919800.0,66258401800.0,-44.40357657767459,21.41878434461099,-298.4878994065104,-43.99501047063363,11.70227613875488,11.70227613875488,23.75230253405828,592.4815956076973,-331.00734268529067,-48.78814697765381,-0.0056301770998711,-0.0227298502558032,1.8695396877874209,0.3665149025455479,58.20768652979469,0.9714480806494606,-2.22163203954224,0.4986510623351194,0.0,0.0,0.0,0.1325565313775628,0.0163038630640302,-5.784585256679256,0.415088130480933,2.9753296108908422,0.0415987197967275,,-0.0123406935582239,-0.0131307151713261,-5.998941259311269,-186911000.0,6157502000.0,-13102146000.0,18456256000.0,446944000.0,2217324500.0,2329223500.0,14.632613708915072,100.02083900549331,103.36127411865232,6.150644156290859,0.8998124880261906,0.8707323005392289,-0.0658858871327867,0.4672428959962553,2017-08-02,-0.13,amc,3817347368.0,2025-04-25,2017-06-30,-0.3076923076923077,22.012698412698413,107368571.42857143
2017-03-31,TSLA,USD,1318605,2017-05-10,2017-05-09 17:56:24,2017,Q1,2696270000.0,2028324000.0,667946000.0,0.2477296413,322040000,0.0,0.0,603455000.0,0.0,925495000.0,2953819000.0,3090000.0,99346000.0,376602000.0,104045000.0,0.0385884945,-257549000.0,-0.0955204783,-114354000.0,-371903000.0,-0.1379324029,25278000.0,-330277000.0,-0.1224940381,-0.14,-0.14,2431935000,2431935000,https://www.sec.gov/Archives/edgar/data/1318605/000156459017009968/0001564590-17-009968-index.htm,https://www.sec.gov/Archives/edgar/data/1318605/000156459017009968/tsla-10q_20170331.htm,1.108693283331997,-0.1358083172453211,-0.0287059481441732,-0.3463838466077424,1.6474918120755695,2.533410638031033,2.3567644694451126,2.0509261143903927,4.011608862901352,45112394250.0,50762427250.0,-34.14739313515625,16.731408297388615,-646.2075353454327,-53.55330562226446,9.044694428455172,9.044694428455172,18.826908006245667,487.88915613436495,-727.1408123361648,-60.26050769068227,-0.0073212030860011,-0.0186729836446222,1.9360806011726,0.385436721068954,54.30374357249267,1.125283426833566,-2.592444587602923,0.1757662123817604,0.0,0.0,0.0,0.1194390769470416,0.0171468307747917,-11.066622738536909,0.2865336186657864,2.051428298309621,0.038466844937636,,-0.0138835057394525,-0.0134127356519421,-5.528771636577458,782450000.0,5731498000.0,-11864747000.0,17767178000.0,469745500.0,1967837000.0,2143895000.0,14.69860585178784,92.0858649801511,98.51988143906004,6.123029687815801,0.9773486953659968,0.913521196791837,-0.0662180447615433,0.3176778984635691,2017-05-03,-0.08934,amc,2389194805.0,2025-04-25,2017-03-31,0.0073875083948958,16.919193548387096,79174572.58064516
2016-12-31,TSLA,USD,1318605,2017-03-01,2017-03-01 16:54:21,2016,Q4,2284631000.0,1849353000.0,435278000.0,0.1905244217,245960000,408016000.0,48000000.0,456016000.0,0.0,701976000.0,2551329000.0,2179000.0,65104000.0,326939000.0,183644000.0,0.0803823462,-266698000.0,-0.1167357004,58299000.0,-208399000.0,-0.091217794,11070000.0,-121337000.0,-0.0531101084,-0.0522,-0.0522,2325360000,2325360000,https://www.sec.gov/Archives/edgar/data/1318605/000156459017003118/0001564590-17-003118-index.htm,https://www.sec.gov/Archives/edgar/data/1318605/000156459017003118/tsla-10k_20161231.htm,0.9824848625589157,-0.0521798775243403,-0.1927482196305088,-0.4857269412048027,1.4592217979151616,2.5394455052120963,2.377687755874359,2.043946313689063,3.721238431898717,33136380000.0,38331279000.0,-68.27344503325449,14.504040258580051,-73.93064396297262,-29.337470893943284,6.971807382885983,6.971807382885983,16.777886231956057,208.7260079283832,-85.5209935543463,-33.93680245066357,-0.0036617457911817,-0.0340861011371791,1.806916855796374,0.3789307360247115,28.28787763281131,1.0742733187975642,-4.096491767018923,2.04224286801325,0.0,0.0,0.1785916412759872,0.1076585234114393,0.0165965292386065,-1.5200074072586671,0.2982017664997105,2.083816858802406,0.0383926332086013,,-0.0155727408588381,-0.0054440674641356,-5.14227969002649,432791000.0,5528980000.0,-10499155000.0,15842273000.0,413018500.0,1733312500.0,1836012500.0,19.66303529979239,90.53473836525532,100.61403096109828,4.577116331625069,0.9940935559663524,0.8945074473241,-0.0255289863412127,0.2929787215742939,2017-02-22,-0.03741,amc,1423736231.0,2025-04-25,2016-12-31,0.3365410318096766,13.142222222222223,66431476.190476194
2016-09-30,TSLA,USD,1318605,2016-11-02,2016-11-01 21:08:34,2016,Q3,2298436000.0,1661701000.0,636735000.0,0.2770296845,214302000,0.0,0.0,336811000.0,0.0,551113000.0,2212814000.0,2858000.0,46713000.0,280468000.0,357192000.0,0.155406546,85622000.0,0.0372522881,-55611000.0,30011000.0,0.0130571397,8133000.0,21878000.0,0.0095186466,0.0098,0.0093,2234865000,2354025000,https://www.sec.gov/Archives/edgar/data/1318605/000156459016026820/0001564590-16-026820-index.htm,https://www.sec.gov/Archives/edgar/data/1318605/000156459016026820/tsla-10q_20160930.htm,1.028445118608954,0.0097894056240533,0.1895635754284934,0.0787689636734209,1.3800641202041286,1.1993959366673157,1.1993959366673157,1.1993959366673157,1.235946690292255,30394164000.0,30025368000.0,347.3142426181552,13.223846128410798,71.74374069099655,172.65683545598108,11.33904124920537,11.33904124920537,13.063390931920663,84.05946381777868,70.8732181593725,170.5618559629171,0.0007198092370627,0.0057918355642221,1.0130472510975614,0.2156428994416233,-1.032486729825976,1.2670058470650771,1.8329372979684453,19.36415577292257,0.0,0.0,0.0,0.0932381845742061,0.0,0.5844720511555557,0.1077302130666244,0.8828493803214627,0.0389582307273293,0.5139853109547485,0.0071166302228387,0.0017373975741076,-2.586373337986858,1090022000.0,2680488000.0,-4739497000.0,8348367000.0,252744500.0,1360581000.0,1607089000.0,12.8002476466606,86.99853944843267,86.90576102439609,7.031113966258278,1.0345001257560928,1.0356045323017804,0.0081619466306135,0.1107946117550724,2016-10-26,0.01355,amc,1748078873.0,2025-04-25,2016-09-30,2.690036900369004,14.43796875,48512554.6875
2016-06-30,TSLA,USD,1318605,2016-08-05,2016-08-05 17:21:19,2016,Q2,1270017000.0,995241000.0,274776000.0,0.216356159,191664000,0.0,0.0,321152000.0,0.0,512816000.0,1508057000.0,2242000.0,46368000.0,183232000.0,-54808000.0,-0.0431553278,-238040000.0,-0.187430562,-51499000.0,-289539000.0,-0.2279804129,3649000.0,-293188000.0,-0.2308536027,-0.14,-0.14,2099745000,2099745000,https://www.sec.gov/Archives/edgar/data/1318605/000156459016023024/0001564590-16-023024-index.htm,https://www.sec.gov/Archives/edgar/data/1318605/000156459016023024/tsla-10q_20160630.htm,0.6048434452754977,-0.1396302884397867,0.0715972653822249,-0.0687626354628776,1.546045353126213,1.2002857489838052,1.2002857489838052,1.2002857489838052,1.5860697370394976,29711391750.0,29749064750.0,-25.334761100386103,23.394483499039776,197.6332465277778,-205.7803617436835,11.788859454492211,11.788859454492211,23.42414688149844,-542.7869061085972,197.8838385350149,-206.0412840065381,-0.0098678649074054,-0.0048595502093906,1.303012267616397,0.276686096632626,-0.6873631586629689,1.3816109477368863,-5.133712905452036,-0.5127631417384068,0.0,0.0,0.0,0.1509145153175115,0.0,1.9604086845466155,0.2320598858125521,1.6084526720223542,0.0530008653427473,,-0.0276125148009415,-0.0247020966973326,-2.4591595646137985,1437301000.0,2520294000.0,-4144953000.0,7964277000.0,248325000.0,1064182000.0,1455784000.0,12.656098304195927,100.81881674890803,145.55733736853685,7.11119634478202,0.8926905006646467,0.6183130416306589,-0.1163308725093183,0.1403599008451026,2016-08-03,-0.03962,amc,402298136.0,2025-04-25,2016-06-30,0.7667844522968198,15.15203125,84489281.25
2016-03-31,TSLA,USD,1318605,2016-05-10,2016-05-10 15:27:20,2016,Q1,1147048000.0,894580000.0,252468000.0,0.2201023846,182482000,0.0,0.0,318210000.0,0.0,500692000.0,1395272000.0,1251000.0,40625000.0,156460000.0,-81336000.0,-0.0709089768,-248224000.0,-0.2164024522,-30197000.0,-278421000.0,-0.2427282904,3846000.0,-282267000.0,-0.2460812451,-0.14,-0.14,1990140000,1990140000,https://www.sec.gov/Archives/edgar/data/1318605/000156459016018886/0001564590-16-018886-index.htm,https://www.sec.gov/Archives/edgar/data/1318605/000156459016018886/tsla-10q_20160331.htm,0.5763654818253993,-0.1418327353854502,-0.1254208246656014,-0.2343875305254906,0.7244661179615505,0.4875863004612741,0.4875863004612741,0.4875863004612741,1.6093666777211653,30488944800.0,32209395800.0,-27.00363910765339,26.580356532594973,-122.14877426333608,-65.36183885573163,31.42007883631417,31.42007883631417,28.080251044420116,-396.0041777318776,-129.0414687205785,-69.05012133840982,-0.0092580114481364,-0.0152994471622382,3.2588149819913124,0.3440320410735683,-21.15239254450674,1.0162637689443077,-6.110129230769231,0.8842868631473038,0.0,0.0,0.0,0.159088372936442,0.0,-0.8688087177740831,0.1890583480377456,1.386034769270101,0.0781641221640245,,-0.0379035930241739,-0.0307088937391573,-2.959603595726934,51844000.0,970365000.0,-4981794000.0,5889068000.0,243510500.0,964817000.0,1289899500.0,24.9553985535043,101.96264168660151,130.98492029779337,3.606434087079005,0.8826762283840132,0.6871019946065973,-0.2908874495679461,0.1089667058598892,2016-05-04,-0.03407,amc,458800000.0,2025-04-25,2016-03-31,0.174053419430584,13.154262295081969,77674180.32786885
2015-12-31,TSLA,USD,1318605,2016-02-24,2016-02-24 16:17:56,2015,Q4,1214380000.0,995816000.0,218564000.0,0.1799799074,190243000,230354000.0,58300000.0,288654000.0,0.0,478897000.0,1474713000.0,750000.0,38617000.0,143723000.0,-116610000.0,-0.0960243087,-260333000.0,-0.2143752367,-55016000.0,-315349000.0,-0.2596790132,5048000.0,-320397000.0,-0.2638358669,-0.16,-0.16,1966500000,1966500000,https://www.sec.gov/Archives/edgar/data/1318605/000156459016013195/0001564590-16-013195-index.htm,https://www.sec.gov/Archives/edgar/data/1318605/000156459016013195/tsla-10k_20151231.htm,0.6175336892957031,-0.162927536231884,-0.0151787439613526,-0.2242923976608187,0.6201556064073227,0.5510826341215357,0.5445654716501398,0.5510826341215357,1.493166031019578,31464000000.0,33164786000.0,-24.550791674079345,25.909517613926447,-1054.105665181413,-71.335453929186,29.03375829562316,29.03375829562316,27.3100561603452,-284.4077351856616,-1111.0853294917752,-75.19149071237963,-0.0101829710144927,-0.0140182748538011,2.6738795833548643,0.3591616148808264,-14.585249978561016,0.9896731986617028,-6.741409223916928,0.0931625452173397,0.0,0.0,0.1896885653584545,0.156658541807342,0.0015885097792633,-13.77674293946196,0.338627118364927,2.86121219289884,0.0458176188672408,,-0.0450065616769517,-0.0397755564998821,-2.5421084413933386,-29029000.0,1070888000.0,-4202229000.0,5170621000.0,144464500.0,870504500.0,1285777500.0,12.522315914293712,82.79975417145336,115.48862440450849,7.187168940313082,1.0869597488615377,0.7792975322380459,-0.2956499191661191,0.209113653699466,2016-02-10,-0.00544,amc,139586206.0,2025-04-25,2015-12-31,10.02941176470588,14.963125,56049820.3125
2015-09-30,TSLA,USD,1318605,2015-11-05,2015-11-05 17:15:13,2015,Q3,936789000.0,705293000.0,231496000.0,0.2471164798,178791000,0.0,0.0,236367000.0,0.0,415158000.0,1120451000.0,327000.0,29308000.0,110366000.0,-88400000.0,-0.0943648997,-183662000.0,-0.1960548213,-44412000.0,-228074000.0,-0.2434635761,1784000.0,-229858000.0,-0.2453679537,-0.12,-0.12,1935090000,1935090000,https://www.sec.gov/Archives/edgar/data/1318605/000156459015009741/0001564590-15-009741-index.htm,https://www.sec.gov/Archives/edgar/data/1318605/000156459015009741/tsla-10q_20150930.htm,0.4841061656047005,-0.1187841392390018,-0.1050803838581151,-0.3078632001612328,0.7369352329865795,0.6793771865908046,0.6793771865908046,0.6793771865908046,1.3997757210258954,32045090400.0,33298438400.0,-34.85313802434546,34.20737263140365,-157.59363824136912,-53.79012493642392,24.375266533602705,24.375266533602705,35.545291842666806,-376.6791674208145,-163.75744270679647,-55.89396501511557,-0.0071729552680556,-0.0185907729565961,2.038087530121948,0.3550029897328876,-14.17814479638009,1.1742615136596035,-6.266616623447523,0.8846331213183791,0.0,0.0,0.0,0.1908551445416203,0.0,-1.929787547949248,0.4188808792588299,3.5554699816972617,0.0,,-0.0327867258512923,-0.0304548647054778,-2.1032476525639634,445024000.0,1314656000.0,-3234046000.0,4909560000.0,129306000.0,798249000.0,1252998000.0,11.5252847759741,105.25765887368796,165.08675118000605,7.808917675302591,0.855044668131964,0.5451679153941704,-0.1748426964924664,0.2027828163031176,2015-11-03,-0.03934,amc,791434482.0,2025-04-25,2015-09-30,0.0167768174885612,16.99109375,64596843.75
2015-06-30,TSLA,USD,1318605,2015-08-07,2015-08-07 16:09:03,2015,Q2,954976000.0,741606000.0,213370000.0,0.2234296988,181712000,0.0,0.0,201846000.0,0.0,383558000.0,1125164000.0,247000.0,24352000.0,91389000.0,-65319000.0,-0.0683985776,-170188000.0,-0.1782118085,-10872000.0,-181060000.0,-0.1895963878,3167000.0,-184227000.0,-0.1929127015,-0.0969,-0.0969,1900335000,1900335000,https://www.sec.gov/Archives/edgar/data/1318605/000156459015006666/0001564590-15-006666-index.htm,https://www.sec.gov/Archives/edgar/data/1318605/000156459015006666/tsla-10q_20150630.htm,0.5025303433342017,-0.0969444861037659,-0.0839409893518774,-0.2971481344078807,0.6055106073402847,0.3767409430442527,0.3767409430442527,0.3767409430442527,1.4272446700187071,33977989800.0,35515207800.0,-46.108862707420734,35.579941066581775,-213.00678176483865,-60.17200826661425,47.4596677906064,47.4596677906064,37.18963387561572,-543.7194047673725,-222.64354547506207,-62.89428509193687,-0.0054219511243716,-0.0166190231771745,3.754383783980088,0.4155556775200462,-23.53401001240068,1.102430057524195,-6.988666228646518,0.8658665667898843,0.0,0.0,0.0,0.190279127433569,0.0,-2.539964643045212,0.4242672067151425,4.433411023208483,0.0453781037429212,,-0.036671366525523,-0.0284820239371632,-2.04777184022817,244233000.0,715934000.0,-3123630000.0,4010496000.0,169350000.0,751984000.0,1133559500.0,13.066632041014644,93.64450934862988,147.12004757243065,6.88777335410536,0.9610814411439575,0.6117453160534827,-0.2573239991395855,0.2132071450560032,2015-08-05,-0.00167,amc,1193750000.0,2025-04-25,2015-06-30,16.964071856287422,15.81222222222222,60368095.23809524
2015-03-31,TSLA,USD,1318605,2015-05-11,2015-05-08 18:43:11,2015,Q1,939880000.0,679807000.0,260073000.0,0.2767087288,167154000,0.0,0.0,195365000.0,0.0,362519000.0,1042326000.0,184000.0,26574000.0,77112000.0,-47455000.0,-0.0504904881,-102446000.0,-0.1089990212,-48695000.0,-151141000.0,-0.1608088267,3040000.0,-154181000.0,-0.1640432821,-0.0816,-0.0816,1889205000,1889205000,https://www.sec.gov/Archives/edgar/data/1318605/000156459015003789/0001564590-15-003789-index.htm,https://www.sec.gov/Archives/edgar/data/1318605/000156459015003789/tsla-10q_20150331.htm,0.4975002712781302,-0.0816115773566129,-0.069761619305475,-0.2952850537660021,0.7993182317429819,0.4372193594660187,0.4372193594660187,0.4372193594660187,1.3821263441500526,23766198900.0,24840668900.0,-38.53619917499562,25.2864183725582,-180.3283829309377,-42.60290129675506,28.772742394948168,28.772742394948168,26.42961750436226,-523.4573574965757,-188.4810302441689,-44.52897872920155,-0.0064874067851043,-0.0234725797906201,3.129001679182854,0.4223093677645371,-22.641871246444,1.3325316174515287,-3.855121547377136,0.8548005266537382,0.0,0.0,0.0,0.177846108013789,0.0,-3.232772356859948,0.4533131889177342,5.525210084033613,0.0457781844490786,,-0.0229282581263439,-0.0251928503618446,-1.6443414028652263,729036000.0,825997000.0,-2372616000.0,3865288000.0,213328000.0,755138500.0,1004257500.0,19.156360386432308,96.9536795002111,139.6508126571218,4.698178473596865,0.9282783331580938,0.6444645633460999,-0.1866604842390468,0.225523434460527,2015-05-06,-0.01566,amc,1305416666.0,2025-04-25,2015-03-31,0.2771392081736909,13.499180327868851,78667057.37704918
2014-12-31,TSLA,USD,1318605,2015-02-26,2015-02-26 17:13:26,2014,Q4,956661000.0,694964000.0,261697000.0,0.2735524914,139565000,148070000.0,48900000.0,196970000.0,0.0,336535000.0,1031499000.0,219000.0,28703000.0,67976000.0,-7231000.0,-0.0075585814,-74838000.0,-0.0782283379,-29072000.0,-103910000.0,-0.1086173681,3719000.0,-107629000.0,-0.1125048476,-0.0572,-0.0572,1882455000,1882455000,https://www.sec.gov/Archives/edgar/data/1318605/000156459015001031/0001564590-15-001031-index.htm,https://www.sec.gov/Archives/edgar/data/1318605/000156459015001031/tsla-10k_20141231.htm,0.5081986023570284,-0.0571748063034707,-0.0458985739366943,-0.2417391119575235,1.0218889694574371,0.4843196782924426,0.4843196782924426,0.4843196782924426,1.3597201526729723,27916807650.0,28542003650.0,-64.84499449497811,29.181504890447087,-323.1037203999907,-61.34712699120781,30.620271413058976,30.620271413058976,29.835023744043085,-3947.1724035403126,-330.3396177171825,-62.72099390633824,-0.0038553476940978,-0.0163006818582281,2.776002237553608,0.4340685208055956,-86.46051721753561,1.5091706111431182,-2.6073232763125804,0.8027762034395934,0.0,0.0,0.1547779202873327,0.1458876237246004,0.0,-4.266810953450151,0.385362212946906,5.42339943509474,0.0465326798102985,,-0.0177581673680772,-0.0184591231157601,-1.2475764360901058,1072907000.0,911710000.0,-1738884000.0,3668874000.0,191746500.0,713654000.0,853083500.0,21.318272616945816,100.74642715306116,123.50387933763476,4.221730419586591,0.8933319279230177,0.7287220489160353,-0.1180517927849864,0.1958405380208291,2015-02-11,-0.00416,amc,2281361538.0,2025-04-25,2014-12-31,1.4038461538461542,15.6265625,90637617.1875
2014-09-30,TSLA,USD,1318605,2014-11-07,2014-11-07 17:08:23,2014,Q3,851804000.0,599953000.0,251851000.0,0.2956677827,135873000,0.0,0.0,155107000.0,0.0,290980000.0,890933000.0,300000.0,29062000.0,64972000.0,23053000.0,0.0270637377,-39129000.0,-0.0459366239,-31852000.0,-70981000.0,-0.0833302027,3727000.0,-74708000.0,-0.0877056224,-0.0399,-0.0399,1873665000,1873665000,https://www.sec.gov/Archives/edgar/data/1318605/000119312514403635/0001193125-14-403635-index.htm,https://www.sec.gov/Archives/edgar/data/1318605/000119312514403635/d812482d10q.htm,0.4546191555053865,-0.039872655997737,-0.0149418385890754,-0.1666098261962517,1.265292888536638,0.5113475461195037,0.5041851131338847,0.5113475461195037,1.3441132753186935,30315899700.0,30434520700.0,-101.44796976227444,35.590229325056,-1082.8653986283755,-97.11311973245432,31.64188451237561,31.64188451237561,35.729487886884776,1320.1978354227217,-1087.1024682097443,-97.49310698303174,-0.0024643174287847,-0.010297269851437,2.5982377512018653,0.4578098192691428,5.145577582093437,1.8278921847593488,-1.3463973573738903,0.3747339677950447,0.0,0.0,0.0,0.1595120473724002,0.0024680309986164,-10.150557222460352,0.3336154796173767,4.373807178476882,0.0,,-0.0097940074663833,-0.0137733118760615,-0.8618356269664,1523137000.0,944674000.0,-1116525000.0,3558626000.0,126748000.0,546455000.0,674709500.0,16.576595085254354,97.41193060123044,112.88264247366044,5.429341763922263,0.923911470027504,0.7972882103730007,-0.077975647483441,0.1516679876071763,2014-11-05,-0.02009,amc,425900000.0,2025-04-25,2014-09-30,0.98456943753111,16.50203125,83355046.875
2014-06-30,TSLA,USD,1318605,2014-08-08,2014-08-08 16:23:33,2014,Q2,769349000.0,556354000.0,212995000.0,0.276850948,107717000,0.0,0.0,134031000.0,0.0,241748000.0,798102000.0,467000.0,31238000.0,54715000.0,25203000.0,0.032758865,-28753000.0,-0.0373731557,-31997000.0,-60750000.0,-0.0789628634,1150000.0,-61900000.0,-0.0804576337,-0.0332,-0.0332,1863750000,1863750000,https://www.sec.gov/Archives/edgar/data/1318605/000119312514303175/0001193125-14-303175-index.htm,https://www.sec.gov/Archives/edgar/data/1318605/000119312514303175/d766922d10q.htm,0.4127962441314554,-0.0332126089872568,-0.0008917505030181,-0.0951560026827632,1.4352300469483568,0.5109767940979209,0.503711334674715,0.5109767940979209,1.3419551978537894,29820000000.0,29614921000.0,-120.43618739903069,38.76004258145523,-17942.238267148015,-168.14493619852604,31.312576588231217,31.312576588231217,38.49348085199305,1175.0553902313218,-17818.845367027676,-166.98856479105933,-0.0020757880617035,-0.0059472501676727,2.593453130365114,0.4886436007148534,-8.137086854739515,2.1840238601389728,-0.9204494525897944,0.0268488901812542,0.0,0.0,0.0,0.1400105803737965,0.0026790185228381,-105.7069795427196,0.2283554017747472,3.210911084711688,0.0465120510977462,,-0.0071771474876442,-0.0122794996629584,-0.5667612340710932,1865844000.0,938792000.0,-660436000.0,3446433000.0,84493500.0,409663000.0,523828500.0,11.301281992957684,71.75165452212082,96.56339309144896,7.963698282733136,1.2543264765031068,0.9320302147498772,-0.0649982726630285,0.0942642521797451,2014-07-31,0.00238,amc,279745454.0,2025-04-25,2014-06-30,3.2016806722689077,13.947142857142856,100804904.76190476
2014-03-31,TSLA,USD,1318605,2014-05-09,2014-05-09 16:39:59,2014,Q1,620542000.0,465414000.0,155128000.0,0.2499879138,81544000,0.0,0.0,117551000.0,0.0,199095000.0,664509000.0,141000.0,11883000.0,44268000.0,7160000.0,0.0115383004,-43967000.0,-0.0708525773,-5024000.0,-48991000.0,-0.0789487255,809000.0,-49800000.0,-0.0802524245,-0.0269,-0.0269,1852095000,1852095000,https://www.sec.gov/Archives/edgar/data/1318605/000119312514192606/0001193125-14-192606-index.htm,https://www.sec.gov/Archives/edgar/data/1318605/000119312514192606/d715897d10q.htm,0.3350486881072515,-0.0268884695439488,0.03170625696846,-0.0435852372583479,1.3946471428301463,0.4924455818950972,0.4850690704310524,0.4924455818950972,1.1946665802780094,25744120500.0,25550965500.0,-129.23755271084335,41.48650776256885,438.3992728573131,-318.9153225806452,28.22646909838869,28.22646909838869,41.17523954865263,3568.5706005586594,435.11001651822966,-316.5225397651256,-0.0019344222693488,-0.0031356285797372,2.412958195549396,0.4890116678258203,-26.97695530726257,2.232836211592747,-3.6999915846166793,-1.1791767068273091,0.0,0.0,0.0,0.1314077048773491,0.0030357234118669,2.4073020792534443,0.2278073039375255,2.6793275335948903,0.0596865320961353,,-0.0121276706731344,-0.0110993530280728,-0.3918184542369587,1742577000.0,898394000.0,-432307000.0,3057357000.0,60744500.0,339580000.0,395542500.0,10.4975972617486,72.66652915468808,87.1604635872578,8.573390439347886,1.238534453853073,1.0325782619306458,-0.0546019104090099,0.0763265383255178,2014-05-07,0.00416,amc,517083333.0,2025-04-25,2014-03-31,1.4038461538461542,13.394262295081967,141780000.0
2013-12-31,TSLA,USD,1318605,2014-02-26,2014-02-26 16:02:51,2013,Q4,615219000.0,458629000.0,156590000.0,0.2545272496,68453000,92489000.0,9000000.0,101489000.0,0.0,169942000.0,628572000.0,92000.0,6229000.0,37585000.0,24232000.0,0.0393876002,-13353000.0,-0.0217044662,-1553000.0,-14906000.0,-0.0242287706,1358000.0,-16264000.0,-0.0264361146,-0.0088,-0.0088,1842030000,1842030000,https://www.sec.gov/Archives/edgar/data/1318605/000119312514069681/0001193125-14-069681-index.htm,https://www.sec.gov/Archives/edgar/data/1318605/000119312514069681/d668062d10k.htm,0.3339896744352698,-0.0088293893150491,0.0704451067572189,0.0218932373522689,0.4608508004755622,0.3621656541967286,0.3546033452223905,0.3621656541967286,0.3328431133043436,18475560900.0,18236549900.0,-283.9947260821446,30.03086851999044,142.3803648217506,458.1323373338623,27.694509083823,27.694509083823,29.64237109061976,752.5812933311324,140.5384465405897,452.20566107915096,-0.0008802980373927,0.0021827754089998,0.9096984050845424,0.2510945703847443,-9.863445031363486,1.8750207358255824,-2.143682774121047,-7.978480078701426,0.0,0.0,0.1503350839294625,0.111266069480949,0.0057635099071963,0.6892156409426489,0.1453693725323827,2.379513103631768,0.0409138859495561,,-0.0083271073767325,-0.0067682064086558,-0.3767038267563503,590779000.0,653190000.0,-483871000.0,1725603000.0,48344500.0,302910500.0,343950000.0,7.184124677553847,59.53478737716106,66.7902596652196,12.527622228104828,1.511721196379482,1.3475018730443211,-0.0243794219930447,0.0485518694049499,2014-02-19,0.01254,amc,391490909.0,2025-04-25,2013-12-31,0.5948963317384369,10.21265625,179175281.25
2013-09-30,TSLA,USD,1318605,2013-11-08,2013-11-08 17:14:15,2013,Q3,431346000.0,328478000.0,102868000.0,0.2384814047,56351000,0.0,0.0,77071000.0,0.0,133422000.0,461900000.0,68000.0,6492000.0,28450000.0,-2104000.0,-0.0048777547,-30554000.0,-0.0708340868,-7164000.0,-37718000.0,-0.0874425635,778000.0,-38496000.0,-0.08924622,-0.0211,-0.0211,1827930000,1827930000,https://www.sec.gov/Archives/edgar/data/1318605/000119312513435480/0001193125-13-435480-index.htm,https://www.sec.gov/Archives/edgar/data/1318605/000119312513435480/d588506d10q.htm,0.2359751193973511,-0.0210598874136318,0.0559884678297308,0.0141115907064274,0.4349816459054778,0.3086359980962072,0.3010662333896812,0.3086359980962072,0.3738622376130377,23562017700.0,23443803700.0,-153.01601270261847,54.62440291552489,230.2259822362057,913.4335220003876,41.76440881656962,41.76440881656962,54.35034450302078,-11142.49225285171,229.0709056799195,908.8506958712928,-0.0016338159358907,0.001094770419428,1.1998298370157667,0.3124823135717745,56.18536121673004,1.0421622305698617,-4.706407886629698,-2.6585359517871985,0.0,0.0,0.0,0.1306399039286327,0.0063876569620013,0.7479554048640357,0.1774631038655742,2.690615114235501,0.0497025589665836,,-0.0196718252995008,-0.017885384125049,-0.3268563347611779,49307000.0,550328000.0,-383278000.0,986450000.0,80562000.0,282333000.0,301218000.0,9.92752917611384,82.86554959540669,95.22418548578597,9.065699873896596,1.0860967004916693,0.945138039678315,-0.0682353566775677,0.0418768771233034,2013-11-05,0.0091,amc,395358333.0,2025-04-25,2013-09-30,0.0989010989010988,9.89375,154688765.625
2013-06-30,TSLA,USD,1318605,2013-08-09,2013-08-09 06:11:54,2013,Q2,405139000.0,304656000.0,100483000.0,0.2480210496,52312000,0.0,0.0,59963000.0,0.0,112275000.0,416931000.0,39000.0,20116000.0,22198000.0,12113000.0,0.0298983806,-11792000.0,-0.0291060599,-18409000.0,-30201000.0,-0.0745447859,301000.0,-30502000.0,-0.0752877408,-0.0172,-0.0172,1772904120,1772904120,https://www.sec.gov/Archives/edgar/data/1318605/000119312513327916/0001193125-13-327916-index.htm,https://www.sec.gov/Archives/edgar/data/1318605/000119312513327916/d549636d10q.htm,0.2285171518468804,-0.0172045400853375,-0.0199097061154102,-0.0427620417510226,0.4208106865925722,0.3550254031785994,0.3471123977082302,0.3550254031785994,0.3462116157753641,13846381177.2,13694008177.2,-113.48748587961444,34.176865661414965,-392.27098354581,-182.63861312967435,21.998425831154098,21.998425831154098,33.80076511320806,1130.5216030050358,-387.9542233894271,-180.6287599382692,-0.0022028860544606,-0.005475293438031,0.943214929157677,0.3144772555359447,-12.579294972343764,2.321557101604168,-0.5862000397693379,1.1572355911087795,0.0,0.0,0.0,0.1291211164563273,0.0074312284277726,-1.1477987421383649,0.1000027151175275,1.8251644292278584,0.0475367713303335,,-0.0084645177199378,-0.0162780210426322,-0.1690771072267574,642997000.0,615397000.0,-128876000.0,1384073000.0,79841500.0,283215500.0,246254500.0,25.223343099528805,77.46583031353396,75.29866472349141,3.568123370675685,1.161802560377078,1.1952403184106148,-0.0484600254835357,0.0228523356356123,2013-08-07,-0.00541,amc,344334999.0,2025-04-25,2013-06-30,2.179297597042514,5.019375,138722742.1875
2013-03-31,TSLA,USD,1318605,2013-05-10,2013-05-10 06:07:59,2013,Q1,561792000.0,465472000.0,96320000.0,0.1714513557,54859000,0.0,0.0,47045000.0,0.0,101904000.0,567376000.0,10000.0,118000.0,17850000.0,29367000.0,0.0522737953,-5584000.0,-0.0099396218,16983000.0,11399000.0,0.0202904278,151000.0,11248000.0,0.020021645,0.0065,0.006,1720678485,1863979380,https://www.sec.gov/Archives/edgar/data/1318605/000119312513212354/0001193125-13-212354-index.htm,https://www.sec.gov/Archives/edgar/data/1318605/000119312513212354/d511008d10q.htm,0.3264944641880613,0.0065369562635055,0.0372405423550117,0.0036915670506567,0.1246118911052694,0.0979747241972401,0.0897512239190925,0.0979747241972401,0.2648118192748833,5041587961.05,5282708961.05,112.0552089493688,8.97411846564209,78.67769411273585,793.7008754801637,29.905672345669498,29.905672345669498,9.403318240647785,179.88589100180477,82.44056494405343,831.6607306438917,0.0022310430933466,0.0012599204951046,2.702158580639804,0.3982748400476316,8.210610549255968,0.982020936367557,-47.32203389830509,5.696923897581792,0.0,0.0,0.0,0.0976500199362041,0.0123712818396576,0.900872360679786,0.102755112212349,3.2340056022408965,0.0264653110047846,0.1200427880284505,-0.008292642919584,0.0099572602662115,-0.3529798014531459,-9630000.0,154433000.0,-449202000.0,595577000.0,36490500.0,303793000.0,253061000.0,7.391543489405332,58.818489619139285,45.943945070809846,12.17607663798522,1.5301310962380508,1.9589088368726275,0.0667208437386925,0.033548975304355,2013-05-08,0.00369,amc,187266666.0,2025-04-25,2013-03-31,1.7100271002710026,2.4331666666666667,25593900.0
2012-12-31,TSLA,USD,1318605,2013-03-07,2013-03-07 17:10:43,2012,Q4,306332000.0,282475000.0,23857000.0,0.0778795555,68832000,42008000.0,3900000.0,45908000.0,0.0,114740000.0,397215000.0,85000.0,26000.0,12792000.0,-77261000.0,-0.2522132849,-90883000.0,-0.2966813784,804000.0,-90079000.0,-0.294056775,-148000.0,-89931000.0,-0.2935736391,-0.0527,-0.0527,1706445000,1706445000,https://www.sec.gov/Archives/edgar/data/1318605/000119312513096241/0001193125-13-096241-index.htm,https://www.sec.gov/Archives/edgar/data/1318605/000119312513096241/d452995d10k.htm,0.179514722126995,-0.0527007902393572,-0.0351965636161728,-0.0595061663282438,0.1183102883479983,0.0730758975531001,0.0647152413350562,0.0730758975531001,0.2734878651231068,3856565699.999999,4121341699.999999,-10.720901858091205,12.589496689865896,-64.21081400576081,-37.979257267785385,30.92674979951884,30.92674979951884,13.45383995142525,-53.34310583606217,-68.61926541349627,-40.586757464744345,-0.0233189337342288,-0.0263301620921432,3.742309542902967,0.4188387976915966,-3.427033043838418,0.973400506021057,-3495.5,0.6678564677363756,0.0,0.0,0.1371322617291043,0.2246973871485839,0.0128048178497383,-0.6906811408401459,0.1354184349006959,3.2428861788617884,0.0470600524920674,,-0.1439559043265747,-0.0817611778279025,-0.3710734890371503,-14340000.0,110433000.0,-464722000.0,562227000.0,18003000.0,232703500.0,213776000.0,7.886149667680817,96.66122665722632,85.54866802371892,11.412413382013264,0.9310868805664146,1.052032744391145,-0.7211788291900562,0.024309602712071,2013-02-20,-0.03243,amc,249752307.0,2025-04-25,2012-12-31,0.2334258402713536,2.0914516129032257,15265185.483870968
2012-09-30,TSLA,USD,1318605,2012-11-07,2012-11-07 16:44:53,2012,Q3,50104000.0,58865000.0,-8761000.0,-0.1748562989,61901000,0.0,0.0,37798000.0,0.0,99699000.0,158564000.0,38000.0,78000.0,7522000.0,-103088000.0,-2.0574804407,-108460000.0,-2.1646974293,-2228000.0,-110688000.0,-2.2091649369,116000.0,-110804000.0,-2.2114801213,-0.07,-0.07,1583340000,1583340000,https://www.sec.gov/Archives/edgar/data/1318605/000119312512457610/0001193125-12-457610-index.htm,https://www.sec.gov/Archives/edgar/data/1318605/000119312512457610/d410318d10q.htm,0.0316444983389543,-0.0699811790266146,-0.0638056260815743,-0.1032147233064281,0.0541216668561395,-0.017605189030783,-0.017605189030783,-0.017605189030783,0.2997410537218791,3071679600.0,3460500600.0,-6.9304348218475855,61.30607536324445,-30.404842317819178,-18.79576806344233,-110.19478385650224,-110.19478385650224,69.06635398371388,-33.5684133943815,-34.25356442895888,-21.17498409046407,-0.0360727726941312,-0.0532034656218702,-17.02292376681614,0.586415580274773,-3.7717387086760814,0.737523522184725,-1390.5128205128206,0.9117376315361984,0.0,0.0,0.0,1.2354502634520197,0.0,-0.677766119612773,1.3665974772473255,9.10410849621061,0.0,,-0.2274270319996056,-0.1369341936313068,-0.4199742316874455,-101265000.0,-27875000.0,-552511000.0,396772000.0,10093500.0,120313000.0,112858500.0,16.46096120070254,247.72360485857476,243.1720037373652,5.467481449148844,0.3633081314611943,0.3701083949499522,3.975031390134529,0.0432452915987722,2012-11-05,-0.06,bmo,49010869.0,2025-04-25,2012-09-30,-0.0,1.985873015873016,21504904.76190476
2012-06-30,TSLA,USD,1318605,2012-08-02,2012-08-02 17:01:19,2012,Q2,26653000.0,21891000.0,4762000.0,0.1786665666,74854000,0.0,0.0,36083000.0,0.0,110937000.0,132828000.0,74000.0,84000.0,4348000.0,-101062000.0,-3.7917682812,-106175000.0,-3.9836040971,681000.0,-105494000.0,-3.9580535024,109000.0,-105603000.0,-3.9621430983,-0.0669,-0.0669,1578636780,1578636780,https://www.sec.gov/Archives/edgar/data/1318605/000119312512332138/0001193125-12-332138-index.htm,https://www.sec.gov/Archives/edgar/data/1318605/000119312512332138/d364775d10q.htm,0.016883554429791,-0.0668950586594086,-0.0386288985361154,-0.0774510017434156,0.1333771027430388,0.0394105856319906,0.0394105856319906,0.0394105856319906,0.2781241420208137,3299350870.2,3527769870.2,-7.810741338314251,123.78909954601733,-54.10457142716584,-26.98480268756083,53.031437277183954,53.031437277183954,132.35920422466512,-34.90698650531357,-57.850311903707706,-28.853000974915552,-0.0320072051001955,-0.0370578955710122,7.0557421843606845,0.5650540824772259,-2.260186816013932,1.1067965908852948,-1263.9880952380952,0.5774551859322178,0.0,0.0,0.0,2.8084643379732115,0.0,-1.005001557862285,2.299403444265186,14.095216191352346,0.4706036843882489,,-0.2011287989244476,-0.1359341150181047,-0.2929731879172357,30600000.0,62215000.0,-397528000.0,464242000.0,12306000.0,71467000.0,61048000.0,37.221701121824935,323.1506098396601,274.0948334932164,2.417944298285404,0.2785079070240837,0.328353507627233,-1.6973880896889817,0.0388221032073001,2012-07-25,-0.30667,amc,27600000.0,2025-04-25,2012-06-30,-0.8043499527179052,2.105555555555556,19777452.38095238
2012-03-31,TSLA,USD,1318605,2012-05-10,2012-05-10 16:55:58,2012,Q1,30167000.0,19957000.0,10210000.0,0.3384492989,68391000,0.0,0.0,30582000.0,0.0,98973000.0,118930000.0,90000.0,65000.0,4163000.0,-85586000.0,-2.8370736235,-88763000.0,-2.9423873769,-1051000.0,-89814000.0,-2.977226771,59000.0,-89873000.0,-2.9791825505,-0.0572,-0.0572,1571760000,1571760000,https://www.sec.gov/Archives/edgar/data/1318605/000119312512225825/0001193125-12-225825-index.htm,https://www.sec.gov/Archives/edgar/data/1318605/000119312512225825/d325967d10q.htm,0.0191931338117778,-0.0571798493408662,-0.0318668244515702,-0.0751221560543594,0.1549721331500992,0.0978991703567974,0.0978991703567974,0.0978991703567974,0.2328428004275461,3897964800.0,4045302800.0,-10.842980650473445,129.2128749958564,-77.82388244454648,-33.01289699679862,25.33218607432055,25.33218607432055,134.09695362482182,-47.26594069123455,-80.76552398826043,-34.260741568846655,-0.0230563908632525,-0.030291191957403,2.3779715871427274,0.4807620549205098,-1.7215198747458698,1.522543504636818,-1365.5846153846153,0.5573086466458225,0.0,0.0,0.0,2.26707992176882,0.0,-1.3573781619981231,2.253687804554646,16.331251501321162,0.3550568502005503,,-0.162307186919593,-0.1180830377085796,-0.2072464943757316,123175000.0,153874000.0,-248329000.0,499349000.0,11564000.0,60237000.0,52754500.0,40.541319985414525,290.1222628651601,249.9589116600692,2.219957318419309,0.310214042559806,0.3600591769354286,-0.5840687835501774,0.0432553316027892,2012-05-09,-0.23,amc,27418421.0,2025-04-25,2012-03-31,-0.7826086956521738,2.1287096774193546,17169435.48387097
2011-12-31,TSLA,USD,1318605,2012-03-28,2012-03-28 17:01:27,2011,Q4,39375000.0,31540000.0,7835000.0,0.198984127,61205000,0.0,0.0,27557000.0,0.0,88762000.0,120302000.0,89000.0,43000.0,4804000.0,-76530000.0,-1.9436190476,-80927000.0,-2.0552888889,-450000.0,-81377000.0,-2.0667174603,112000.0,-81489000.0,-2.0695619048,-0.0008,-0.0008,100388815000,100388815000,https://www.sec.gov/Archives/edgar/data/1318605/000119312512137560/0001193125-12-137560-index.htm,https://www.sec.gov/Archives/edgar/data/1318605/000119312512137560/d315279d10ka.htm,0.000392224970481,-0.0008117338570038,-0.0002698308571527,-0.0008103492406001,0.0027924126806357,0.0022317725336233,0.0020872544416427,0.0022317725336233,0.0027910579480393,190738748500.0,190763630500.0,-585.1671652002111,4844.158692063492,-7041.448187389249,-2344.6680823601723,851.3412417148339,851.3412417148339,4844.790615873016,-2492.664713184372,-7042.366749113999,-2344.9739459127227,-0.0004272283457915,-0.0004264996003158,1.2504095159454574,0.3926677207028403,-0.3251274010192082,1.948572951672163,-1882.0232558139537,0.3324129637128937,0.0,0.0,0.0,1.5544126984126985,0.0203350489454031,-2.00317483756645,1.3780825396825396,11.29517069109076,0.2204952380952381,,-0.1525882157147597,-0.1165894068160357,-0.0017619567478707,181499000.0,209537000.0,-116565000.0,506178000.0,13894500.0,54884000.0,49649000.0,21.80342857142857,160.1994292961319,142.90995561192136,4.127791173078939,0.5617997541903422,0.6297671818218122,-0.3637171104019281,0.0005405183834473,2012-02-15,-0.04533,amc,35973913.0,2025-04-25,2011-12-31,0.1030222810500772,1.9898412698412695,16342357.142857144
2011-09-30,TSLA,USD,1318605,2011-11-14,2011-11-14 06:15:43,2011,Q3,57666000.0,40442000.0,17224000.0,0.2986855339,54083000,0.0,0.0,27618000.0,0.0,81701000.0,122143000.0,80000.0,0.0,4280000.0,-60711000.0,-1.0528040787,-64477000.0,-1.118111192,-514000.0,-64991000.0,-1.1270245899,87000.0,-65078000.0,-1.1285332778,-0.0417,-0.0417,1561152450,1561152450,https://www.sec.gov/Archives/edgar/data/1318605/000119312511308489/0001193125-11-308489-index.htm,https://www.sec.gov/Archives/edgar/data/1318605/000119312511308489/d226201d10q.htm,0.0369380965965239,-0.041685871229296,-0.0137661123357939,-0.057864304027451,0.1783221106945705,0.1883980004643364,0.1883980004643364,0.1883980004643364,0.1447962369081892,2544678493.5,2557399493.5,-9.77549438174191,44.12788286858808,-118.4067048299288,-28.169352892013062,8.651896495624204,8.651896495624204,44.34848079457566,-42.12415367066924,-118.9986270299195,-28.310173172081697,-0.0255741541284024,-0.035499573022976,0.7685656777211868,0.3228118529096751,-0.2095336924115893,2.672968783442837,0.0,0.3302344878453548,0.0,0.0,0.0,0.9378663337148406,0.0,-3.2033874645200315,1.1938403912183957,16.085046728971964,0.1367356848056047,,-0.1181489338328519,-0.0929353802213495,-0.0572964542956711,257940000.0,294118000.0,5989000.0,517734000.0,20779000.0,55413000.0,51764000.0,28.48298824263864,119.34202067157904,109.52574056673755,3.159780821917808,0.7541350439144461,0.8217246423927178,-0.2212649344820786,0.044098191691657,2011-11-02,-0.0376,amc,61896363.0,2025-04-25,2011-09-30,0.0638297872340425,1.725,15548273.4375
2011-06-30,TSLA,USD,1318605,2011-08-12,2011-08-12 16:41:17,2011,Q2,58171000.0,39663000.0,18508000.0,0.3181654089,52531000,0.0,0.0,24716000.0,0.0,77247000.0,116910000.0,46000.0,0.0,4318000.0,-54446000.0,-0.9359646559,-58739000.0,-1.0097643156,-25000.0,-58764000.0,-1.010194083,139000.0,-58903000.0,-1.0125835898,-0.0402,-0.0402,1466358990,1466358990,https://www.sec.gov/Archives/edgar/data/1318605/000119312511221497/0001193125-11-221497-index.htm,https://www.sec.gov/Archives/edgar/data/1318605/000119312511221497/d10q.htm,0.0396703674862047,-0.040169563116328,-0.015335944440181,-0.0523759874108317,0.2178047818972351,0.2376307591635524,0.2376307591635524,0.2376307591635524,0.0919440607105358,2844736440.6,2660179440.6,-12.073818144237135,48.90300047446322,-126.50019746531484,-37.03987449024765,8.163926281381654,8.163926281381654,45.730337119870725,-48.85904273224846,-118.293287113127,-34.63685113148095,-0.0207059603692412,-0.0269979316550679,0.3869198627070586,0.2086542702602316,3.389725599676744,3.0111722984661515,0.0,0.38178021492963,0.0,0.0,0.0,0.903044472331574,0.0,-2.4152436855211667,0.933695484004057,12.578508568781844,0.1190627632325385,,-0.1159685740667936,-0.091159241977544,0.0452235778907046,279022000.0,348452000.0,120055000.0,479202000.0,21784000.0,53429500.0,52567500.0,36.06126764195217,129.7912412071704,123.24029952348536,2.4957525313197184,0.6934212136575815,0.7302806009721609,-0.1690419340396955,0.0370400429706507,2011-08-03,-0.03816,amc,56003773.0,2025-04-25,2011-06-30,0.0482180293501048,1.816984126984127,23802619.04761905
2011-03-31,TSLA,USD,1318605,2011-05-13,2011-05-13 17:01:50,2011,Q1,49030000.0,31002000.0,18028000.0,0.367693249,41162000,0.0,0.0,24212000.0,0.0,65374000.0,96376000.0,40000.0,0.0,3517000.0,-45274000.0,-0.9233938405,-47346000.0,-0.9656536814,-1445000.0,-48791000.0,-0.9951254334,150000.0,-48941000.0,-0.9981847848,-0.0343,-0.0343,1427810175,1427810175,https://www.sec.gov/Archives/edgar/data/1318605/000119312511139677/0001193125-11-139677-index.htm,https://www.sec.gov/Archives/edgar/data/1318605/000119312511139677/d10q.htm,0.0343392986396108,-0.0342769654236425,-0.0303240590087544,-0.0446649009207403,0.0704960657672859,0.1174792020234762,0.1174792020234762,0.1174792020234762,0.0722645081304312,2641448823.75,2643973823.75,-13.49302641828937,53.87413468794615,-61.00766389703675,-41.41954782980258,15.747468216802394,15.747468216802394,53.92563377014073,-58.39938648562089,-61.06598202531353,-41.45914138820504,-0.0185280894181851,-0.0241431896868867,0.6151259702631485,0.2533336279644184,-0.0557715244952953,2.008444271349667,0.0,0.8846774687889499,0.0,0.0,0.0,0.8395268203140934,0.0,-0.4729196018199875,0.4176218641647971,5.822007392664203,0.1208647766673465,,-0.1612134831776617,-0.1201628327796724,-0.0688393329316342,113930000.0,167738000.0,-12645000.0,266443000.0,13485000.0,39305500.0,48002500.0,37.1894758311238,144.164892587575,147.5411263789433,2.420039486673248,0.6242851389448248,0.6099994097160735,-0.2917704992309435,0.0143408419119859,2011-05-04,-0.02619,amc,56795454.0,2025-04-25,2011-03-31,0.1454753722794959,1.6146774193548388,21843604.83870968
2010-12-31,TSLA,USD,1318605,2011-03-03,2011-03-03 14:47:36,2010,Q4,36286000.0,24965000.0,11321000.0,0.3119936063,37617000,0.0,0.0,25349000.0,0.0,62966000.0,87931000.0,63000.0,0.0,2890000.0,-48505000.0,-1.336741443,-51645000.0,-1.4232761947,250000.0,-51395000.0,-1.4163864851,-37000.0,-51358000.0,-1.4153668081,-0.001,-0.001,50718302000,50718302000,https://www.sec.gov/Archives/edgar/data/1318605/000119312511054847/0001193125-11-054847-index.htm,https://www.sec.gov/Archives/edgar/data/1318605/000119312511054847/d10k.htm,0.0007154419325788,-0.0010126127645203,-0.0006759690022745,-0.0010140718039022,0.0019629600375816,0.004082313323502,0.004082313323502,0.004082313323502,0.0014314950843583,90278577560.0,90251622560.0,-439.45722944818726,2487.972704624373,-2633.256841675417,-1755.2997659044952,436.027286233144,436.027286233144,2487.229856142865,-1860.6663758375423,-2632.4706148640767,-1754.7756758438327,-0.0005688835755732,-0.0005697032606192,0.3506578184768749,0.1880507249755233,0.5557159055767447,2.756804768304798,0.0,0.6675493593987305,0.0,0.0,0.0,1.0366808135369012,0.0,-0.5001750087504375,0.472578956071212,5.93356401384083,0.2161439673703356,,-0.171570832130091,-0.1330235545816691,-0.001022362696606,150321000.0,207048000.0,56852000.0,272920000.0,7386000.0,27970500.0,42345000.0,16.642782340296534,104.36971760464652,162.8832365311436,5.407749627421759,0.8623190908776899,0.5525430481165066,-0.248048761639813,0.0003381028016277,2011-02-15,-0.0284,amc,38617021.0,2025-04-25,2010-12-31,0.0563380281690139,1.78265625,16817765.625
2010-09-30,TSLA,USD,1318605,2010-11-12,2010-11-12 17:21:21,2010,Q3,31241000.0,21945000.0,9296000.0,0.2975576966,26698000,0.0,0.0,20432000.0,0.0,47130000.0,69075000.0,100000.0,298000.0,3109000.0,-31445000.0,-1.0065298806,-37834000.0,-1.2110367786,2982000.0,-34852000.0,-1.1155852886,83000.0,-34935000.0,-1.1182420537,-0.0252,-0.0252,1384060815,1384060815,https://www.sec.gov/Archives/edgar/data/1318605/000119312510259068/0001193125-10-259068-index.htm,https://www.sec.gov/Archives/edgar/data/1318605/000119312510259068/d10q.htm,0.0225719850323195,-0.0252409428988855,-0.0332044658023209,-0.0388169359451159,0.0697678880533873,0.1588969195692459,0.1588969195692459,0.1588969195692459,0.0416975897117642,1882322708.4,1843173708.4,-13.470178248175184,60.25167915239589,-40.95834602780861,-35.036253297347606,8.559007963696384,8.559007963696384,58.99855025127237,-58.61579610112896,-40.10648450508083,-34.30756088227083,-0.0185595168374158,-0.0285418646655264,0.2610640997076249,0.1587684343553057,1.244999204961043,3.478147357489038,-126.95973154362416,1.3155378714146675,0.0,0.0,0.0,0.8545821196504594,0.0,-0.1690275692495158,0.2486476105118274,0.0,0.1219871322941007,,-0.1296178247263987,-0.0966066683074268,-0.0139694006148133,171805000.0,219923000.0,99435000.0,214701000.0,7264500.0,26312000.0,34513000.0,23.22524887167504,110.69036226930965,162.0287081339713,3.875093029025056,0.8130789181178214,0.5554571226080793,-0.1588510524137993,0.0056124701427949,2010-11-12,,amc,,2025-04-25,2010-09-30,,1.328125,22889039.0625
2010-06-30,TSLA,USD,1318605,2010-08-13,2010-08-13 16:12:18,2010,Q2,28405000.0,22144000.0,6261000.0,0.2204189403,15416000,0.0,0.0,22207000.0,0.0,37623000.0,59767000.0,47000.0,464000.0,2483000.0,-35561000.0,-1.2519274776,-31362000.0,-1.1041013906,-7146000.0,-38508000.0,-1.3556768175,9000.0,-38517000.0,-1.3559936631,-0.34,-0.34,114651975,114651975,https://www.sec.gov/Archives/edgar/data/1318605/000119312510188792/0001193125-10-188792-index.htm,https://www.sec.gov/Archives/edgar/data/1318605/000119312510188792/d10q.htm,0.2477497661946076,-0.3359471129912939,-0.1557932168198585,-0.2622021993079491,0.4125877465259538,-2.701872340184284,-2.701872340184284,-2.701872340184284,0.4083488313219201,182296640.25,181346640.25,-1.1832219555650751,6.417765895088893,-10.205835866644271,-6.064022362118289,-0.5884808013881043,-0.5884808013881043,6.384321079035381,-5.099593381794663,-10.152650333109394,-6.032421004923159,-0.2112874924473546,-0.1649070435899051,-0.1496376402227423,0.3132577344668658,0.0267146593177919,1.3117988169129002,-67.59051724137932,0.4637432821870862,0.0,0.0,0.0,0.54272135187467,0.0,-0.6830142201321241,0.4295018482661503,4.913411196133709,0.2152790001760253,,-0.3939089087038139,-0.2602957276278265,-3.40888807192375,21400000.0,-309775000.0,-367715000.0,54556000.0,6199000.0,21912000.0,29053000.0,20.49040661855307,104.18442919075144,119.9701950867052,4.392299366012061,0.863852695638605,0.7501863269869232,0.1243386328787022,0.1064089824880906,2010-11-09,-0.01748,amc,36259459.0,2025-04-25,2010-06-30,0.1441647597254005,1.59,269650500.0
2010-03-31,TSLA,USD,1318605,2010-03-31,2010-03-31 00:00:00,2010,Q1,20812000.0,16960000.0,3852000.0,0.1850855276,13265000,0.0,0.0,16585000.0,0.0,29850000.0,46810000.0,48000.0,230000.0,2141000.0,-27030000.0,-1.2987699404,-25998000.0,-1.2491831636,-3403000.0,-29401000.0,-1.4126945993,118000.0,-29519000.0,-1.4183644052,-0.0211,-0.0211,1396640895,1396640895,,,0.0149014682832984,-0.0211357121975151,-0.019567664170395,-0.0234856362271992,0.0440671615877322,0.0316323259315702,0.0316323259315702,0.0316323259315702,0.0223121062196879,2220659023.05,2190045023.05,-18.807031259951216,106.70089482269846,-81.25650492334151,-67.7009549419225,50.26503594581136,50.26503594581136,105.22991654093794,-81.02275334998151,-80.13630294010026,-66.76762973842261,-0.0132929007531541,-0.0147708403944649,0.7001516557640508,0.2128543903110377,1.1325934147243804,1.702089501734202,-113.03478260869564,0.9258104949354652,0.0,0.0,0.0,0.6373726696136844,0.0,-0.2002268652347323,0.2629252354410917,2.5558150397010744,0.1627426484720353,,-0.3017332751333111,-0.203131021194605,-0.0149306454326614,41497000.0,44179000.0,-539000.0,68363000.0,4709500.0,16638000.0,25905000.0,25.64818374014991,96.52712264150944,151.70518867924528,3.509020401281403,0.9323804288070368,0.5932559115712887,-0.6681681341813984,0.0039179720568041,2010-03-31,,amc,,2025-04-25,2010-03-31,,,
2009-12-31,TSLA,USD,1318605,2009-12-31,2009-12-31 00:00:00,2009,Q4,18585000.0,16804000.0,1781000.0,0.0958299704,8143000,0.0,0.0,16563000.0,0.0,24706000.0,41510000.0,62000.0,25000.0,1935000.0,-22053000.0,-1.1866020985,-22925000.0,-1.2335216573,-1088000.0,-24013000.0,-1.2920634921,229000.0,-24242000.0,-1.3043852569,-0.0117,-0.0117,0,0,,,0.0,0.0,0.0,0.0,0.0,0.0,0.0,0.0,0.0,0.0,-68537000.0,0.0,0.0,0.0,0.0,0.0,0.0,-3.687758945386064,3.107831134086066,2.3627745027062432,1.9467420326080784,,0.0,-0.0042994126765618,0.0083573575415567,3.107831134086066,1.749186800953226,-917.0,1.1965596897945714,,0.0,0.0,0.4381490449287059,0.0,-0.2137070362326335,0.3335485606672047,3.203617571059432,0.0529997309658326,,-0.3160617860955224,-0.1858706986444212,0.0,43070000.0,-253523000.0,-283388000.0,66605000.0,2437000.0,16221500.0,21437500.0,16.8910411622276,80.79861937633896,124.37395858129015,5.328268348623853,1.1138804189314595,0.7236241495133925,0.0956205156928562,0.0,2009-12-31,,amc,,2025-04-25,2009-12-31,,,
2009-09-30,TSLA,USD,1318605,2009-09-30,2009-09-30 00:00:00,2009,Q3,45527000.0,37828000.0,7699000.0,0.1691084411,1257000,0.0,0.0,10733000.0,0.0,11990000.0,49818000.0,52000.0,18000.0,1948000.0,-2868000.0,-0.062995585,-4291000.0,-0.0942517627,-543000.0,-4834000.0,-0.1061787511,-219000.0,-4615000.0,-0.1013684187,-0.0022,-0.0022,2099745000,2099745000,,,0.0216821566428304,-0.0021978859337681,-0.0111865964676663,-0.0122610126467737,0.0507428282958168,-0.1098442906162415,-0.1098442906162415,-0.1098442906162415,0.0004629133537643,3338594550.0,3233001550.0,-180.8556094257855,73.33218859138533,-142.13438417982886,-129.67933773548262,-14.47503544408073,-14.47503544408073,71.012839633624,-1127.266928172943,-137.63896079015709,-125.57784229947562,-0.0013823181973384,-0.0077113287086627,-0.0041362266686899,0.0061186792888478,36.817642956764296,2.1631502155773044,-238.38888888888889,5.089707475622968,0.0,0.0,0.0,0.0276099896764557,0.0,-0.096044957214015,0.049553012498078,1.158110882956879,0.0045247874887429,,-0.0430496019768895,-0.02959927140255,-0.128181279155326,70951000.0,-230645000.0,-254611000.0,90424000.0,,,,2.7399125793485184,41.29560114201121,46.75822142328434,32.84776334776335,2.179408884023737,1.924795196662087,0.0200091049014719,0.0010744161791074,2009-09-30,,amc,,2025-04-25,2009-09-30,,,
2009-06-30,TSLA,USD,1318605,2009-06-30,2009-06-30 00:00:00,2009,Q2,26945000.0,24844000.0,2101000.0,0.07797365,1941000,0.0,0.0,8247000.0,0.0,10188000.0,35032000.0,29000.0,1086000.0,1685000.0,-8088000.0,-0.3001670069,-8087000.0,-0.3001298942,-2772000.0,-10859000.0,-0.4030061236,8000.0,-10867000.0,-0.4033030247,-0.0052,-0.0052,2099745000,2099745000,,,0.0128325106143841,-0.005175390345018,-0.0057940368949562,-0.0069975163650824,,,,,,3338594550.0,,-76.80580081899329,123.9040471330488,-274.4200682229164,-227.22347716599745,0.0,0.0,,,,,-0.0032549624811434,-0.004400953688731,0.0,0.0,,0.0,-7.44659300184162,1.1195362105456887,0.0,0.0,0.0,0.0720356281313787,0.0,-0.2077100115074798,0.0937836333271479,1.4997032640949557,0.0056782334384858,,0.0,0.0,,,,,,,,,,,,0.0,0.0,0.0,0.0,0.0012034794701261,2009-06-30,,amc,,2025-04-25,2009-06-30,,,
2009-03-31,TSLA,USD,1318605,2009-03-31,2009-03-31 00:00:00,2009,Q1,20886000.0,22932000.0,-2046000.0,-0.0979603562,7941000,0.0,0.0,6607000.0,0.0,14548000.0,37480000.0,16000.0,1402000.0,1372000.0,-13234000.0,-0.6336301829,-16594000.0,-0.7945034952,586000.0,-16008000.0,-0.7664464234,8000.0,-16016000.0,-0.7668294551,-0.0076,-0.0076,2099745000,2099745000,,,0.0099469221262581,-0.0076275928743728,-0.0076976013754051,-0.0081271773477255,0.0082899352064179,-0.0301849748421832,-0.0301849748421832,-0.0301849748421832,0.0007974777889696,3338594550.0,3321460300.0,-52.11342641733267,159.84844153978742,-206.55785126523543,-195.63987987108115,-52.67521368869885,-52.67521368869885,159.02807143541128,-250.97931842224577,-205.49776031677288,-194.63582185760328,-0.004797228222876,-0.005111432294167,-0.0042994126765618,0.0083573575415567,1.2947143720719358,1.749186800953226,-11.835948644793152,1.0091783216783217,0.0,0.0,0.0,0.3802068371157713,0.0,-0.0558064715708717,0.0431868237096619,0.6574344023323615,0.0043091065785693,,-0.9105254187193096,-0.4911979390296264,-0.0357296957487695,10767500.0,-63380750.0,-70847000.0,16651250.0,2096000.0,8977750.0,11227750.0,3.757540936512497,14.801805337519625,22.78453689167975,23.95183486238532,6.0803393875116,3.950047368874343,0.2526950217534504,0.0004295759723204,2009-03-31,,amc,,2025-04-25,2009-03-31,,,
2008-12-31,TSLA,USD,1318605,2008-12-31,2008-12-31 00:00:00,2008,Q4,14162000.0,15864000.0,-1702000.0,-0.1201807654,11826000,0.0,0.0,9696000.0,0.0,21522000.0,37386000.0,43000.0,1099000.0,1294000.0,-23081000.0,-1.6297839288,-23224000.0,-1.6398813727,-2250000.0,-25474000.0,-1.7987572377,24000.0,-25498000.0,-1.8004519136,-0.0123,-0.0123,0,0,,,0.0,0.0,0.0,0.0,0.0,0.0,0.0,0.0,0.0,0.0,46480000.0,0.0,0.0,0.0,0.0,0.0,0.0,3.282022313232594,-2.0137775659633466,-2.0792699293191377,-2.065961418792781,,0.0,-0.2791842334538389,1.0784928141743555,-2.0137775659633466,0.357388980496958,-21.1319381255687,0.876696211467566,,0.0,0.0,0.8350515463917526,0.0,-0.0064418001252572,0.0101680553594125,0.1112828438948995,0.0154639175257731,,0.6476077501481508,-0.4932010290334436,0.0,-56508000.0,-199714000.0,-219986000.0,-37715000.0,,,,21.098714870780963,80.46898638426627,94.45915279878972,4.26566265060241,1.1184433164128595,0.9527927927927928,0.127672571777642,0.0,2008-12-31,,amc,,2025-04-25,2008-12-31,,,
2008-03-31,TSLA,USD,1318605,2008-03-31,2008-03-30 20:00:00,2008,Q1,3685500.0,3970750.0,-285250.0,-0.0773979107,13428500,5912250.0,0.0,5912250.0,-38681500.0,-19340750.0,23311500.0,0.0,936750.0,-108500.0,-19734500.0,-5.3546330213,-19626000.0,-5.3251933252,-1045250.0,-20671250.0,-5.6088047755,24250.0,-20695500.0,-5.6153846154,-0.0101,-0.0101,2044950000,2044950000,,,0.0018022445536565,-0.0101202963397638,-0.0064074916257121,-0.0075847820240103,0.0011341353089317,-0.0244155113816963,-0.0244155113816963,-0.0244155113816963,0.0072745054891317,3251470500.0,3263090500.0,-39.27750597956078,882.2332112332113,-248.14702739830577,-209.63028271171143,-65.12253522537229,-65.12253522537229,885.386107719441,-165.34954014543058,-249.03384721056247,-210.37945262886436,-0.0063649662514237,-0.0047703031597549,-0.2791842334538389,1.0784928141743555,-0.5888165395626948,0.357388980496958,-20.951160928742997,0.6331328066487883,0.0,0.0,1.604192104192104,3.643603310269977,0.0,-0.1837365488819354,0.6532356532356532,2.3165744527303342,0.0296431963098629,,2.1690058272523496,-1.6012301978761678,-0.0282795422870974,-14127000.0,-49928500.0,-54996500.0,-9428750.0,830000.0,3546000.0,4162500.0,20.268620268620268,80.37272555562551,94.3461562677076,4.440361445783132,1.1197828539199095,0.953933933933934,0.4145027389166508,0.0011772903982982,2008-03-30,,amc,,2025-04-25,2008-03-31,,,
2008-01-31,TSLA,USD,1318605,2008-01-31,2008-01-30 19:00:00,2007,Q4,3685500.0,3970750.0,-285250.0,-0.0773979107,13428500,5912250.0,0.0,5912250.0,-38681500.0,-19340750.0,23311500.0,0.0,936750.0,-108500.0,-19734500.0,-5.3546330213,-19626000.0,-5.3251933252,-1045250.0,-20671250.0,-5.6088047755,24250.0,-20695500.0,-5.6153846154,-0.0101,-0.0101,2044950000,2044950000,,,0.0018022445536565,-0.0101202963397638,-0.0064074916257121,-0.0075847820240103,0.0011341353089317,-0.0244155113816963,-0.0244155113816963,-0.0244155113816963,0.0072745054891317,3251470500.0,3263090500.0,-39.27750597956078,882.2332112332113,-248.14702739830577,-209.63028271171143,-65.12253522537229,-65.12253522537229,885.386107719441,-165.34954014543058,-249.03384721056247,-210.37945262886436,-0.0063649662514237,-0.0047703031597549,-0.2791842334538389,1.0784928141743555,-0.5888165395626948,0.357388980496958,-20.951160928742997,0.6331328066487883,0.0,0.0,1.604192104192104,3.643603310269977,0.0,-0.1837365488819354,0.6532356532356532,2.3165744527303342,0.0296431963098629,,2.1690058272523496,-1.6012301978761678,-0.0282795422870974,-14127000.0,-49928500.0,-54996500.0,-9428750.0,,,,20.268620268620268,80.37272555562551,94.3461562677076,4.440361445783132,1.1197828539199095,0.953933933933934,0.4145027389166508,0.0011772903982982,2008-01-30,,amc,,2025-04-25,2008-01-31,,,
2007-03-31,TSLA,USD,1318605,2007-03-31,2007-03-30 20:00:00,2007,Q1,18250.0,2250.0,16000.0,0.8767123288,15688250,4311000.0,0.0,4311000.0,-39998500.0,-19999250.0,20001500.0,0.0,-471500.0,471500.0,-19511750.0,-1069.1369863014,-19983250.0,-1094.9726027397,471500.0,-19511750.0,-1069.1369863014,27500.0,-19539250.0,-1070.6438356164,-0.0096,-0.0096,2044950000,2044950000,,,8.924423580038632e-06,-0.0095548790923983,-0.0065367123890559,-0.0077350301963373,0.0021040856744663,-0.0144069537152497,-0.0144069537152497,-0.0144069537152497,-0.000218587251522,3251470500.0,3247192250.0,-41.60178230996584,178162.76712328766,-243.24154182797508,-205.5583442651452,-110.36337253703988,-110.36337253703988,177928.34246575343,-166.42239932348457,-242.921487216892,-205.28787280112533,-0.0060093579197473,-0.0048647988656209,-0.0008315937749265,0.0028131010132904,0.2192653144899868,0.4348877105427324,42.38229056203605,0.6841229832260706,0.0,0.0,236.21917808219172,859.6301369863014,0.0,-0.1833211767566253,134.27397260273972,3.385837651122625,2.712328767123288,,4.86333666333853,-2.2435054683239084,-0.0164275104525783,-7247000.0,-29461500.0,-32593750.0,-4247500.0,,,,72.73972602739727,53690.0,21080.0,1.2372881355932204,0.001676289811883,0.00426944971537,0.6632130068054919,0.0011983178072813,2007-03-30,,amc,,2025-04-25,2007-03-31,,,
