date,symbol,reportedCurrency,cik,fillingDate,acceptedDate,calendarYear,period,revenue,costOfRevenue,grossProfit,grossProfitRatio,researchAndDevelopmentExpenses,generalAndAdministrativeExpenses,sellingAndMarketingExpenses,sellingGeneralAndAdministrativeExpenses,otherExpenses,operatingExpenses,costAndExpenses,interestIncome,interestExpense,depreciationAndAmortization,ebitda,ebitdaratio,operatingIncome,operatingIncomeRatio,totalOtherIncomeExpensesNet,incomeBeforeTax,incomeBeforeTaxRatio,incomeTaxExpense,netIncome,netIncomeRatio,eps,epsdiluted,weightedAverageShsOut,weightedAverageShsOutDil,link,finalLink,revenuePerShare,netIncomePerShare,operatingCashFlowPerShare,freeCashFlowPerShare,cashPerShare,bookValuePerShare,tangibleBookValuePerShare,shareholdersEquityPerShare,interestDebtPerShare,marketCap,enterpriseValue,peRatio,priceToSalesRatio,pocfratio,pfcfRatio,pbRatio,ptbRatio,evToSales,enterpriseValueOverEBITDA,evToOperatingCashFlow,evToFreeCashFlow,earningsYield,freeCashFlowYield,debtToEquity,debtToAssets,netDebtToEBITDA,currentRatio,interestCoverage,incomeQuality,dividendYield,payoutRatio,salesGeneralAndAdministrativeToRevenue,researchAndDdevelopementToRevenue,intangiblesToTotalAssets,capexToOperatingCashFlow,capexToRevenue,capexToDepreciation,stockBasedCompensationToRevenue,grahamNumber,roic,returnOnTangibleAssets,grahamNetNet,workingCapital,tangibleAssetValue,netCurrentAssetValue,investedCapital,averageReceivables,averagePayables,averageInventory,daysSalesOutstanding,daysPayablesOutstanding,daysOfInventoryOnHand,receivablesTurnover,payablesTurnover,inventoryTurnover,roe,capexPerShare,report_date,epsEstimated,time,revenueEstimated,updatedFromDate,fiscalDateEnding,surprise(%),QuarterAvgPrice,QuarterAvgVolume
2025-03-31,TSM,TWD,1046179,2025-03-31,2025-03-31 00:00:00,2025,Q1,839254000000.0,345859000000.0,493395000000.0,0.5878971086,0,0.0,0.0,0.0,86314000000.0,86314000000.0,432173000000.0,0.0,0.0,163411731000.0,570492731000.0,0.6797617062,407081000000.0,0.4850510096,23814000000.0,430895000000.0,0.5134262095,69331000000.0,361564000000.0,0.4308159389,69.7,69.7,5187431850,5185800000,,,32.35720580706727,13.940000000508151,24.11867829849732,11.36361916603913,104.21688719389536,177.41457170055185,177.41457170055185,177.41457170055185,38.05274087160651,23602814920230.0,21886704920230.0,16.319942610595913,28.123565595433565,37.73009402661573,80.080121192339,5.129229190575948,5.129229190575948,26.07876151943273,38.36456405301683,34.986819892625924,74.2576675043428,0.0153186813192397,0.0124874935890539,0.2144848673187544,0.1383625227629887,-3.008118958837356,2.390101443063295,0.0,1.7301777831863792,0.004394391107609,0.2868648427387682,0.0,0.0,0.0,0.5288456927282319,0.3941953210827711,0.0,0.0,235.8942144604368,0.0583321783215806,0.0506868499668455,19.319251391882563,1945864000000.0,4601630000000.0,814004000000.0,5346674000000.0,258019000000.0,37113500000.0,290628500000.0,26.160733222600072,0.0,76.34590974934872,3.4402705472432875,0.0,1.178845078871665,0.0785730273837748,12.755059132458186,2025-04-17,2.03,bmo,28223401989.732124,2025-04-22,2025-03-31,0.0443349753694582,194.3135,16958902.383333333
2024-12-31,TSM,TWD,1046179,2025-02-27,2025-02-27 06:02:03,2024,Q4,868461000000.0,356082000000.0,512379000000.0,0.5899850425,57232000000,0.0,0.0,29108000000.0,326000000.0,86666000000.0,442748000000.0,0.0,0.0,170378000000.0,596091000000.0,0.6863762449,425713000000.0,0.4901924208,23085000000.0,448798000000.0,0.5167739254,74329000000.0,374680000000.0,0.4314298512,72.25,72.25,5185511200,5185511200,https://www.sec.gov/Archives/edgar/data/1046179/000104617925000019/0001046179-25-000019-index.htm,https://www.sec.gov/Archives/edgar/data/1046179/000104617925000019/tsmc2024q4consolidatedfina.htm,33.4932781315833,14.450000000393375,23.91897686090524,9.959963702630487,93.40817543584596,166.74408348911282,166.74408348911282,165.3930694237403,38.044133394865085,27874117646300.0,26732952603300.0,18.598615916448704,32.0959923891804,44.943393952483454,107.93212024618984,6.499667753585423,6.499667753585423,30.78198399617254,44.84709986109503,43.1034135540668,103.51338440655783,0.0134418604654822,0.0092650825140748,0.2300225367811227,0.1474105109760431,-1.9144141464977664,2.442302050176944,0.0,1.6552925162805594,0.0037215169038281,0.2768602540834846,0.0,0.0659004837292636,0.0,0.5835957465676671,0.4167705861287956,2.124384110321265,0.0004567838970316,231.8909694185124,0.0647329606949324,0.0559897596182152,15.49042248454148,1823827000000.0,4323576000000.0,719990000000.0,5278373000000.0,261031000000.0,72523500000.0,290374500000.0,28.19691385105376,18.760931470840987,72.75911166529058,3.19183866984211,4.79720317404718,1.2369584776408713,0.0873676270156894,13.959013158274749,2025-01-16,2.17,bmo,26323800000.0,2025-04-24,2024-12-31,0.0322580645161291,193.5315625,13380593.765625
2024-09-30,TSM,TWD,1046179,2024-11-14,2024-11-14 06:02:52,2024,Q3,759692143000.0,320346477000.0,439345666000.0,0.5783206659,52783826000,22890591000.0,3404487000.0,26295078000.0,-499527000.0,78579377000.0,398925854000.0,22601654000.0,2635790000.0,168228557000.0,555051199000.0,0.7306264835,360766289000.0,0.4748848495,23420563000.0,384186852000.0,0.5057138678,59106682000.0,325257571000.0,0.4281439186,62.75,62.7,5185600000,5185600000,https://www.sec.gov/Archives/edgar/data/1046179/000104617924000126/0001046179-24-000126-index.htm,https://www.sec.gov/Archives/edgar/data/1046179/000104617924000126/tsmc2024q3consolidatedfina.htm,29.30006722462203,12.544645595495217,15.90749853440296,7.615045047824745,83.6007405121876,155.11879049676023,155.11879049676023,154.0101307081148,36.207798133292194,24813096000000.0,23862475000000.0,19.071881957822285,32.66204110261543,60.160307287177005,125.67227035293364,6.213876941730144,6.213876941730144,31.41071711728892,42.99148446664287,57.855490045763695,120.85760718816066,0.013108302607623,0.0079572048566611,0.2344400327057168,0.1518345156885069,-1.7126726358085032,2.5087467604590894,136.87216697840117,1.268069108215632,0.0036578482185375,0.279048197774311,0.0301314041627517,0.069480547464343,0.0,0.5212921106762464,0.283018240982387,1.278059870771389,0.0,208.4947395657907,0.0632147642482512,0.0527530825572606,13.799001079913609,1630050000000.0,4021920000000.0,566710000000.0,4701649000000.0,230092209500.0,135163705000.0,282685293500.0,29.614180174560527,19.896582162194345,82.28340841095,3.0390846368022277,4.523389960463146,1.0937806507784755,0.0814533793187297,8.292453486578216,2024-10-17,1.74,bmo,23094600000.0,2025-04-24,2024-09-30,0.1149425287356321,170.4040625,16395077.265625
2024-06-30,TSM,TWD,1046179,2024-06-30,2024-06-28 20:00:00,2024,Q2,673510177000.0,315385699000.0,358124478000.0,0.531728384,48057704000,19290282000.0,2947324000.0,22237606000.0,1273626000.0,71568936000.0,386954635000.0,20979233000.0,2638140000.0,165166594000.0,474115309000.0,0.7039467631,286555542000.0,0.4254657937,19755033000.0,306310575000.0,0.454797248,58649137000.0,247845528000.0,0.3679907691,47.8,47.8,5185794400,5186162400,,,25.97519782118628,9.55863302255099,14.565491065361172,6.633256652057011,79.00505434615765,147.33126346081133,146.46618485298993,146.22264523252213,38.56924034628137,25099244896000.0,24297540158000.0,25.31742765195263,37.26631868845539,66.45845276731129,145.93133520618676,6.6200416389724985,6.6200416389724985,36.07598071676948,51.24816620928813,64.33567749321554,141.27008570078388,0.009874620891065,0.0068525378636952,0.2630748158788255,0.1667271685015856,-1.690948853119611,2.470797359996059,108.62029384338966,1.5238048192662972,0.0036161346038925,0.3662049048550918,0.0286414113086222,0.0713540873488538,0.0037494540531983,0.5445909360493963,0.3053772474769895,1.2452559504859682,0.0005175333824243,177.33582159478593,0.0467195267914887,0.0415852847241918,6.950030288512788,1542742413001.0,3797717606000.0,429442284000.0,4710546018001.0,206134711500.0,191555818000.0,269806962999.5,28.090054695639736,56.93240675443562,77.75924180379529,3.203980945397383,1.5808219804968648,1.1574186927785508,0.0653704014679184,7.93223441330416,2024-07-18,1.37,amc,20089200000.0,2025-04-24,2024-06-30,0.0802919708029196,151.6874603174603,14559694.84126984
2024-03-31,TSM,TWD,1046179,2024-03-31,2024-03-29 20:00:00,2024,Q1,592644201000.0,278138932000.0,314505269000.0,0.5306814248,46108936000,16137086000.0,3111259000.0,19248345000.0,129682000.0,65486963000.0,343625895000.0,19359172000.0,2698255000.0,159023162000.0,428264621000.0,0.7226336144,249018306000.0,0.4201817981,17524898000.0,266543204000.0,0.4497524882,41321941000.0,225484877000.0,0.3804725949,43.5,43.5,5186000000,5186000000,,,22.85554188198997,8.695907327419977,17.374678094870806,10.303340069417663,74.15294118781334,141.36969741612032,140.5120450829155,140.21334091785576,39.03434924797532,19966100000000.0,19277366717000.0,22.136850446072263,33.68985972748934,44.31736782664839,74.73304722664753,5.491631502105823,5.491631502105823,32.52772352192475,45.01274625951416,42.78863431148188,72.1551207930925,0.0112933861395064,0.0133809611291138,0.2776503989940754,0.1744093671941009,-1.6081956090414482,2.390191979160414,92.28864803363656,1.998029353427547,0.0038964150735496,0.3450174310359625,0.0272289612768859,0.0778020537823502,0.0038423191944924,0.4069910237669772,0.3093927093028284,1.1530382913653798,0.000306813092397,165.63166943708677,0.0447523513733449,0.0391083039455028,3.305702256054763,1426587315000.0,3643477329000.0,330592566000.0,4540811093000.0,201998684500.0,120448641500.0,259060213499.5,30.68503889739402,59.41052631927126,86.43558216406038,2.9330254493385506,1.5148830615696176,1.0412378530542448,0.0620191150891589,7.071338025453144,2024-04-18,1.32,bmo,20225500000.0,2025-04-24,2024-03-31,0.0530303030303029,124.20245901639343,15691914.590163937
2023-12-31,TSM,TWD,1046179,2023-12-31,2023-12-30 19:00:00,2023,Q4,625529000000.0,293761000000.0,331768000000.0,0.5303798865,50410000000,18235339000.0,2975542000.0,21211000000.0,-58000000.0,71563000000.0,365324000000.0,17408787000.0,2918637000.0,150648000000.0,410853000000.0,0.656808877,260205000000.0,0.415975918,18076000000.0,278281000000.0,0.4448730594,39974000000.0,238712000000.0,0.3816162,46.05,46.05,5186414200,5186414200,,,24.12182968340631,9.2052809819933,15.591937759232572,10.780934156782155,65.08422493521633,134.32258638347858,133.44465033278675,133.3836247401914,37.09642384520696,15377718103000.0,14871358810000.0,16.104885911684374,24.583541455312226,38.032476088410654,55.00450994100088,4.445823099762531,4.445823099762531,23.77405173860844,36.196300891072966,36.78013828548201,53.19331503035265,0.0155232394300055,0.0181803274144724,0.2772744750009336,0.173355767848633,-1.2324585508685588,2.4015684958064623,89.15291624138254,1.6938025519715605,0.0050590219224283,0.3258998835416736,0.0291518682587058,0.0805877904941257,0.0041151793896751,0.3085571323296003,0.1994460480649178,0.8281486040047016,0.0002035061523926,166.2114895033729,0.0494632582367349,0.0433265217766723,-3.2541677157215867,1280449594000.0,3460496147000.0,144924542000.0,4408116108000.0,212381137500.0,170146403000.0,256543544000.0,29.054532803435173,17.552960161491825,76.89835587433322,3.0976233763207897,5.127340298842842,1.1703761280290232,0.0690135764410632,4.811003602450418,2024-01-18,1.37,bmo,19675485326.0,2025-04-24,2023-12-31,0.0510948905109487,95.36714285714284,8983954.841269841
2023-09-30,TSM,TWD,1046179,2023-09-30,2023-09-29 20:00:00,2023,Q3,546733000000.0,250090294000.0,296643000000.0,0.5425737974,51137762000,14998124000.0,2572905000.0,17571029000.0,-131085000.0,68577706000.0,318668000000.0,15595274000.0,3111922000.0,147280162000.0,375345162000.0,0.6865236999,228065000000.0,0.4171414566,13875000000.0,241940000000.0,0.4425194748,31145221000.0,211000000000.0,0.3859287806,40.7,40.7,5185853400,5185871600,,,21.085555561597637,8.137522746015149,11.36342481258726,2.5777120502480844,59.82899555162898,130.07764546525746,128.94320136392594,129.1340013583878,38.84007203134589,13820299311000.0,13512474987000.0,16.374762216824646,25.277968059363527,46.90487320421183,206.77251361287733,4.12749542640405,4.12749542640405,24.714943102026037,36.00013095946072,45.86014468122679,202.1669976401513,0.0152673972720734,0.0048362327396774,0.2998440055549748,0.1830563268931888,-0.8201100085046521,2.14680604308092,73.28750527808859,1.2178419160463403,0.0051596962117342,0.3379551943127962,0.0274322640118668,0.0935333371133624,0.0053632972295296,0.7731571165593709,0.4166697309289909,1.5467601943566576,0.0002329272240746,153.76506316488545,0.0439426162974151,0.0386791123746297,-10.114172047362542,1112442000000.0,3343402696000.0,-29261000000.0,4427589304000.0,206925362000.0,235773676000.0,248211500000.0,36.679973405666026,101.84312634699847,94.3183344812254,2.4536549960011023,0.8837120700061115,0.9542153229806556,0.0630161124135768,8.785712762339175,2023-10-19,1.16,amc,16963428108.0,2025-04-24,2023-09-30,0.1120689655172414,94.56190476190476,8773946.07936508
2023-06-30,TSM,TWD,1046179,2023-06-30,2023-06-29 20:00:00,2023,Q2,480841254000.0,220641407000.0,260199847000.0,0.5411346153,41665278000,14163389000.0,2365893000.0,16529282000.0,47244000.0,58241804000.0,278883211000.0,13672021000.0,3005155000.0,123939688000.0,341619752000.0,0.7104626509,201958043000.0,0.4200098085,12716866000.0,214674909000.0,0.4464569278,32957903000.0,181799021000.0,0.3780853234,35.05,35.05,5185853600,5185883000,,,18.544343558021,7.011344130501485,6.450161994546086,-3.2120551185633164,57.46232404246815,123.62354386556537,122.70373644948248,122.97878983702896,35.205049174546694,14935258368000.0,14568370368000.0,20.53814465810572,31.060684256513483,89.30008277110481,-179.3244445498907,4.683734494080753,4.683734494080753,30.297671522169352,42.644988419756245,87.10640603914263,-174.91929900831877,0.0121724724487873,-0.005576484580839,0.2853268522148177,0.1766855391773708,-1.0739660041671126,2.417234706701413,67.20386901840338,0.9199608341125224,0.0047745104398584,0.3922383443417992,0.0294554364505504,0.0866507972296403,0.0046315360916134,1.4979805346407205,0.5210331162641881,2.04292870921802,0.00026532665186,139.2858530747134,0.0396435111548229,0.0354687229968687,-7.4666353674156944,1149135000000.0,3181618067000.0,15967000000.0,4267875933000.0,169575550500.0,196112297500.0,225200490500.0,35.75486320481146,76.90888351704538,95.5848237497869,2.517140101598512,1.170215921546348,0.9415720662476048,0.0570126290866326,9.662217113109405,2023-07-20,1.07,bmo,15441203226.0,2025-04-24,2023-06-30,0.0654205607476633,93.06709677419354,11896055.870967742
2023-03-31,TSM,TWD,1046179,2023-03-31,2023-03-30 20:00:00,2023,Q1,508632973000.0,222132581000.0,286500392000.0,0.563275303,39157036000,13475948000.0,2676360000.0,16152308000.0,-47109000.0,55262235000.0,277394816000.0,13617818000.0,2963686000.0,110322641000.0,357561258000.0,0.7029848181,231238157000.0,0.454626753,13036774000.0,244274931000.0,0.4802577575,37325895000.0,206986561000.0,0.4069468005,39.9,39.9,5185817600,5185875200,,,19.616307870141828,7.98279372571839,14.85762804306885,3.1794318411816103,62.25946485275533,119.2829303521975,118.34588085010934,118.71740178443608,34.236981647792625,13820203904000.0,13319741118000.0,16.6921512165227,27.17127012526575,35.873828477530566,167.64001451338387,4.48965351320447,4.48965351320447,26.18733315584713,37.25163400672452,34.57475096253422,161.5693668376165,0.0149770989225485,0.0059651629290461,0.2874278031078754,0.1753462776454237,-1.3996560723589355,2.2858212802573403,78.02383822037827,1.5770948882183904,0.0051597318314067,0.3445080958661852,0.0264944443544756,0.076984855639707,0.004815217696842,0.7860067682428737,0.595331001083172,2.744721974159411,0.0001981232152639,146.02455932894875,0.0473389741904788,0.041219675932374,-4.608276282220184,1122637600000.0,3068600759000.0,42780771000.0,4022349987000.0,189766553500.0,236028146000.0,218608564500.0,26.209834080103967,82.52247012787377,87.54284581963238,3.433825629148852,1.0906120461559057,1.0280680180928798,0.067241984795231,11.67819620188724,2023-04-20,1.21,bmo,16998107579.0,2025-04-24,2023-03-31,0.0826446280991736,89.7641935483871,13167869.70967742
2022-12-31,TSM,TWD,1046179,2022-12-31,2022-12-30 19:00:00,2022,Q4,625531876000.0,236346953000.0,389184923000.0,0.6221664122,44587023000,16957177000.0,2991130000.0,19948307000.0,-391226000.0,64144104000.0,300491057000.0,10587332000.0,3334985000.0,107581924000.0,445468265000.0,0.712143189,325040819000.0,0.5196231103,9510537000.0,334551356000.0,0.5348270309,62278689000.0,272297328000.0,0.4353052793,57.05,57.05,5186076000,5186076000,,,24.123513654639847,10.501092849391332,18.77643135195088,5.787805654988473,61.1830649994331,114.17067034883408,113.16801805449823,113.59853557873043,34.380886705092635,11629775430000.0,11175135819000.0,10.677460108973232,18.591819020266843,23.88632810959579,77.49050792910448,3.9481142755503504,3.9481142755503504,17.865014154770268,25.086266962249265,22.952546457032533,74.46119282382729,0.023413807913916,0.0129048063656376,0.3015203804397618,0.1788950714271871,-1.0205881018258394,2.1741563648048774,97.46395231162958,1.4553221538877876,0.0061315496957966,0.2618775091322233,0.0271084138964007,0.0712785786155524,0.0052367196281807,0.6917515609595793,0.5384218021848658,3.1306374479787142,0.000128385144037,163.83054451936152,0.0807044638932763,0.0551345359121617,-5.154521337519928,1108669927000.0,2934489712000.0,48606733000.0,3870420188000.0,246511635500.0,244153537000.0,219742511000.0,33.29453637627253,102.19779308938246,84.21273499557239,2.7031462154294723,0.8806452397781797,1.0687219694827854,0.0924403892699255,12.988625696962403,2023-01-12,1.8,bmo,20573741760.0,2025-04-24,2022-12-31,0.0111111111111111,72.34206349206349,15328162.333333334
2022-09-30,TSM,TWD,1046179,2022-09-30,2022-09-29 20:00:00,2022,Q3,613142743000.0,242644026000.0,370498717000.0,0.6042617665,42977507000,14499002000.0,2709953000.0,17208955000.0,-11959000.0,60174503000.0,302818529000.0,6615044000.0,3370018000.0,105345666000.0,425406551000.0,0.6938132366,310324214000.0,0.5061206669,6366653000.0,316690867000.0,0.5165043061,35722460000.0,280865780000.0,0.4580756817,54.15,54.15,5185798600,5185833000,,,23.646994042537635,10.832112916996044,15.916474928278165,5.594599797994469,58.58058864839062,106.14820864813376,105.11822063433009,105.5950883244868,33.900044633434085,10942035046000.0,10521646264000.0,9.73955873691697,17.845820032807598,26.513408396117253,75.42988153527567,3.9963980019906,3.9963980019906,17.160190484387744,24.73315523530807,25.49477343329223,72.53189447055587,0.0256685140213176,0.0132573454928778,0.3198072385417045,0.1885778797345561,-0.988204767913882,2.4946176726490905,92.0838446560226,1.3031577794126914,0.0065169363560088,0.2538883376963901,0.0236470253713824,0.0700938035892239,0.0057516296260465,0.6485025846989042,0.4364984027870978,2.5405490150871515,0.0001309483002394,160.42413535608586,0.071307485976695,0.0608382946696872,-2.571297649314804,1206801071000.0,2725609607000.0,123246751000.0,3687347617000.0,243100873000.0,219220903500.0,217886982500.0,38.401009974931725,81.57423030888879,80.98377274699521,2.3436883576435155,1.1032896008850614,1.111333751777319,0.1025815981488615,10.321875130283694,2022-10-13,1.69,bmo,19440661726.0,2025-04-24,2022-09-30,0.0591715976331361,82.6540625,11505693.65625
2022-06-30,TSM,TWD,1046179,2022-06-30,2022-06-29 20:00:00,2022,Q2,534140808000.0,218672814000.0,315467994000.0,0.5906082989,39649130000,11568594000.0,2156794000.0,13725388000.0,-30273000.0,53344245000.0,272017059000.0,3545945000.0,2904231000.0,113224647000.0,382127159000.0,0.7154052888,262123749000.0,0.4907390431,3874532000.0,265998281000.0,0.4979928083,28818029000.0,237027317000.0,0.4437543686,45.7,45.7,5185798600,5185833400,,,20.600136997221604,9.141400786370683,13.06836054142172,4.547193020569677,55.9312441482012,96.82065651373348,95.7712909251817,96.2765191845283,34.64106889920484,12342200668000.0,11984315273000.0,13.0176985760675,23.106642449232226,36.42384968575527,104.6799636273998,4.944092329383814,4.944092329383814,22.43662175498862,31.362113345625872,35.367671441464935,101.64457057723573,0.0192046235007787,0.0095529265138018,0.3586446841212843,0.2060091779862923,-0.9365610021977004,2.254820150515158,90.25581952675252,1.273878266153156,0.0057776568310775,0.3008471804116991,0.0216583227245202,0.0742297338195512,0.0062607823950297,0.6520456406022157,0.4136461578872663,1.9513886671689071,0.0002140783821182,140.72064732691427,0.0649431511582048,0.0548835394809933,-4.1682627339210585,1060625415000.0,2483253132000.0,70387186000.0,3370446727000.0,219036680500.0,195041364000.0,208778386500.0,37.841812958803175,89.93464990119897,89.49182036867188,2.378321569793162,1.0007266398309531,1.005678503680388,0.0949494317389043,8.521167520852044,2022-07-14,1.5,bmo,17680034583.0,2025-04-24,2022-06-30,0.0333333333333333,92.4732258064516,10409097.548387095
2022-03-31,TSM,TWD,1046179,2022-03-31,2022-03-30 20:00:00,2022,Q1,491075873000.0,217872707000.0,273203166000.0,0.5563359575,36048540000,10500027000.0,2062623000.0,12562650000.0,801858000.0,49413048000.0,267285755000.0,1673879000.0,2140766000.0,111102063000.0,340074525000.0,0.6925091288,223790118000.0,0.455713934,3041578000.0,226831696000.0,0.4619076368,23958322000.0,202732975000.0,0.4128343218,39.1,39.1,5185958200,5185966800,,,18.93867455391368,7.818534865938565,14.352976774861007,4.221089402533171,50.02949900367496,89.52901911164652,88.54096444510486,89.25756848560792,30.871653805462604,15480085227000.0,15126850346000.0,19.089254260437897,31.522797347855043,41.59415913259438,141.4326831461392,6.688508438320965,6.688508438320965,30.80348919117026,44.48098647200933,40.645035943926736,138.20537811079612,0.0130963733097798,0.0070705015117808,0.34494658809518,0.1999547751007507,-1.0386984470536271,2.092970251899799,104.53740296697538,1.6407305264780985,0.0046064698581649,0.351736297462216,0.0213816796493278,0.0734072716294901,0.0064167607689731,0.7059084349717379,0.5349839738512261,2.364652058711097,5.590378495340984e-05,125.30732920785822,0.0609838306349139,0.0511041294904473,-4.387986370580465,899369925000.0,2295848703000.0,51029719000.0,3062242776000.0,205924483000.0,182298247500.0,196610491000.0,39.12581944338365,70.87249597536785,82.66607427794983,2.3002713113838538,1.2698861351134016,1.0887174791606913,0.0875952033938639,10.131887372327837,2022-04-14,1.31,bmo,16734891751.0,2025-04-24,2022-03-31,0.0687022900763357,116.9432258064516,14499801.338709677
2021-12-31,TSM,TWD,1046179,2021-12-31,2021-12-30 19:00:00,2021,Q4,438264864000.0,207510007000.0,230754857000.0,0.5265191804,32238432000,13648949000.0,1990447000.0,15639396000.0,105072000.0,47982900000.0,255492907000.0,1462671000.0,2173643000.0,110662661000.0,297565201000.0,0.6789620283,182771957000.0,0.4170353866,1956940000.0,184728897000.0,0.421500586,22547916000.0,162051478000.0,0.3697569468,32.05,32.05,5186076000,5186076091,,,16.901598202571655,6.249483347332357,14.58520854688593,5.50103777885245,46.46725963907972,83.71297501232145,82.67860143198827,83.61954406375841,29.147491976592708,15947183700000.0,15635825400000.0,24.60203371301556,36.38709148265192,42.16600661025912,111.79708715403382,7.354739934136372,7.354739934136372,35.676657392275004,52.54588018845658,41.34274299312533,109.61432236897453,0.0101617615403778,0.0089447768761828,0.3475702503238279,0.2022912485206605,-1.0463531990758557,2.119162611386152,84.08554532644045,2.0463264058348978,0.0044715448408611,0.4400363876965071,0.0311431513706743,0.0735592438457489,0.0071995296117993,0.6228344791115812,0.5374740695617343,2.128588597814988,4.091133347162414e-06,108.4344333369461,0.0519896836752365,0.0438135903971865,-4.031303243531333,848720100000.0,2143887553000.0,52302650000.0,2883394900000.0,192802107000.0,181564378500.0,187668026000.0,40.734867123639646,83.71886373653295,83.75117543126485,2.2094094409791345,1.0750265350379582,1.0746117834950697,0.0747371134021878,9.08417076803348,2022-01-13,1.12,bmo,16070065909.0,2025-04-24,2021-12-31,0.0267857142857141,117.1290625,7760880.53125
2021-09-30,TSM,TWD,1046179,2021-09-30,2021-09-29 20:00:00,2021,Q3,414670379000.0,201924184000.0,212746195000.0,0.5130489318,30866634000,8929793000.0,1853489000.0,10783282000.0,92731000.0,41742647000.0,243666831000.0,1356544000.0,1334063000.0,107026763000.0,282212465000.0,0.6805705912,171003548000.0,0.4123842856,2848091000.0,173851639000.0,0.4192526108,17372485000.0,156258287000.0,0.3768252928,30.15,30.15,5186076000,5186076000,,,15.991681533398276,6.026070076875079,12.29083414897892,5.015969684979549,38.17104153506427,80.1500136133755,79.1610611182713,80.06130500208636,23.30998423470848,15039620400000.0,14788911120000.0,24.06211646234161,36.26885632937866,47.18963684398788,115.63068288407425,7.244448488378818,7.244448488378818,35.66425736910424,52.40346531114421,46.40298933813609,113.70312856549752,0.0103897759946122,0.0086482235947923,0.2905090837219471,0.1809862662903134,-0.8883706819966297,2.090595371765216,128.18251311969524,1.8332029542369368,0.0043103481521382,0.4148643969199534,0.0215346777880172,0.074436553858601,0.0076955323789254,0.5918934692161428,0.4549155414836129,1.762545899632803,6.28692120784446e-06,104.1884747644596,0.0556973916314868,0.0472555117168295,-1.259298957439112,715017719000.0,2052676396000.0,116647595000.0,2602517295000.0,182750607000.0,158486428500.0,176336226000.0,40.63882812328874,75.8160108746558,81.2237412830154,2.2146307892284924,1.1870843501486004,1.108050412088316,0.0752681969987629,7.274864463999371,2021-10-14,1.05,bmo,15124335300.0,2025-04-24,2021-09-30,0.0285714285714285,117.40453125,7944958.203125
2021-06-30,TSM,TWD,1046179,2021-06-30,2021-06-29 20:00:00,2021,Q2,372145122000.0,185948304000.0,186196818000.0,0.5003338939,30873376000,7826613000.0,1883434000.0,9710047000.0,-53810000.0,40529613000.0,226477917000.0,1428681000.0,1134399000.0,103805158000.0,254330632000.0,0.6834178845,145667205000.0,0.3914258078,3723870000.0,149391075000.0,0.4014323074,14909359000.0,134358942000.0,0.3610391056,25.9,25.9,5186076000,5186076000,,,14.351703368789812,5.181526148093472,7.228567186443083,0.6527290768588814,34.06371213996864,76.43678573163987,75.41346482388612,76.35333149764871,22.181776703619462,15428576100000.0,15254641500000.0,28.7077582450746,41.45849344224375,82.31230126987005,911.5573690439988,7.792718252488078,7.792718252488078,40.9911096456613,59.97956824956893,81.38435062143307,901.280894706116,0.0087084473077201,0.0010970236585863,0.2899418845945965,0.185614375426328,-0.6838916674417732,1.8817199328702257,128.409144401573,1.2548207717930415,0.0042016807370837,0.4824833392927432,0.0210310777632603,0.082960582242967,0.008579945062691,0.9097014581142648,0.4581921699889969,1.64263457483269,4.702466582378043e-06,94.34830487139185,0.0509733373618498,0.0438200283306084,-0.326050948732722,581545700000.0,1955499800000.0,130450100000.0,2363379200000.0,172895699500.0,146281379500.0,162503134000.0,43.11057716887123,71.08680593290057,82.49326651562254,2.0876547221220254,1.2660577278567242,1.0909981359867214,0.0678624762857012,6.575838109584202,2021-07-15,0.89,bmo,13438159337.0,2025-04-24,2021-06-30,0.0449438202247191,117.16777777777776,8924442.698412698
2021-03-31,TSM,TWD,1046179,2021-03-31,2021-03-30 20:00:00,2021,Q1,362410230000.0,172570800000.0,189839430000.0,0.5238247,30756358000,6524245000.0,1831230000.0,8355475000.0,189407000.0,39301240000.0,211872040000.0,1460904000.0,772095000.0,100900318000.0,256736802000.0,0.7084148866,150538190000.0,0.4153806309,4526199000.0,155064389000.0,0.42786979,15325640000.0,139690493000.0,0.3854485371,26.95,26.95,5186076000,5186076000,,,13.976279175237694,5.387136362830009,8.785667853691308,-0.848183212124157,31.306480969426595,74.85416573147019,73.88955634279174,74.77470040932683,16.908072076074472,15221133060000.0,14994065842000.0,27.240817777055163,41.99973345123288,66.81336123506779,-692.0674585505412,7.850248771130912,7.850248771130912,41.37318596663234,58.40247960243736,65.81664673286397,-681.7432709974892,0.0091774043659795,-0.0014449458468895,0.2257220195066161,0.1499283759046848,-0.8844357966256821,1.7226467377520924,194.97366256743013,1.4691684368614124,0.0042589438476402,0.4640684531051086,0.0180023753744479,0.0848661418856746,0.0085685377086208,1.0965416888333417,0.6893001309593275,2.475804080221036,4.701854028789419e-06,95.2023314886936,0.0572133980329324,0.048267021486198,1.4109649472934835,478138211000.0,1915984274000.0,161652324000.0,2193984501000.0,156810273500.0,171241579500.0,145960487500.0,41.60433029166975,75.98143666251765,80.61086301969975,2.1632363595099213,1.184499845662932,1.116474835134884,0.0720449073462026,9.633851065815463,2021-04-15,0.91,bmo,12522278546.0,2025-04-24,2021-03-31,0.0549450549450548,123.8677049180328,13700092.327868853
2020-12-31,TSM,TWD,1046179,2020-12-31,2020-12-30 19:00:00,2020,Q4,361580627000.0,166344322000.0,195236305000.0,0.5399523382,29940323000,6387579000.0,1993388000.0,8380967000.0,-205161000.0,38116129000.0,204460451000.0,1653006000.0,768627000.0,97561795000.0,259406903000.0,0.7174247834,157120176000.0,0.4345370417,3956305000.0,161076481000.0,0.4454787369,25402039000.0,135625047000.0,0.3750893628,27.55,27.55,5186076091,5186076091,,,13.944285452566344,5.230353145788772,9.993319782550795,6.541262488405561,30.934857137914506,71.36887181418308,70.3751270813691,71.33166669096622,14.113213556305316,13743101642740.0,13448123365740.0,25.3328974749406,38.00840149198591,53.03542881970273,81.02411437232938,7.430080139528294,7.430080139528294,37.19259927534779,51.84180995268272,51.89709048677944,79.2850343397207,0.0098685908411108,0.0123420046951048,0.19743785980639,0.1322819796877682,-1.1371257803420909,1.769721223903682,204.4166754485596,1.6084341670769469,0.0047169808304696,0.4779791670781873,0.0176657113877951,0.0828040021071151,0.0093338908780289,0.3454364885003307,0.2475607162437936,0.9175013180864504,4.7762514665919865e-06,91.6216167921504,0.059172478370877,0.0495897120315579,2.7113639390628026,475034260000.0,1824853820000.0,182095902000.0,2084119941000.0,154353959000.0,168169251000.0,123431446500.0,36.36260722563546,106.47376951044954,74.31456921024332,2.475070047687627,0.8452786110025646,1.2110680443478188,0.0733244208136688,3.4520572941452365,2021-01-14,0.92,bmo,12636905494.0,2025-04-24,2020-12-31,0.0543478260869564,94.8484375,7737040.34375
2020-09-30,TSM,TWD,1046179,2020-09-30,2020-09-29 20:00:00,2020,Q3,356439030000.0,165945534000.0,190493496000.0,0.5344350084,29683751000,9272555000.0,1935049000.0,11207604000.0,-445208000.0,40446147000.0,206391681000.0,1897963000.0,373164000.0,94733105000.0,250230272000.0,0.7020282599,150047349000.0,0.4209621741,5076654000.0,155124003000.0,0.4352048736,17745852000.0,137310040000.0,0.3852272856,26.5,26.5,5186076000,5186076000,,,13.74600102273858,5.295334661505153,7.333915931814343,3.411093165622717,29.003339981905395,68.96414071062591,67.94836257702356,68.92922622036392,15.540053250280174,11227854540000.0,11026245749000.0,20.44252288470675,31.500070404747763,59.040764037348296,126.93877856043636,6.281805610521678,6.281805610521678,30.93445111496348,44.06439580979235,57.98062053309463,124.65944963028204,0.012229410303707,0.0078778133155259,0.2252406287638713,0.1527510116632304,-0.8056930498001457,1.7504265300134108,402.0949207319034,1.2259303739086722,0.0057736723226198,0.4721137143358199,0.0260144210357659,0.0832786213114764,0.0099938498592776,0.5348878829077545,0.2853791993542345,1.0737568048566268,5.254755630998098e-06,90.62325704749864,0.0605046079750614,0.052624681557676,3.1422865187475075,441432195000.0,1761926862000.0,182368079000.0,1993033908000.0,157399843000.0,137693071000.0,97648790000.0,41.06087456247426,75.6824114350676,59.39209994045395,2.191867585846587,1.1891798674678369,1.515353053524514,0.0768227782591985,3.9228227661916257,2020-10-15,0.92,bmo,10601164656.0,2025-04-24,2020-09-30,-0.0217391304347826,75.9915625,11498193.046875
2020-06-30,TSM,TWD,1046179,2020-06-30,2020-06-29 20:00:00,2020,Q2,310629333000.0,146005542000.0,164623791000.0,0.5299685944,24893043000,6894405000.0,1733261000.0,8627666000.0,8544000.0,33529253000.0,179534795000.0,2478362000.0,409145000.0,70875223000.0,207683006000.0,0.6685878761,131094538000.0,0.422028843,5304100000.0,136398638000.0,0.4391041782,15506124000.0,120822193000.0,0.3889593807,23.3,23.3,5186076000,5186076000,,,11.979359076110724,4.659484087776577,6.568934161396786,1.3881402432205003,23.734798024556525,66.3782552357505,65.32174931489627,66.346038160644,11.216729064518145,8116208940000.0,7939040399000.0,16.793704737671828,26.128275979654504,47.648521405403336,225.4815401604067,4.717689385493245,4.717689385493245,25.55792243548358,38.22672134762919,46.60840291158317,220.55950873071163,0.014886530631874,0.0044349528537396,0.1688262144759454,0.1186135950394596,-0.8530719215418135,1.3988899740695662,320.4109496633223,1.248802491708165,0.0079872203240741,0.5365400791889284,0.0221949580015999,0.0801374511530757,0.0111879760391284,0.7886810540166332,0.4324767197694108,1.895442361178483,5.1186408722063606e-06,83.40031147826794,0.0576616153578672,0.0499003608819293,1.736605903962842,245235852000.0,1693817782000.0,132580440000.0,1787229296000.0,149330809000.0,137794516000.0,82032964000.0,44.09201574018768,83.7337708728892,52.88106433658525,2.041185881142864,1.0748351478953833,1.7019324616303984,0.0702300275488122,5.180793918176286,2020-07-16,0.73,bmo,10412074708.0,2025-04-24,2020-06-30,0.0684931506849315,52.70269841269841,8733707.777777778
2020-03-31,TSM,TWD,1046179,2020-03-31,2020-03-30 20:00:00,2020,Q1,310589510000.0,149813002000.0,160776508000.0,0.5176495111,24968883000,5903061000.0,1451102000.0,7354163000.0,-68175000.0,32254871000.0,182067873000.0,2989069000.0,530564000.0,68554477000.0,201232219000.0,0.6479041066,128521637000.0,0.4137990269,3625541000.0,132147178000.0,0.4254721224,15084285000.0,116986720000.0,0.376660242,22.55,22.55,5186076000,5186076000,,,11.97782330995535,4.511569826589506,7.829790461998629,0.3711373300352714,22.068710331279373,64.67427515524261,63.62407569808079,64.6448682973408,8.545945682246076,7104924120000.0,6895215946000.0,15.183185151271871,22.8756087737799,34.99455079032331,738.2711945843879,4.238542164549063,4.238542164549063,22.200414772540128,34.26496999469056,33.96165540365323,716.4804616338027,0.0164655833087208,0.0013545158030484,0.1318818463179471,0.0943410835334884,-1.0421202680272583,1.3613460945811824,242.23587917762984,1.536388783118774,0.0091240877319883,0.5541308534849084,0.0190059896098873,0.0803919069900332,0.0116212695847498,0.952599327933926,0.6227052227230726,2.8211973668765644,4.539754095365294e-06,81.00692154512505,0.0596413417087435,0.0505110130556106,2.1203853742212804,213001981000.0,1649796460000.0,136202875000.0,1700169985000.0,143125751000.0,159665446000.0,80629517000.0,42.44596728331231,83.95411687965507,47.02532467776061,2.1203427736557585,1.0720141351616082,1.913862384081808,0.0697900691179085,7.458653131963357,2020-04-16,0.66,bmo,10056954989.0,2025-04-24,2020-03-31,0.1363636363636363,54.69532258064516,9985382.806451611
2019-12-31,TSM,TWD,1046179,2019-12-31,2019-12-30 19:00:00,2019,Q4,317237000000.0,158035000000.0,159202000000.0,0.5018393189,25636000000,0.0,0.0,9307000000.0,15000000.0,34958000000.0,192993000000.0,0.0,0.0,67532000000.0,191776000000.0,0.6045196493,124244000000.0,0.391644102,4538000000.0,128782000000.0,0.4059488647,12704000000.0,116035000000.0,0.3657675492,22.35,22.35,5186000103,5186076091,,,12.234361498278687,4.4749324210377965,7.827034166516362,1.270574598556567,22.925711072177243,62.25943955601045,61.462949020467775,62.23314954496704,7.345318017268799,8582830171789.0,8317894971789.0,18.491899366115828,27.05494684349241,42.28932606631519,260.5120552355066,5.318708797806118,5.318708797806118,26.21981348893414,43.37297144475325,40.98393718700697,252.4705570263158,0.0135194332961866,0.0038385939533431,0.1180290258644451,0.0841003212310545,-1.3814825629901553,1.37477217037528,0.0,1.5759578201922628,0.0060424124632527,0.4469427327961391,0.0,0.0808102459675258,0.0091194295113093,0.8376684486708876,0.5359053326062219,2.517458390096547,4.394191093724881e-06,79.15810519237117,0.0616440131523242,0.0517073427234063,3.488030203999704,224250100000.0,1593734300000.0,172276200000.0,1614512900000.0,142624459000.0,154171891000.0,89833465000.0,39.65288727355258,102.27077546113205,47.25730376182492,2.269696009249435,0.8800167945749514,1.9044675179438235,0.0719059288137811,6.556459567959795,2020-01-16,0.72,bmo,10597090493.0,2025-04-24,2019-12-31,0.0138888888888889,53.040625,6842364.1875
2019-09-30,TSM,TWD,1046179,2019-09-30,2019-09-29 20:00:00,2019,Q3,293025712000.0,153613278000.0,139412434000.0,0.4757686042,23972076000,5810048000.0,1596829000.0,7406877000.0,146189000.0,31525142000.0,185138420000.0,3916098000.0,843434000.0,66756000000.0,179935705000.0,0.6140611476,107887292000.0,0.368183704,4448979000.0,112336271000.0,0.3833666003,11233817000.0,101069886000.0,0.3449181483,19.5,19.5,5186076000,5186076000,,,11.300478897725371,3.897740256795311,5.46667653925627,1.6827751849375134,23.23916915216823,61.221509326126345,60.5237342453138,61.19679179402693,4.880325047299731,7260506400000.0,6933781349000.0,17.95912384822518,24.777710974387123,51.21941969482127,166.39180474389823,4.575403248954779,4.575403248954779,23.662706257667928,38.534771900885374,48.91452984416556,158.90412166838547,0.0139205009171261,0.0060099113747768,0.0792165412436341,0.0588994564303842,-1.8157877615229283,1.7167741311878055,127.91432643218084,1.2618661871528272,0.0285714230621709,2.052470901174263,0.0198277753864821,0.0818087799749122,0.0084777813421576,0.692175826966625,0.3348443361175077,1.4698004673737193,0.0,73.25917674019921,0.0555952381560327,0.04776141659495,8.226434263593514,354646311000.0,1569403428000.0,302689987000.0,1588202008000.0,131575340000.0,115796795000.0,102458804500.0,44.68222099226568,75.43995239786499,56.64689806306978,2.0142239575686856,1.1930018132215454,1.5887895556045344,0.0636919051232968,3.7839013543187567,2019-10-17,0.63,bmo,9797092973.0,2025-04-24,2019-09-30,-0.0158730158730158,42.6453125,6411563.640625
2019-06-30,TSM,TWD,1046179,2019-06-30,2019-06-29 20:00:00,2019,Q2,241055305000.0,137325245000.0,103730060000.0,0.4303164371,21393728000,4288263000.0,1483004000.0,5771267000.0,261012000.0,27426007000.0,164751252000.0,4546917000.0,864751000.0,75048350000.0,156458541000.0,0.6490566179,76304053000.0,0.3165416874,4241387000.0,80545440000.0,0.3341367658,13769589000.0,66764850000.0,0.2769690134,12.85,12.85,5186076000,5186076000,,,9.296250382755671,2.574773296804752,4.541430862177878,0.0319009979799756,30.06314527592731,59.945960182612055,59.27104411890608,59.9225533524769,5.00692083957119,6443699430000.0,5922968777000.0,24.1283378529271,26.73120772015368,54.71843732546221,7789.724953306617,4.14701954601753,4.14701954601753,24.570995344823466,37.856474559608735,50.29651046354657,7160.218781317812,0.0103612607517293,0.0001283742373439,0.0829999993197386,0.0575912534865221,-3.328234110274619,1.623413393120737,88.23817838892352,1.462044629714606,0.0321931589537223,3.1070696631535903,0.0177895400393698,0.0887502890674818,0.0078151604091143,0.9929755623396902,0.485091265674489,1.5581131763722986,0.0,58.91907399634775,0.0373135969244048,0.0300493125652175,9.139739679865857,387922960000.0,1536920697000.0,325257194000.0,1566337282000.0,112231053000.0,103451741500.0,108457130500.0,43.933990915487215,67.39361520891515,70.93283620211272,2.0485277600463565,1.3354380785332074,1.2688058848169863,0.042968350858806,4.509529864197902,2019-07-18,0.42,bmo,7756999011.0,2025-04-24,2019-06-30,-0.0238095238095238,41.16428571428571,9032654.507936507
2019-03-31,TSM,TWD,1046179,2019-03-31,2019-03-30 20:00:00,2019,Q1,218709901000.0,128352344000.0,90357557000.0,0.4131388501,20417311000,4140729000.0,1459973000.0,5600702000.0,73521000.0,26091534000.0,154443878000.0,4408776000.0,899065000.0,77547804000.0,146628521000.0,0.6704247056,64266023000.0,0.2938413977,3915629000.0,68181652000.0,0.3117446978,6794342000.0,61393851000.0,0.2807090613,11.85,11.85,5186076000,5186076000,,,8.43450427645102,2.367641777714017,5.887699216131812,2.87798073148176,29.724557912379225,67.23841308920271,66.54524866199415,67.21249838991947,5.001822109818676,6365908290000.0,5849037846000.0,25.92241806919719,29.106630568133266,41.69710288992858,85.30286437102087,3.652594470983392,3.652594470983392,26.74336104244316,39.89017829621291,38.31156871280473,78.37682532468686,0.0096441620273483,0.0117229357697831,0.0739021754000169,0.0588817395241892,-3.5250334687615106,2.620696897900601,71.48095299005078,2.23916953493588,0.0,0.0,0.0189325173714929,0.0933533914406554,0.0082169309409323,0.5111875410353285,0.3568340694370302,1.0063875438690697,0.0,59.83761510439285,0.0306835565268192,0.028299103310539,17.78930054245252,613057181000.0,1725543585000.0,547405632000.0,1757726568000.0,117993722000.0,90093237500.0,105956691000.0,43.94436610348061,72.97466067312335,76.2075243440821,2.0480441062243826,1.233304809776897,1.1809857461534106,0.0352262128983605,3.0097184846500515,2019-04-18,0.38,bmo,6900289702.0,2025-04-24,2019-03-31,0.0,38.146229508196726,8226771.721311475
2018-12-31,TSM,TWD,1046179,2018-12-31,2018-12-30 19:00:00,2018,Q4,289771000000.0,151652000000.0,138119000000.0,0.476648802,23689000000,5686868000.0,1476208000.0,7163000000.0,143000000.0,30995000000.0,182647000000.0,4150808000.0,875782000.0,76030000000.0,183154000000.0,0.6320646303,107124000000.0,0.3696850271,3958000000.0,111082000000.0,0.383344089,11077000000.0,99984000000.0,0.3450448803,19.3,19.3,5186076091,5186076091,,,11.174961372793907,3.855863208869853,7.303093770904362,2.902656986537918,27.52585914256392,64.06019004196749,63.40450741411177,64.03410866606576,6.996830698024924,5691718510531.0,5294458610531.0,14.231573328059987,19.64212605999565,30.055755394308555,75.62037161745519,3.4278606288514144,3.4278606288514144,18.271181762602197,28.90714158866855,27.95798011602032,70.34236266266757,0.0175665749834617,0.0132239498247741,0.1087398026341147,0.0863885189847883,-2.168993852168121,2.666986420414245,122.3181111281118,1.7047946561999243,7.730529877503566e-09,4.400704112658026e-07,0.0196253869434829,0.0817507618084625,0.0081348546375767,0.6025441987199798,0.3937764648636337,1.5007891621728264,0.0,74.53457039294442,0.0519383636957059,0.0482308714334979,16.711816114765316,594842600000.0,1644103000000.0,522753600000.0,1683895000000.0,129401081500.0,81719215000.0,104283788000.0,40.127555897588095,45.17127370558911,61.26388046316566,2.242847788429834,1.9924166979791,1.469054838178454,0.0602157707695747,4.400436784366444,2019-01-17,0.63,bmo,9390512206.0,2025-04-24,2018-12-31,0.0,38.06619047619048,9431307.15873016
2018-09-30,TSM,TWD,1046179,2018-09-30,2018-09-29 20:00:00,2018,Q3,260333679000.0,136967039000.0,123366640000.0,0.4738789098,21886199000,4656730000.0,1585523000.0,6242253000.0,-6993000.0,28121459000.0,165088498000.0,3817473000.0,739068000.0,73609817000.0,173245827000.0,0.6654760447,95245181000.0,0.365858084,3651761000.0,98896942000.0,0.3798853163,9798870000.0,89071628000.0,0.3421440835,17.2,17.2,5186076000,5186076000,,,10.039717080891217,3.435029799023385,3.6282723970878954,0.8709665265221721,23.874468711989564,60.77157376791239,60.23208364088764,60.74619477230954,5.075656160842995,6819689940000.0,6461832444000.0,19.141027544708177,26.195957304471545,72.486288573892,301.9633843451788,4.329489295350654,4.329489295350654,24.821346468967626,37.298632561002464,68.68263152326274,286.1181096250423,0.0130609498061725,0.0033116597966622,0.0830859310255578,0.066437570383288,-2.065605285834677,2.671464618860638,128.87201313005028,0.9513184138696624,0.0304182515371072,2.3289463621345283,0.0178875434707009,0.0840697949034861,0.0071015095294811,0.7599500723205835,0.2746397979494616,0.9713105114770222,0.0,68.519794639605,0.0490007916916784,0.045539979566354,14.457436383500744,537593503000.0,1561840817000.0,465164918000.0,1600099522000.0,110493102000.0,78319204000.0,102184326500.0,44.805546154479686,57.379824791276974,69.21586324137445,2.0086799006913063,1.5684955527030824,1.3002799616345988,0.0565472423729363,2.7573058705657227,2018-10-18,0.56,bmo,8423660240.0,2025-04-24,2018-09-30,0.0,41.42206349206349,7386845.571428572
2018-06-30,TSM,TWD,1046179,2018-06-30,2018-06-29 20:00:00,2018,Q2,233219641000.0,121688707000.0,111530934000.0,0.4782227325,19891553000,5070594000.0,1477977000.0,6548571000.0,662664000.0,27102788000.0,148791495000.0,3571930000.0,628284000.0,71408684000.0,159624576000.0,0.6844388205,84428146000.0,0.3620113025,3159462000.0,87587608000.0,0.3755584548,15294233000.0,72290539000.0,0.3099676283,13.95,13.95,5186076000,5186076000,,,8.994069543138203,2.787870405292942,5.004684080989172,2.6580236001169286,29.397296298781583,57.48605631695332,56.95416241489712,57.46161614291808,4.429691504713776,5613927270000.0,5095932690000.0,19.41446054925666,24.071417166789995,43.25947382421169,81.45149651435601,3.767732523594932,3.767732523594932,21.850358178023264,31.92448692862933,39.26794135560642,73.93600304638927,0.012876999562554,0.012277245266129,0.0766679072336154,0.0556319174754753,-3.245080381607404,2.071379165078428,134.37895283024875,1.4816406448729595,0.0369515011547344,2.8695738456176128,0.0217417108535897,0.0852910711752617,0.0067167254268719,0.4688928297764657,0.2609119786785024,0.8521344266756127,0.0,60.0366523834878,0.0429826122046419,0.0354431279678351,12.246554591564026,496045515000.0,1476843074000.0,396265010000.0,1544105788000.0,99646297500.0,72480268500.0,92123988000.0,35.26446423952775,51.26451068298392,73.24333662284701,2.5521442602584465,1.7556004885436942,1.2287807212202568,0.0485170900581524,2.3466604808722438,2018-07-19,0.45,bmo,7613260830.0,2025-04-24,2018-06-30,0.0444444444444443,39.51734375,8101475.40625
2018-03-31,TSM,TWD,1046179,2018-03-31,2018-03-30 20:00:00,2018,Q1,247961516000.0,123103977000.0,124857539000.0,0.503535956,20428594000,4851708000.0,1448092000.0,6299800000.0,1302199000.0,28030593000.0,151134570000.0,3154189000.0,807966000.0,71497877000.0,172249464000.0,0.6946620862,96826946000.0,0.3904918294,3116675000.0,99943621000.0,0.4030610177,10156047000.0,89784622000.0,0.3620909545,17.3,17.3,5186076000,5186076000,,,9.562587050401884,3.4625262722721377,6.198363386884419,3.419008321513221,26.84173270889204,61.9584066643065,61.43106016957715,61.93115523181689,5.435296975979527,6378873480000.0,5941221867000.0,17.76159808302139,25.72525601109811,39.68789576302186,71.9506877044168,3.972152611705497,3.972152611705497,23.960257877274795,34.49196142055919,36.96492725585179,67.01418369175258,0.0140753100498867,0.0138984078110293,0.0872604088526799,0.0683849171398731,-2.5408010152066423,2.7148479933577385,119.84037199585131,1.6081658478233445,0.0,0.0,0.0195663749692512,0.0823861473729657,0.0066731358152275,0.448401439523898,0.290648864237465,1.0079982234996991,0.0,69.46121703081818,0.0493224359325058,0.0441097703490758,14.53918403818224,586881418000.0,1592930734000.0,486565883000.0,1655921920000.0,115114027000.0,79891279500.0,79548299500.0,39.16723859681516,55.303950984459256,62.30043169117111,2.297838786299278,1.6273701679160415,1.4446127828798707,0.0559092795752222,2.7793550653711976,2018-04-19,0.6,bmo,8562505819.0,2025-04-24,2018-03-31,-0.0166666666666666,43.58508196721312,7227231.081967213
2017-12-31,TSM,TWD,1046179,2017-12-31,2017-12-30 19:00:00,2017,Q4,277602795000.0,138854833000.0,138747962000.0,0.4998075109,21217212000,6018259000.0,1606216000.0,7624475000.0,1011299000.0,29852986000.0,168707819000.0,0.0,830509000.0,70813463000.0,183347742000.0,0.660467925,108894976000.0,0.3922690188,2808794000.0,111703770000.0,0.4023870509,10505558000.0,101172946000.0,0.3644521879,19.5,19.5,5186012000,5186076000,,,10.70582925762609,3.901762896036492,7.872189343179306,5.450170689925129,25.32108294388829,57.63374631605172,57.087075772289,57.60676219029189,6.031505866164598,6028738950000.0,5630914050000.0,14.897112292252515,21.71714067216074,29.534350593516244,42.65921440401602,4.035984512234603,4.035984512234603,20.28406828540757,30.711662923015435,27.585435543639928,39.84421480872648,0.0167817758969311,0.0234415943652693,0.1041453611816942,0.0781062914086835,-2.169783470799439,2.2156237092591127,131.11835753736565,1.827389908147236,6.137270216352626e-09,3.657104143236078e-07,0.0216793890709926,0.0764301094302742,0.0071170217679888,0.3076677335451394,0.2262336335626592,0.8868806345482638,0.0,71.11454396735434,0.0571239295935371,0.0511605765255389,11.105644375678269,470312900000.0,1480271300000.0,359917600000.0,1547030400000.0,120604462500.0,79828769000.0,73887289500.0,39.65578588644974,54.53388864037595,47.88643546890442,2.2695301073519443,1.6503499428310628,1.879446634912772,0.067730987607806,2.422018653254177,2018-01-18,0.63,bmo,9112938590.0,2025-04-24,2017-12-31,0.0158730158730158,40.51920634920635,4848789.047619048
2017-09-30,TSM,TWD,1046179,2017-09-30,2017-09-29 20:00:00,2017,Q3,252110812000.0,126230664000.0,125880148000.0,0.4993048374,21045439000,5003679000.0,1487598000.0,6491277000.0,286999000.0,27823715000.0,154054379000.0,2125471000.0,843214000.0,71164662000.0,172526040000.0,0.684326224,98056433000.0,0.3889417999,2461731000.0,100518164000.0,0.39870628,10568936000.0,89925437000.0,0.3566901248,17.35,17.35,5186076000,5186076000,,,9.72260383380421,3.4679567750260505,4.503730142018744,2.0579262239890044,19.54800604541854,55.20214856087724,54.62979293014603,55.17531355113192,5.672417218721824,5613927270000.0,5352094295000.0,15.60717261234994,22.26769738855944,48.0712638575091,105.20299390536206,3.923856269513824,3.923856269513824,21.229134333992786,31.021950628438468,45.829225187880674,100.29633737984072,0.016018276097118,0.0095054329052609,0.102217794042653,0.0794193459310891,-1.517643220698742,2.3611695627272127,116.28890530754944,1.1618142368776254,0.0323325640447778,2.0184796321868306,0.0198471416608661,0.0834769394975412,0.0080597385073616,0.5430618267313496,0.2515585289535301,0.8911814265344223,0.0,65.61460245239833,0.0549330504236964,0.0492315092371579,8.599611353555174,406339474000.0,1416571290000.0,294850085000.0,1486937740000.0,115376614500.0,75203841500.0,67452202000.0,42.44263133784202,53.84495497860964,52.68489366418924,2.1205094303320355,1.6714657860843836,1.7082695577532208,0.0628534130904799,2.4458039180297395,2017-10-19,0.56,bmo,8333186742.0,2025-04-24,2017-09-30,0.0178571428571426,36.52079365079365,5392191.095238095
2017-06-30,TSM,TWD,1046179,2017-06-30,2017-06-29 20:00:00,2017,Q2,213810623000.0,105101969000.0,108708654000.0,0.508434298,19057456000,4927159000.0,1382199000.0,6309358000.0,86439000.0,25453253000.0,130555222000.0,2483707000.0,839913000.0,57992390000.0,144949770000.0,0.6779353054,83255401000.0,0.3893885151,2862066000.0,86117467000.0,0.4027745011,19846815000.0,66271019000.0,0.3099519475,12.8,12.8,5186076000,5186076000,,,8.245564584861464,2.555728801506187,3.9876152991201823,-0.1095693545563157,25.50581117592569,51.76806683897421,51.223574548464,51.741837065249335,5.973767179655678,5406484230000.0,4990079412000.0,20.39535649059508,25.28632185876003,52.2868893711996,-1902.904337114046,4.029621131098804,4.029621131098804,23.338781497306613,34.42626650597652,48.2597782716079,-1756.3435592668527,0.0122576920935548,-0.0005255124918768,0.1148273126187038,0.07755714878785,-2.872752526616634,1.6008368940217617,99.12383901666006,1.2006899831366382,0.0335731414868105,2.7389447565307545,0.0230445004596427,0.0891324094780828,0.0071076580369686,1.0274774135259463,0.4968955868951376,1.831991318171229,0.0,54.5468360465225,0.042214780876762,0.0336006281268824,5.079320453460381,314542407000.0,1328246753000.0,193981420000.0,1406288058000.0,110512161500.0,77820132500.0,55699773500.0,47.08626830014896,64.12636332246069,52.2439998245894,1.9113852774719733,1.4034789334213953,1.722685864447159,0.0493938550786913,4.097184653676498,2017-07-13,0.56,bmo,6876624770.0,2025-04-24,2017-06-30,-0.2500000000000001,34.574444444444445,6239731.904761905
2017-03-31,TSM,TWD,1046179,2017-03-31,2017-03-30 20:00:00,2017,Q1,233918370000.0,112428734000.0,121489636000.0,0.519367658,19412393000,5247603000.0,1496487000.0,6744090000.0,-19237000.0,26137246000.0,138565980000.0,0.0,816664000.0,60172185000.0,158811348000.0,0.6789178122,95352390000.0,0.4076310467,2470109000.0,97822499000.0,0.4181907518,10201591000.0,87628898000.0,0.3746131524,16.9,16.9,5186076000,5186076000,,,9.021015889470188,3.3793912005917384,6.209243520534601,2.220746977097906,25.57173955800108,56.16230942238409,55.611664348922,56.13158630918637,7.315773737214804,4900841820000.0,4525000683000.0,13.981808318529808,20.95107716422613,30.4384905141758,85.10649882634854,3.367088165991644,3.367088165991644,19.344357961283677,28.49293038555406,28.10419014220184,78.57975822548907,0.0178803767227076,0.011749984005809,0.1297714839324357,0.0976315020768097,-2.366588670980867,2.567511933651803,116.758409823379,1.6459203725719582,0.0,0.0,0.0224334796792573,0.0829878944522399,0.0073803191478707,0.6423482232974645,0.4421338563533937,1.71878802473269,0.0,65.33022462146982,0.0512117749824772,0.0456308933729224,11.253122331797682,504081309000.0,1442031589000.0,347308097000.0,1555723888000.0,119233759500.0,84985160000.0,49535611000.0,42.00031280142727,64.64376624573572,40.33676995775831,2.142841183719508,1.3922456135658234,2.2312148467576924,0.0602048048665012,3.988496543436695,2017-04-13,0.53,bmo,7686752570.0,2025-04-24,2017-03-31,0.0188679245283019,31.22322580645161,6459496.129032258
2016-12-31,TSM,TWD,1046179,2016-12-31,2016-12-30 19:00:00,2016,Q4,262226289000.0,125116792000.0,137109497000.0,0.5228670913,19960877000,5698653000.0,1517345000.0,7215998000.0,25259000.0,27202134000.0,152318926000.0,0.0,811428000.0,56437557000.0,169258780000.0,0.6454683878,109907363000.0,0.4191317485,2102432000.0,112009795000.0,0.4271493733,14322484000.0,97666830000.0,0.3724524737,18.85,18.85,5186012000,5186076000,,,10.112830012734255,3.766548554071992,7.143053159151965,2.754461809961103,24.53539637008167,52.44283275858213,51.87920891814365,52.41216950519976,8.171405233925412,4706305890000.0,4376125690000.0,12.046837933615745,17.94749835322575,25.40930271076801,65.89309001984785,3.462936217169823,3.462936217169823,16.688356101473868,25.8546451179667,23.626662812938942,61.270229935976126,0.0207523336312506,0.0151760981265074,0.1553095848447743,0.1118984091951176,-1.950741934923553,2.347866695761529,135.44931035162702,1.6536035710091246,3.612174898389361e-09,1.7406114235508616e-07,0.0217318142346894,0.0761208080094517,0.0077478797476558,0.6143859287352529,0.4339627328517012,2.016324643534801,0.0,66.64677095310539,0.0586595296358252,0.0521813188448314,8.911398585271304,469443100000.0,1345231000000.0,291278200000.0,1481835600000.0,129371623000.0,86471584500.0,51282172000.0,44.3793490133249,64.1761339277305,35.018464987497445,2.02797026096479,1.4023904914769416,2.5700726754337317,0.0718640077224492,4.388591349190862,2017-01-12,0.58,bmo,7980545989.0,2025-04-24,2016-12-31,0.0517241379310345,30.09587301587301,6127712.936507937
2016-09-30,TSM,TWD,1046179,2016-09-30,2016-09-29 20:00:00,2016,Q3,260417602000.0,128366813000.0,132050789000.0,0.5070732085,18724320000,5584814000.0,1531454000.0,7116268000.0,-51921000.0,25788667000.0,154155480000.0,0.0,822667000.0,56268794000.0,165341076000.0,0.6349074515,106262122000.0,0.4080450829,1987493000.0,108249615000.0,0.4156770286,11460502000.0,96759056000.0,0.3715534405,18.65,18.65,5186076000,5186076000,,,10.042953554864988,3.731493946482851,4.874959757627925,0.8263790195130191,20.16252669648497,49.51306725933056,48.94884054919365,49.483001560331935,7.351787054412624,4732294350000.0,4458134658000.0,12.227006302128451,18.171945036188458,37.43620646599993,220.8429736122129,3.6881352029037218,3.6881352029037218,17.11917560011938,26.96326143420041,35.267385578016295,208.04870572693463,0.0204465421725087,0.0045281042165096,0.1479308213464847,0.1104401157245661,-1.658146291487785,2.755105419922708,129.16784312486098,1.167759894573297,0.032876712962709,1.6079351063532492,0.021445608734236,0.0719011305541474,0.0085126698564094,0.8304849556511782,0.4031265021786046,1.8657097395760784,0.0,64.45559880618636,0.0633928991645986,0.0567816125073108,8.177580563801996,452036373000.0,1269262036000.0,274797371000.0,1401595479000.0,120581421500.0,76972890500.0,57293979000.0,44.73376626822637,58.70187966729375,37.77762216469454,2.011903032272189,1.5331706669376766,2.3823627545333013,0.0754096119640851,4.048580738114906,2016-10-13,0.57,bmo,7923114166.0,2025-04-24,2016-09-30,0.0350877192982456,28.59,6403201.8125
2016-06-30,TSM,TWD,1046179,2016-06-30,2016-06-29 20:00:00,2016,Q2,221802837000.0,107468601000.0,114334236000.0,0.5154768873,16903540000,4667198000.0,1436902000.0,6104100000.0,5595000.0,23013235000.0,130481836000.0,0.0,821425000.0,55274988000.0,149502804000.0,0.6740346788,91321001000.0,0.4117215191,2085390000.0,93406391000.0,0.4211235179,20878112000.0,72506321000.0,0.3268953724,14.0,14.0,5186076000,5186076000,,,8.553782744410224,2.79619199564372,4.1139540184139225,1.2150012070783385,26.04220235106466,46.17483345789765,45.63235926353567,46.1410182573491,8.517558786257664,4213686750000.0,3811369559000.0,14.528687609181,18.997442985817173,39.499712265294015,133.74472309435546,3.5218121779121736,3.5218121779121736,17.183592466853796,25.493632607720187,35.72833241986974,120.97495531169012,0.0172073353578075,0.0074769305050974,0.183911864396019,0.1219413356524649,-2.691034416986587,2.138052599683401,111.1738758864169,1.1420673666751562,0.0369230769230769,2.145775400740578,0.0210421023604851,0.0762097556038023,0.0077953049555964,0.7046633964210507,0.3389088661656749,1.3599450804041784,0.0,53.878852838995485,0.0490892357191529,0.0404967094857329,7.029199948091775,453786017000.0,1183264416000.0,245364489000.0,1343722784000.0,104340742500.0,61343212500.0,58974067000.0,45.33393650866603,58.80552106563665,50.83832123207782,1.9852677029888108,1.5304685405226692,1.7703180950674675,0.0606010032125452,2.898952811335584,2016-07-14,0.42,bmo,6582499596.0,2025-04-24,2016-06-30,0.0238095238095238,24.95578125,7412387.296875
2016-03-31,TSM,TWD,1046179,2016-03-31,2016-03-30 20:00:00,2016,Q1,203462472000.0,112124894000.0,91337578000.0,0.448916093,15618963000,3844935000.0,1415099000.0,5260034000.0,-8733000.0,20870264000.0,132995158000.0,0.0,850580000.0,55847061000.0,128953540000.0,0.6337952092,70467314000.0,0.3463405969,1788585000.0,72255899000.0,0.3551313335,7463302000.0,64781493000.0,0.3183952911,12.5,12.5,5186076000,5186076000,,,7.846490178701584,2.498285524546883,4.686736291562252,3.177114064660834,25.27749917278497,49.39943325165308,48.8599304368081,49.36191089370846,8.35782884786108,4200721560000.0,3798608340000.0,16.211117425157212,20.646173806440338,34.56563158709315,50.98967072096417,3.281882671617725,3.281882671617725,18.669823003035173,29.45718543283108,31.25684350859462,46.108694824921535,0.0154215155836227,0.0196118152139557,0.1686528387349938,0.1250320837981464,-3.118279808371294,3.444317291811304,82.84619201015778,1.681922925074948,0.0,0.0,0.0188975144271322,0.0767658175312054,0.0081026963679559,0.3221052205602566,0.192394585670816,0.7009335370396662,0.0,52.67545270445059,0.0414264895777254,0.0378278111217394,12.00192881862896,576597884000.0,1266956563000.0,366911547000.0,1434892847000.0,91261244000.0,48527256500.0,62147310000.0,42.88819375004939,42.1140301813797,45.94705614615787,2.0984796078034025,2.13705502922379,1.958776199147764,0.0506116047639741,1.5096222269014183,2016-04-14,0.37,bmo,6329887055.0,2025-04-24,2016-03-31,0.027027027027027,23.39803278688525,8482193.93442623
2015-12-31,TSM,TWD,1046179,2015-12-31,2015-12-30 19:00:00,2015,Q4,203532960000.0,104608036000.0,98924924000.0,0.4860388411,15664559000,4130899000.0,1417154000.0,5548053000.0,-251383000.0,20961229000.0,125569265000.0,0.0,820016000.0,56255855000.0,137768189000.0,0.6768839258,77963695000.0,0.3830519391,2728623000.0,80692318000.0,0.3964582346,11573530000.0,69114251000.0,0.3395727699,13.35,13.35,5186001059,5186076000,,,7.849321959974608,2.665416000049805,5.57933353051563,2.2569332450838644,22.771541819481023,46.08445259894541,45.541996095798176,46.047337296076144,8.958409893841218,3707990757471.0,3376773457471.0,13.412540481235194,18.21813409224236,25.630301400315147,63.36031440517255,3.105499870286431,3.105499870286431,16.590794225520035,24.5105454458068,23.340867638676382,57.70063679617396,0.018639272727621,0.0157827499656214,0.1938610613650146,0.1396596857217225,-2.40416385236798,3.114390706842039,95.07582169128408,1.7928862571527564,5.124068867139996e-09,2.749071244366086e-07,0.0202959707361402,0.0769632545018752,0.0084867395109947,0.5954833614553093,0.4232722650916097,1.53139361227378,0.0,52.55039929196217,0.0451040805740904,0.0420574004697165,8.705709752636153,506971900000.0,1180904200000.0,284316700000.0,1374508100000.0,91344020000.0,48491664500.0,66059257000.0,37.83606350538999,38.36105860930225,57.688751560157385,2.378682972322925,2.346129206616204,1.560096163740841,0.0578842590378604,3.322400285431766,2016-01-14,0.4,bmo,5614747584.0,2025-04-24,2015-12-31,0.0749999999999999,22.49359375,8443571.359375
2015-09-30,TSM,TWD,1046179,2015-09-30,2015-09-29 20:00:00,2015,Q3,212524180000.0,110188424000.0,102335756000.0,0.4815252363,16486365000,4296668000.0,1377131000.0,5673799000.0,1786668000.0,23946832000.0,134135256000.0,0.0,792941000.0,56148642000.0,140336202000.0,0.6603305186,78388924000.0,0.3688470837,5005695000.0,83394619000.0,0.3924006153,8077319000.0,75329224000.0,0.3544501336,14.55,14.55,5186076000,5186076000,,,8.195953163817885,2.9050566941170937,4.556024207898226,1.8036019140483093,20.377777649228435,44.38789342848042,43.87898102534556,44.38651365695374,8.729637398294972,3370949400000.0,3080787876000.0,11.187389239533385,15.861486443566092,28.533649969338352,72.07798959816249,2.928817545904144,2.928817545904144,14.496175804560217,21.95290902913277,26.077556335780468,65.8737258056953,0.0223465899547468,0.0138738608772946,0.1959842544057727,0.1431082236609015,-2.06761705008947,3.4392565954269183,98.85845731271306,1.416631437575127,0.0346144267250051,1.5489802603037568,0.0202173136252072,0.077574067101447,0.0083721193506122,0.6041281100039759,0.3358269915451503,1.2711145534027342,0.0,53.863439540398815,0.0502782212732034,0.048194586535061,8.042872453083989,491972126000.0,1137798652000.0,268437630000.0,1335993527000.0,98429850500.0,57890170500.0,65672405500.0,41.129614521980514,42.79600740999798,53.14495885702113,2.1882043156981728,2.102999916271961,1.6934814126422049,0.0654490847505879,2.7524222938499165,2015-10-15,0.45,bmo,6419920983.0,2025-04-24,2015-09-30,0.0222222222222222,20.99765625,13810880.640625
2015-06-30,TSM,TWD,1046179,2015-06-30,2015-06-29 20:00:00,2015,Q2,205440763000.0,105735807000.0,99704956000.0,0.4853221656,16612213000,4463580000.0,1479419000.0,5942999000.0,80686000.0,22635898000.0,128371705000.0,0.0,783401000.0,54623107000.0,153538191000.0,0.7473599142,77069058000.0,0.3751400495,21062625000.0,98131683000.0,0.4776641284,18718779000.0,79417514000.0,0.3865713544,15.3,15.3,5186075000,5186076000,,,7.922784109369803,3.0627213837054037,4.283283677925985,2.1910488760768017,21.54843884826193,41.13428961208621,40.635318540514746,41.13247035571217,8.061476974397786,3643217687500.0,3322576300500.0,11.46855870954359,17.73366509303706,32.80193668331389,64.12453940852897,3.4157928951254544,3.4157928951254544,16.172916474711496,21.64006413557393,29.91502204450151,58.480907042768266,0.0217987287096469,0.0155946539222548,0.1952536571174751,0.129442348963395,-2.088349386635668,2.363984104570054,98.3775333449919,1.1318174579763398,0.0320276156583629,1.4692423620185342,0.0217268468770241,0.0808613283820407,0.0080420687714933,0.4884651494440048,0.2640782296938802,0.9932139707834636,0.0,53.2399208467578,0.0477891637243996,0.0497630111537819,4.80038114566411,421989049000.0,1053689048000.0,189143279000.0,1264630732000.0,99429413500.0,54676318000.0,65439131500.0,43.6930595414504,53.95150651283155,56.414888193930366,2.0598237098644807,1.6681647245308129,1.5953235552044047,0.0744599426491794,2.0922348018491825,2015-07-16,0.37,bmo,5962698135.0,2025-04-24,2015-06-30,0.3513513513513513,23.86714285714286,12657664.142857144
2015-03-31,TSM,TWD,1046179,2015-03-31,2015-03-30 20:00:00,2015,Q1,222014597000.0,112585333000.0,109429264000.0,0.4928922038,16781463000,4366053000.0,1390996000.0,5757049000.0,264629000.0,22803141000.0,135388474000.0,0.0,793942000.0,55477996000.0,144530918000.0,0.6509973666,86626123000.0,0.3901821059,1632857000.0,88258980000.0,0.397536834,9275072000.0,78989911000.0,0.3557870161,15.25,15.25,5186002200,5186071000,,,8.56207106892473,3.0462737173539955,6.01622039419883,4.086909450211957,20.16663783906609,43.34420656435511,42.837497832145154,43.341420063416095,9.006009291704505,3772816600500.0,3568136167500.0,11.940817987818724,16.993552007303375,24.184619323504023,35.601473869809865,3.3570658226497425,3.3570658226497425,16.071628693405234,24.687701544246742,22.872570825196696,33.670045481230055,0.0209365891227078,0.0280887247437247,0.2070857536721845,0.1494846921458042,-1.4161705732748475,3.681353974375143,109.1088807494754,1.7675330147708483,0.0,0.0,0.0196656123471016,0.0755872056466629,0.0084392091540171,0.3206848847903279,0.2253322739855704,0.9017458741660388,0.0,54.50386360864366,0.0558515075501591,0.0511673517658254,7.581292445267378,502928547000.0,1110776790000.0,257514390000.0,1329287394000.0,107084733000.0,47413712000.0,65468833000.0,40.181857682087454,36.74662631232791,51.640562629947546,2.2398168026990155,2.4492044313141865,1.7428160232283554,0.0702855077867029,1.929310943986873,2015-04-16,0.48,bmo,7170701458.0,2025-04-24,2015-03-31,0.0,23.55295081967213,14164331.196721312
2014-12-31,TSM,TWD,1046179,2014-12-31,2014-12-30 19:00:00,2014,Q4,222536168000.0,111985553000.0,110550615000.0,0.4967759443,15947094000,4257980000.0,1376696000.0,5634676000.0,766808000.0,22348578000.0,134334131000.0,0.0,822216000.0,56417442000.0,146532004000.0,0.6584637694,88202037000.0,0.3963492218,1090309000.0,89292346000.0,0.4012486905,18918987000.0,70393134000.0,0.3163222169,13.55,13.55,5185875000,5185875000,,,8.582396143370213,2.7148025743003834,5.926437332176344,3.8432556897341335,16.98463615108347,39.42866729336901,38.90680743365392,39.423761660279126,9.699293407573457,3656041875000.0,3548267275000.0,12.984369594199343,16.42897829983304,23.79169678121292,36.68764489873272,3.57652324542289,3.57652324542289,15.944676799683188,24.214964500178404,23.09035344555528,35.606148463765614,0.0192539189666693,0.0272571325513059,0.2452222510805995,0.1676916726929002,-0.7355021227990576,2.7873970350361144,107.27355950261246,1.720962914335345,1.3402472311671758e-08,6.960906158830774e-07,0.0191338784983481,0.0716606839388013,0.0090520606374004,0.3515065672140013,0.2427272765836428,0.9574272793154996,0.0,49.07263918914935,0.0532174718191748,0.0475204970696773,3.3692858003712005,401780400000.0,1008829200000.0,154073300000.0,1233510700000.0,114789950000.0,48980984500.0,65837494500.0,46.528584962422826,39.26700259273622,53.31419848415625,1.9342948011998504,2.2920007654632792,1.6881056558835057,0.0688620887497817,2.0831816424422107,2015-01-15,0.49,bmo,6874314808.0,2025-04-24,2014-12-31,0.0204081632653061,21.78578125,11595395.625
2014-09-30,TSM,TWD,1046179,2014-09-30,2014-09-29 20:00:00,2014,Q3,209046528000.0,103471256000.0,105575272000.0,0.5050324108,15207282000,4612193000.0,1323259000.0,5935452000.0,5300000.0,21148034000.0,124619290000.0,0.0,816054000.0,56232567000.0,142425265000.0,0.6813089237,84427238000.0,0.4038681666,949406000.0,85376644000.0,0.408409768,9076017000.0,76331255000.0,0.3651400276,14.7,14.7,5185875000,5186000400,,,8.062150668884229,2.9438139176127462,3.518984935039892,1.6313024899366066,11.31283121941813,36.89091044423554,36.43034211198689,36.88556345843276,9.614962180924143,3111525000000.0,3134134588000.0,10.190861528478734,14.884365838403207,34.1007427468966,73.56085136893482,3.253305324594836,3.253305324594836,14.992521607438512,22.00546783606125,34.34853241402167,74.09537400409951,0.0245317826467728,0.0135941874161383,0.2598168253570736,0.1840702635574518,0.158747031293921,2.76479109934447,103.45790597190872,1.0686789193573216,0.0249992691686552,1.019056361643733,0.0220629973820947,0.0727459199896398,0.0088461441822992,0.5364281120691659,0.2341413008304065,0.8704284476289336,0.0,49.4281831451274,0.0621392092425772,0.0570465283004709,0.7121536288475908,303982032000.0,944616002000.0,82793610000.0,1140234160000.0,100709680000.0,51887965000.0,58145627000.0,49.30910883150377,42.709834410437615,56.83055601451286,1.8252205755237392,2.1072430095398684,1.5836551023188412,0.0798093791065494,1.8876824451032856,2014-10-16,0.49,bmo,6760444949.0,2025-04-24,2014-09-30,0.0,20.85765625,11125605.8125
2014-06-30,TSM,TWD,1046179,2014-06-30,2014-06-29 20:00:00,2014,Q2,183016115000.0,91826284000.0,91189831000.0,0.4982612105,13610337000,5408174000.0,1234897000.0,6643071000.0,227251000.0,20480659000.0,112306943000.0,0.0,801450000.0,45979114000.0,120874136000.0,0.6604562445,70709172000.0,0.3863548956,3384400000.0,74093572000.0,0.4048472562,14437693000.0,59698303000.0,0.3261915105,11.5,11.5,5185865600,5185998000,,,7.0582668012067264,2.302346709486648,3.1527567162558165,0.3237607237642256,12.16965268054768,33.82117322901696,33.380232106285206,33.81447116562373,9.53210611551522,3280059992000.0,3271366075000.0,13.735985058067731,17.922246857879156,40.12361605567529,390.7206486606508,3.7410018740320177,3.7410018740320177,17.874743297878442,27.06423543743055,40.017266967982174,389.68502952626704,0.0182003692449537,0.0025593733103891,0.2809802067735727,0.1831609341520154,-0.0719253703703826,1.8618582587098915,88.226554370204,1.103251512993852,0.0,0.0,0.0295502611887483,0.0743668774741503,0.00850031707532,0.8973086879508037,0.4008060437737955,1.5953757830131308,0.0,41.85312795332161,0.0502428792904844,0.0447643896221467,-2.386913170291185,212564478000.0,865526987000.0,-8884918000.0,1061165211000.0,80610092000.0,61757683500.0,47217767000.0,42.72762756438142,53.585893664171365,49.94086279261829,2.1063654859935577,1.679546497144189,1.802131460438101,0.0680876154534466,2.828995992491591,2014-07-16,0.37,bmo,5928534994.0,2025-04-24,2014-06-30,0.027027027027027,20.594444444444445,10150711.23809524
2014-03-31,TSM,TWD,1046179,2014-03-31,2014-03-30 20:00:00,2014,Q1,148236189000.0,77839185000.0,70397004000.0,0.4748975569,12067892000,4655977000.0,1152780000.0,5808757000.0,2741000.0,17879390000.0,95718575000.0,613699000.0,796580000.0,41622377000.0,95716282000.0,0.6457011789,52517614000.0,0.3542833525,779711000.0,53297325000.0,0.3595432759,5455495000.0,47866793000.0,0.3229089558,9.25,9.25,5185769600,5185968000,,,5.717037216616797,1.8460825178195344,3.658509664602145,-0.8184925917264045,9.083792075914827,34.633166155318584,34.16597883561969,34.62450946528747,9.189054639064569,3072568488000.0,3078336214000.0,16.047495013923328,20.727519431844,32.39023833845376,-144.77834154864374,3.422431157293398,3.422431157293398,20.76642845965232,32.16105086488838,32.45104024426661,-145.0501147598995,0.0155787554246374,-0.0069071104787038,0.2645043356435448,0.1828427186841975,0.0602585670847515,2.040689245382453,65.92886339099651,1.7796934860149862,0.0,0.0,0.0314091790365711,0.0814098910759234,0.0093272215426276,1.2237229546352486,0.7830983229068308,2.7889688039681158,0.0,37.92351890672521,0.0410216234592616,0.0372033566450298,-3.383047079453742,181493253000.0,885884472000.0,-44850763000.0,1021618462000.0,73137312000.0,86661303000.0,40488084500.0,45.13049212294577,79.5973074486841,50.2743471684602,1.9942171194326763,1.130691513127155,1.7901773979963649,0.0533172179571326,4.477002256328549,2014-04-17,0.3,bmo,4744186404.0,2025-04-24,2014-03-31,0.0333333333333333,17.907049180327867,11392465.68852459
2013-12-31,TSM,TWD,1046179,2013-12-31,2013-12-30 19:00:00,2013,Q4,145827783000.0,80549790000.0,65277993000.0,0.4476375603,12002069000,3762434000.0,1145827000.0,4908261000.0,-26092000.0,16884238000.0,97434028000.0,553780000.0,785136000.0,41151537000.0,92783696000.0,0.6362552738,48393755000.0,0.3318555217,2453268000.0,50847023000.0,0.3486785711,10229121000.0,40641056000.0,0.2786921337,7.85,7.85,5185664400,5185664400,,,5.624266121039379,1.5674387258843825,3.963737607084639,1.0830326775485124,9.48169341618019,32.16995685258768,31.72679666659493,32.159670803224365,8.794010503263575,2735437971000.0,2719971371000.0,16.82681406580577,18.758002862870104,26.616292615190567,97.4116498855819,3.280506216793191,3.280506216793191,18.65194214054533,29.31518670047376,26.46579987665056,96.86086897221702,0.0148572391079088,0.0102657125833982,0.2725068157045249,0.1799403500489032,-0.1666952349042012,1.7575117416925687,61.63741695706221,2.0212208883890805,2.559005202900285e-09,1.722396189705307e-07,0.0258005293819765,0.082303034120734,0.0090991397138123,0.726764789976829,0.5121921451689353,1.8150438706578569,-8.228884615217664e-08,33.6776936880335,0.0359787687268515,0.0324787992235019,-4.247851056462505,154512700000.0,822622600000.0,-70201000000.0,958669000000.0,75806734500.0,88170099000.0,37205713500.0,44.399934407560735,116.73829317245892,41.89385223723116,2.027030021573054,0.7709552500227315,2.148286566973108,0.0487392652578778,2.8807049295361264,2014-01-16,0.28,bmo,4483439181.0,2025-04-24,2013-12-31,0.0357142857142855,17.75890625,9854836.59375
2013-09-30,TSM,TWD,1046179,2013-09-30,2013-09-29 20:00:00,2013,Q3,162527275000.0,83636464000.0,78890811000.0,0.4854004412,13357075000,4738276000.0,1164881000.0,5903157000.0,12525000.0,19272757000.0,102909221000.0,429527000.0,732326000.0,40439432000.0,100521642000.0,0.6184909087,59618054000.0,0.3668187632,-268170000.0,59349884000.0,0.3651687632,7415132000.0,51951943000.0,0.3196506125,10.0,10.0,5185664400,5185896800,,,6.268329859525811,2.00367547888367,3.6948826460887054,1.5598817771547269,8.434300839059311,31.01530291856141,30.575888443532907,31.003818874202505,8.870631427672025,2605796361000.0,2618460926000.0,12.539455747593504,16.03297884001316,27.199781326312586,64.42795952351925,3.241536160683209,3.241536160683209,16.110901545602115,26.048728153485595,27.331976383358665,64.74108916534968,0.0199370694416285,0.0155212117129823,0.2852031620325039,0.1947010039058411,0.1259884413746445,2.2808287354279475,81.40917296395321,1.614191983930415,0.0298462720126578,1.4970240285334468,0.0291537281973133,0.082183590415824,0.0096754912102938,0.5778264354874784,0.3406012313933154,1.3688864373762717,0.0,37.38630513536716,0.0498116082177907,0.0445500832191442,-2.9491310988038486,189926649000.0,792781481000.0,-35154617000.0,929035953000.0,81222762500.0,73567502000.0,37765727500.0,44.11855308593588,77.32719092476219,39.725345514368,2.039958106166682,1.163885548196988,2.265556128830862,0.0646267315330911,2.135000868933979,2013-10-17,0.34,bmo,5381143456.0,2025-04-24,2013-09-30,0.0,17.055,10974252.640625
2013-06-30,TSM,TWD,1046179,2013-06-30,2013-06-29 20:00:00,2013,Q2,155889706000.0,79467520000.0,76422186000.0,0.4902324083,11941871000,5685570000.0,1164693000.0,6850263000.0,970000.0,18793104000.0,98260624000.0,506372000.0,635340000.0,38094641000.0,98746660000.0,0.6334392599,57629082000.0,0.3696785598,2387597000.0,60016679000.0,0.3849944973,8255176000.0,51807725000.0,0.3323357669,10.0,10.0,5185659800,5185898200,,,6.012338333494226,1.998115071104356,2.9017968359590425,-0.1422086732338284,8.806382169536073,28.78076463866758,28.351028657915432,28.76824873856939,7.816293232348177,2800256292000.0,2776451494000.0,13.512735272587244,17.963060960548606,37.21831889182072,-759.447349757772,3.754138841799054,3.754138841799054,17.810358138721487,28.116915488584628,36.90192836512125,-752.9913368548576,0.0185010654731884,-0.0013167469743873,0.2708468483647908,0.1726902811802975,-0.2410693992080339,1.4467029129697766,90.70589290773444,1.2536291120006824,0.0,0.0,0.0364717475315528,0.076604615573526,0.0095242854434191,1.0490071087925863,0.5062931159803458,2.0718369547044686,1.674902125994131e-05,35.96319098621288,0.0518964782831048,0.0447102758273006,-4.393923681611354,108830886000.0,735093948000.0,-71186830000.0,835568245000.0,74428394500.0,68169816500.0,38224196500.0,47.78781890832484,85.25215761105922,43.73288004961021,1.883325124602446,1.055691756337729,2.0579481593232543,0.0694555685075642,3.044005509192871,2013-07-18,0.31,bmo,5048838880.0,2025-04-24,2013-06-30,0.0645161290322581,18.41734375,10900011.09375
2013-03-31,TSM,TWD,1046179,2013-03-31,2013-03-30 20:00:00,2013,Q1,132758536000.0,71988726000.0,60769810000.0,0.4577469128,10650985000,4695520000.0,1029799000.0,5725319000.0,-34503000.0,16341801000.0,88330527000.0,346321000.0,493998000.0,36496190000.0,82738102000.0,0.6232224646,44428009000.0,0.3346527488,1319905000.0,45747914000.0,0.3445948967,6212371000.0,39576876000.0,0.2981117237,7.65,7.65,5185189800,5185883600,,,5.120681831164599,1.52653528709788,2.8376848230319363,-0.3008880407810723,7.347666309148414,29.647866891969898,29.205127573150747,29.55075117983145,6.308813729441495,2618520849000.0,2595560036000.0,16.540724746692995,19.72393586051597,35.59239531474328,-335.67302887085543,3.4178488183045936,3.4178488183045936,19.55098417174471,31.37079499358107,35.28029914283157,-332.72963980141543,0.0151142107633453,-0.0029790895126838,0.2128460119186781,0.1536015627731207,-0.2775119617803174,1.8820435521907457,89.9356050024494,1.608153587068473,0.0,0.0,0.0353688745106378,0.0802282498806705,0.010812090806131,1.1060329316134507,0.6129208896970663,2.2295609486908083,2.034520778385203e-05,31.85876566685997,0.0408718113620251,0.0376868327588178,-1.3116718215406502,139544868000.0,757170648000.0,4770551000.0,817470689000.0,59181066500.0,60193263500.0,37831982500.0,44.79924341738749,76.3423626916248,47.29923752227536,2.0089624987967807,1.1788998509719104,1.9027790872445864,0.0516580873971064,3.138572863813008,2013-04-18,0.21,bmo,4282875336.0,2025-04-24,2013-03-31,0.2380952380952382,17.9595,9717447.233333332
2012-12-31,TSM,TWD,1046179,2012-12-31,2012-12-30 19:00:00,2012,Q4,131279646000.0,69331327000.0,61948319000.0,0.4718806067,10504785000,4132621000.0,1056231000.0,5188852000.0,0.0,15693637000.0,85024964000.0,350136000.0,334982000.0,36205009000.0,82787435000.0,0.6306189689,46254682000.0,0.3523370409,-7238000.0,46247444000.0,0.3522819067,4763045000.0,41569266000.0,0.3166466948,8.0,8.0,5184266600,5184266600,,,5.064540700896825,1.603670073603082,3.2950224049048717,0.9893647444751394,5.840421092541807,27.99831706185789,27.57551473143761,27.89971102180586,4.524670162603135,2581764766800.0,2555304666800.0,15.526884494424316,19.66614662260744,30.22741206607228,100.6706581735314,3.5699294491672195,3.5699294491672195,19.464591386847584,30.865851403658056,29.917616086091957,99.63890047174856,0.0161011051566574,0.0099333809686258,0.1617130419524287,0.1224568198890385,-0.3196149270719645,1.771243064424067,138.08109689475853,2.064364826109123,1.2394622628483226e-08,7.69799495617748e-07,0.0314795257750771,0.0800183830477422,0.011475605177027,0.6997396002520648,0.4552550362605335,1.6507583246285065,2.1541800927769107e-05,31.728433015616964,0.0489601721925339,0.0440317411222625,-0.7624955090079665,109852700000.0,714794100000.0,23007700000.0,738341800000.0,55424071000.0,36547654000.0,35539772500.0,35.84036172675237,77.00700723642575,49.108320110474736,2.511135369842576,1.168724811284814,1.8326833375186689,0.0574798094628896,2.305657660429732,2013-01-17,0.28,bmo,4530022984.0,2025-04-24,2012-12-31,0.0,16.29064516129032,9814260.338709677
2012-09-30,TSM,TWD,1046179,2012-09-30,2012-09-29 20:00:00,2012,Q3,141509634000.0,72344501000.0,69165133000.0,0.4887662489,10656855000,4478517000.0,1234982000.0,5713499000.0,-3199000.0,16367155000.0,88711656000.0,353132000.0,270332000.0,34678053000.0,88710726000.0,0.6268882442,52797978000.0,0.3731051838,964363000.0,53762341000.0,0.379920006,4340047000.0,49379633000.0,0.3489489133,9.5,9.5,5184266600,5185411400,,,5.459195867743376,1.9049804653178908,2.956289323546748,-0.0656844692362078,5.716878950631127,26.123118629740222,25.703045557109277,26.02270458081766,4.161659664647647,2304406503700.0,2273273824700.0,11.666786302867015,16.284449606448703,30.071481600909088,-1353.4401820361336,3.416247520464557,3.416247520464557,16.06444565251296,25.62569293706378,29.66521396443422,-1335.155118760458,0.0214283516908649,-0.0007388579216671,0.1595234158993979,0.122466530739476,-0.3509460513264202,2.060648705663703,195.3079102732936,1.5542944579336682,0.0337391288712148,1.5745088263414189,0.0316481420621863,0.0753083355441368,0.0123926843054103,1.022218552397099,0.5535565797590856,2.258880825864128,2.3828766315655937e-05,33.39740614668916,0.0614786358355235,0.0569045209117924,0.279105592293421,126272862000.0,666257203000.0,43819632000.0,717241603000.0,57244948500.0,13950051000.0,32014755500.0,37.24992165551075,17.134401410827344,41.363393328264166,2.416112464136832,5.252590845871534,2.1758369601292307,0.0732045533315597,3.021973792782956,2012-10-25,0.31,bmo,4675364186.0,2025-04-24,2012-09-30,0.032258064516129,14.148888888888887,12327031.476190476
2012-06-30,TSM,TWD,1046179,2012-06-30,2012-06-29 20:00:00,2012,Q2,127972352000.0,65579011000.0,62393341000.0,0.4875532881,10068390000,4364938000.0,1104741000.0,5469679000.0,-16816000.0,15521253000.0,81100264000.0,440496000.0,197266000.0,32460831000.0,78615028000.0,0.6143125978,46872088000.0,0.3662673012,-915157000.0,45956931000.0,0.3591160925,4157315000.0,41843339000.0,0.3269717118,8.05,8.05,5184140600,5185316400,,,4.937071035457642,1.614282567876342,2.6994951873025976,0.4052874260393323,7.194758915296394,24.30712037401146,23.8881289986618,24.20710927477545,2.6420354031293054,2107353153900.0,1997198743900.0,12.590732505238169,16.467253441587133,30.116741968055504,200.5983772911573,3.358517494888044,3.358517494888044,15.6064861877353,25.40479593672599,28.54249612488782,190.1128087681164,0.0198558741436204,0.0049850851911356,0.1088285680312292,0.0772549851516855,-1.4011876965813712,1.3258673273575874,237.6085488629566,1.6734856132061764,0.0,0.0,0.0341084455492386,0.078676290953846,0.0122869969756842,0.8498654756097915,0.4646900449247037,1.8319764518659427,0.0,29.651898366231528,0.0606466735246881,0.0479280162421591,-0.3867332128299143,69033988000.0,619197097000.0,27032498000.0,628043404000.0,52618515000.0,13694558000.0,29269808000.0,39.327775658917325,19.387749839655253,42.24281363438067,2.288458945162668,4.642106523157014,2.130539901507664,0.0666863006876444,2.294207761263265,2012-07-19,0.27,bmo,4267877939.0,2025-04-24,2012-06-30,0.0,14.505079365079366,11237686.968253968
2012-03-31,TSM,TWD,1046179,2012-03-31,2012-03-30 20:00:00,2012,Q1,105688860000.0,55210347000.0,50478513000.0,0.47761432,9157852000,4657004000.0,1100435000.0,5757439000.0,445909000.0,15361200000.0,70571547000.0,501236000.0,217593000.0,28005407000.0,63896054000.0,0.6045675391,35117313000.0,0.3322707142,555741000.0,35673054000.0,0.3375289884,2290118000.0,33491634000.0,0.3168889701,6.45,6.45,5183529200,5185289200,,,4.077872658651176,1.292232867136159,2.201151061327097,0.3271146229869796,6.751014656192155,25.603498442721225,25.38779224008229,25.501248338680146,2.7895372905394265,2200408145400.0,2101668853400.0,16.42505816079323,20.81967905983658,38.57072851184184,259.5420505043559,3.329248783136008,3.329248783136008,19.885434031552617,32.89199757781599,36.83993759782658,247.8955755698752,0.0152206462560207,0.0038529402000822,0.1090590428935094,0.0866468086417419,-1.545311264448349,2.124577417954636,161.38990224869366,1.7042580899724316,0.0,0.0,0.0440633383688687,0.0866491700260557,0.0067203529465002,0.8513892895702675,0.4595622755321611,1.7343298385201116,0.0,27.229669540144748,0.0443810261548397,0.0405320617122075,2.219692839774106,141922391000.0,657991812000.0,99815056000.0,657429450000.0,45193137500.0,29666561000.0,26299875000.0,41.99557786885013,21.61897261757837,45.25100159214721,2.1430827855510173,4.163010037156949,1.9889062525329488,0.0506733180264006,1.8740364383401176,2012-04-26,0.19,bmo,3028818081.0,2025-04-24,2012-03-31,0.1578947368421052,14.30983870967742,8924604.548387097
2011-12-31,TSM,TWD,1046179,2011-12-31,2011-12-30 19:00:00,2011,Q4,104711122000.0,57939255000.0,46771867000.0,0.4466752538,8753900000,3910503000.0,1177425000.0,5087928000.0,0.0,13841828000.0,71781083000.0,467887000.0,205986000.0,27741725000.0,61568353000.0,0.5879829365,32930039000.0,0.3144846352,690603000.0,33620642000.0,0.3210799518,2056136000.0,31578669000.0,0.3015789383,6.1,6.1,5183007800,5183529200,,,4.040554289731148,1.2185460728035178,2.810592220216223,1.6617820254872084,5.835966521215731,24.3890622738403,23.969938845162456,24.294522574324507,1.9738919165817197,1964359956200.0,1871835156200.0,15.551320071469762,18.75980238469797,26.969405043812653,45.61368388719732,3.120044848302913,3.120044848302913,17.876182782188124,30.40255366584193,25.69909875400978,43.4651993563426,0.0160758057098089,0.0219232457188286,0.0809212610994236,0.0658011231039919,-1.5027980365172346,1.9251923180467445,159.86542289281795,2.306512886911098,1.8326580057985405e-08,1.1400100491885836e-06,0.0373456317276401,0.0836004794218516,0.0140282737858838,0.4087431063338796,0.2843199502723311,1.0731654574472207,0.0,25.808717309380945,0.0449527648745759,0.0413656438215553,2.0158449308141115,108253700000.0,621181900000.0,83039000000.0,609490200000.0,43331584500.0,27617196500.0,25266419500.0,35.29997510675131,71.56443416471268,38.58617098200521,2.5495768687606524,1.2576079312365696,2.332441849230695,0.0501572347872079,1.1488101947290144,2012-01-18,0.2,bmo,3517386202.0,2025-04-24,2011-12-31,0.0,12.565714285714286,11622209.317460315
2011-09-30,TSM,TWD,1046179,2011-09-30,2011-09-29 20:00:00,2011,Q3,106483616000.0,61712954000.0,44770662000.0,0.4204464845,8619323000,3472255000.0,1081010000.0,4553265000.0,0.0,13172588000.0,74885542000.0,231110000.0,177453000.0,27965271000.0,60302663000.0,0.566309309,31598074000.0,0.2967411813,561865000.0,32159939000.0,0.3020177207,1726436000.0,30394524000.0,0.2854385035,5.85,5.85,5182894600,5183529200,,,4.109040380639807,1.1728783371361633,2.13042954799814,0.6622081413733554,4.677902305788738,23.196428111812267,22.777194195691344,23.10014940299963,2.3566847761094736,1814013110000.0,1760071442000.0,14.920558634180288,17.03560771264567,32.857223589381576,105.7069456361965,3.0302834314530567,3.0302834314530567,16.529035246135894,29.18729214330054,31.880178034148408,102.56363375197216,0.0167554048162309,0.0094601163053336,0.1017238934006914,0.0828905326391035,-0.8945155208153909,1.8173521532506245,178.06446777456566,1.8164113706797973,0.0,0.0,0.032608349814116,0.0809450629475242,0.0147884813308842,0.6891668433740981,0.3573149131224093,1.3605512351373243,0.0,24.69023001991295,0.044841887074904,0.0419943295202967,1.340891333194389,88572004000.0,590258984000.0,63418684000.0,572389452000.0,46390480000.0,10436985500.0,28607722500.0,38.53536688686455,13.363569826847051,37.468657066715686,2.3355168841191976,6.734727409377728,2.402007625726976,0.0507736256019132,1.4682214066247845,2011-10-27,0.2,bmo,3543402047.0,2025-04-24,2011-09-30,0.0,11.98109375,15291617.296875
2011-06-30,TSM,TWD,1046179,2011-06-30,2011-06-29 20:00:00,2011,Q2,110508367000.0,59652408000.0,50855959000.0,0.460200077,8493049000,3438514000.0,1058089000.0,4496603000.0,0.0,12989652000.0,72642060000.0,407219000.0,123339000.0,27158116000.0,66336132000.0,0.6002815334,37866307000.0,0.3426555656,1188370000.0,39054677000.0,0.353409231,3026478000.0,35950334000.0,0.3253177563,6.95,6.95,5182501200,5182501200,,,4.264673088739468,1.387373880395821,2.433703440338808,-0.0628624263511989,5.980822811965775,21.933905775072468,21.50253406598343,21.763604068244117,1.5411510179679264,1870882933200.0,1759715901200.0,13.010191596550952,16.92978535462387,29.66672060501697,-1148.5398224471016,3.317465240297633,3.317465240297633,15.92382503670514,26.527261209622537,27.903937258016164,-1080.2940968971525,0.0192157047146235,-0.0008706707250858,0.0705945204624085,0.0507922339638314,-1.675814200321478,1.1803662432837332,307.0100049457187,1.7541799472572357,0.041544459833795,2.162005528851554,0.0311154177131221,0.0768543525758551,0.014260907558625,1.0258299451400896,0.5854061530019713,2.3820605965450623,0.0,26.06474162772495,0.0567106178370696,0.0465293557624281,-0.3597720247512919,37063207000.0,557184543000.0,27098660000.0,526128541000.0,47106412500.0,11816854500.0,31655222500.0,38.43058498909861,17.66822254685846,47.56033553582615,2.341884726072471,5.093891010332709,1.8923331592605144,0.063747432458587,2.496565866690007,2011-07-28,0.25,bmo,3983696967.0,2025-04-24,2011-06-30,-0.04,13.05031746031746,15747634.38095238
2011-03-31,TSM,TWD,1046179,2011-03-31,2011-03-30 20:00:00,2011,Q1,105377495000.0,53706783000.0,51670712000.0,0.4903391564,7963628000,3342828000.0,1201276000.0,4544104000.0,0.0,12507732000.0,66214515000.0,373284000.0,119922000.0,24816388000.0,65248752000.0,0.6191905776,39162980000.0,0.3716446287,1149462000.0,40312442000.0,0.3825526693,3885350000.0,36277773000.0,0.3442649021,7.0,7.0,5182501200,5184713200,,,4.066665532079375,1.400010211285624,2.1795683906450423,-0.9637237710625132,5.252062961413304,23.63306578684439,23.20044363906756,23.45098860758585,1.5728318210519665,1829422923600.0,1740614015599.9998,12.607050904144527,17.360660581274967,32.39173420894857,-73.25750606126788,3.010534062396096,3.010534062396096,16.517891373295594,26.676587095489577,30.819285046858617,-69.70123756141655,0.0198301729643856,-0.0136504783436616,0.0668715459670331,0.0541723574997535,-1.3610820939533066,1.968712588868988,326.5704374510098,1.556823209627559,0.0,0.0,0.0317224090399947,0.0755723790928983,0.0149445886532609,1.442162666332897,0.7729409111499567,3.282128607918284,0.0,27.17924813337683,0.0534741341003488,0.0490959602665983,1.9111428666914727,123275858000.0,601181635000.0,112799264000.0,571075562000.0,45065967000.0,12013665500.0,30096569500.0,40.16277915887069,19.980377338929426,53.26797380509646,2.2408807827762547,4.504419434794435,1.6895705537684478,0.059699411172489,3.1432921617075555,2011-04-29,0.24,bmo,3663694494.0,2025-04-24,2011-03-31,0.0,12.697258064516127,16180145.096774194
2010-12-31,TSM,TWD,1046179,2010-12-31,2010-12-30 19:00:00,2010,Q4,110142198000.0,55324973000.0,54817225000.0,0.4976950342,8071970000,3825487000.0,1406325000.0,5231812000.0,0.0,13303782000.0,68628755000.0,420200000.0,123165000.0,23304282000.0,66309761000.0,0.6020377494,41513443000.0,0.3769077043,1368871000.0,42882314000.0,0.3893359201,2015420000.0,40720440000.0,0.3697078934,7.85,7.85,5181732200,5182501200,,,4.251172918585024,1.5716921843239988,2.72356541312575,1.0051436081548175,7.0476741349157335,22.336329924576187,21.883508375828452,22.16034630272865,1.4309911654639351,1839514931000.0,1728579831000.0,11.29356000942033,16.701273121496993,26.068769877098543,70.63667263460746,3.203921050243588,3.203921050243588,15.694074227572615,26.0682560897784,24.496648039728736,66.37680705247404,0.0221365096383661,0.0141569522275326,0.0643598854574864,0.051398545808911,-1.672982956460965,2.122874947946727,337.0555190192019,1.7045523456338016,1.0872431456225021e-08,4.911538283967462e-07,0.034732255842579,0.0732868069329795,0.0163187208081355,0.630945670219374,0.4042229845458504,1.9104646948573656,0.0,27.99389164501814,0.0630784337081639,0.0575800600935892,3.431455797734974,138328200000.0,566972400000.0,121294800000.0,538504200000.0,45346507500.0,11789584000.0,27534657500.0,35.22374775923756,19.690529266051332,46.20934925716096,2.555094381641918,4.570725285438113,1.9476578105252784,0.0709236292092814,1.7184218049709323,2011-02-03,0.26,bmo,3790341816.0,2025-04-24,2010-12-31,0.0,11.19265625,11012323.84375
2010-09-30,TSM,TWD,1046179,2010-09-30,2010-09-29 20:00:00,2010,Q3,112246699000.0,56121924000.0,56124775000.0,0.5000126997,8034839000,3575355000.0,1449079000.0,5024434000.0,0.0,13059273000.0,69181197000.0,413500000.0,117288000.0,22372015000.0,72164482000.0,0.6429096147,43065502000.0,0.3836683162,6609677000.0,49675179000.0,0.4425535846,2551723000.0,46939527000.0,0.4181818033,9.05,9.05,5181255000,5182501200,,,4.332799640241602,1.81189796680534,2.46858836324404,0.8178819224299905,6.493619711826575,20.879268709994008,20.413965419574986,20.71018052576065,1.7165042832286772,1606189050000.0,1518271236000.0,8.554565590317942,14.309454659330338,25.11556844516762,75.80556349233542,2.9936967436319746,2.9936967436319746,13.526199429704388,21.03903740346948,23.74082001498344,71.65620172742716,0.0292241607549248,0.0131916439101611,0.0826635423954633,0.0664381812121439,-1.218297583013206,2.2578391347924422,367.1773924016097,1.3624323270236618,0.0483827419354838,1.6555733573060931,0.0318526516312074,0.0715819625127684,0.0180574309045376,0.6686843644700694,0.3809791769466646,1.91147981082616,0.0,29.05695294938784,0.0684198752353669,0.0716089800176804,3.497176639636536,137401239000.0,528849802000.0,119989206000.0,498634722000.0,48071983000.0,11513530500.0,25731655500.0,38.154799991044726,18.401848090596467,42.75882184652115,2.358811997995634,4.890813115993003,2.1048288075627224,0.0874882748873958,1.65070644081405,2010-10-28,0.24,bmo,3049103629.0,2025-04-24,2010-09-30,0.1666666666666668,9.9171875,13772078.015625
2010-06-30,TSM,TWD,1046179,2010-06-30,2010-06-29 20:00:00,2010,Q2,104962317000.0,53036208000.0,51926109000.0,0.4947119165,7190051000,2931179000.0,1336186000.0,4267365000.0,0.0,11457416000.0,64493624000.0,428285000.0,97501000.0,21131133000.0,63638765000.0,0.606301069,40468693000.0,0.3855544938,1941438000.0,42410131000.0,0.4040510177,1943896000.0,40281916000.0,0.3837750266,7.8,7.8,5180693000,5180693000,,,4.052057012449879,1.5550782877889116,1.8887692824106737,-0.1774700411701677,8.030434654205528,19.18170935818818,18.71353975230727,19.02001851875801,1.2296604720642583,1569749979000.0,1429018727000.0,9.742274790255758,14.95536706759246,32.084384558952074,-341.4660840805997,3.1861167716653265,3.1861167716653265,13.614588243131104,22.455161205595363,29.207954765013024,-310.85296086284166,0.0256613578843054,-0.0029285485341611,0.0644529581842805,0.0466452769064611,-2.21140765380975,1.7238404542388552,415.0592609306571,1.2145814762137928,0.0,0.0,0.0279260127232137,0.0685012603142135,0.0178138216800228,1.093960677369583,0.5099235566608157,2.532886334111853,0.0,25.79721692774108,0.0723565622937859,0.0602437953722872,2.8155138414880017,120349551000.0,484745522000.0,102711997000.0,460947092000.0,44243847000.0,11031669500.0,23747064500.0,41.63595769327386,19.60336926802912,42.08428023360946,2.161593127340005,4.5910475270585165,2.138565742372468,0.0817600827388919,2.0662393235808416,2010-07-30,0.23,bmo,3138782479.0,2025-04-24,2010-06-30,0.0434782608695651,10.214761904761904,15459955.76190476
2010-03-31,TSM,TWD,1046179,2010-03-31,2010-03-30 20:00:00,2010,Q1,92186686000.0,48001195000.0,44185491000.0,0.4793044735,6409840000,2471979000.0,1176010000.0,3647989000.0,0.0,10057829000.0,58059024000.0,403215000.0,87446000.0,21002670000.0,56392892000.0,0.6117249079,34127662000.0,0.3702016363,1175114000.0,35302776000.0,0.3829487482,1477461000.0,33663117000.0,0.3651624596,6.5,6.5,5180693000,5183197200,,,3.5588553886516725,1.299560386998419,1.7771471500048353,-0.0039187807499884,7.512792361948488,20.54955589918183,20.0788316543752,20.388689930092365,0.4882862582283876,1593063097500.0,1445824254500.0,11.830923867656104,17.280837034319685,34.606025730526966,-15693.65675795488,3.0163782082550603,3.0163782082550603,15.683655820971804,25.63841298474283,31.40756410186507,-14243.170667914492,0.0211310632032263,-6.372001219493441e-05,0.0237833042774017,0.0200387302352878,-2.6109468370588265,3.3977170229773117,390.27127598746654,1.3674987078588117,0.0,0.0,0.0268149242288631,0.069531081744277,0.0194524923313312,1.0022050963815674,0.5004603267764718,2.1966625671878863,0.0,24.416541728072097,0.0594610880390885,0.0547692142130834,5.457857346497852,187441183000.0,520111313000.0,171091603000.0,499263791000.0,37716721500.0,25170723000.0,21804016500.0,38.98269941062856,19.708095600536613,42.5506275416685,2.308716465526799,4.566651279971946,2.1151274422889728,0.0637392785634722,1.7810659307548238,2010-04-28,0.19,bmo,2775338405.0,2025-04-24,2010-03-31,0.0526315789473684,10.27295081967213,16443275.540983606
2009-12-31,TSM,TWD,1046179,2009-12-31,2009-12-30 19:00:00,2009,Q4,92094409000.0,47399720000.0,44694689000.0,0.4853138153,6567067000,3268524000.0,1217210000.0,4485734000.0,0.0,11052801000.0,58452521000.0,444817000.0,93573000.0,20277361000.0,55738860000.0,0.6052360898,33641888000.0,0.3652978326,1726038000.0,35367926000.0,0.3840398824,2507537000.0,32666013000.0,0.3547013695,6.3,6.3,5080319400,5180693000,,,3.625536181839275,1.2859826490436803,2.440766066794934,0.7591973843219385,7.7808926737952735,19.646343495647145,19.158582824536584,19.49021945352491,0.4893933637322094,1638403006500.0,1479464506500.0,12.539049428070696,17.790472019859532,26.42612943431219,84.95814307580478,3.309352167829738,3.309352167829738,16.0646506401925,26.542783732928875,23.86257861291333,76.7165079166387,0.0199377154890493,0.0117705020825106,0.0249206849683901,0.0207463911825903,-2.851484583645952,3.2831146938141087,359.52558964658607,1.897977448303838,7.324205309922324e-09,3.673542896098156e-07,0.0354910144436672,0.0713079878714461,0.0208339989392903,0.6889511884607318,0.4638124123257037,2.1065132686644974,0.0,23.747460726864027,0.0605149785526051,0.0560976465478735,5.475403770873147,180670400000.0,486658600000.0,164156000000.0,466735100000.0,35692182500.0,24712023500.0,20044926000.0,34.69617791890059,75.62740876950328,39.70998140917288,2.593945656215144,1.1900447399209646,2.266432690376689,0.0659809219752578,1.6815686824729956,2010-01-28,0.19,bmo,2875617222.0,2025-04-24,2009-12-31,0.0,10.4340625,19172090.703125
2009-09-30,TSM,TWD,1046179,2009-09-30,2009-09-29 20:00:00,2009,Q3,89935791000.0,47077880000.0,42857911000.0,0.4765389899,6201333000,3540976000.0,1131590000.0,4672566000.0,0.0,10873899000.0,57951779000.0,0.0,0.0,20001339000.0,54057940000.0,0.601072603,31984012000.0,0.3556316306,973662000.0,32957674000.0,0.366457821,2284863000.0,30550787000.0,0.339695539,5.85,5.85,5214744000,5214744000,,,3.4492888241493733,1.171708026319221,1.7893512701678165,0.5605902801748274,6.915742172578367,17.896436373482572,17.43563028213849,17.752944267254538,0.574059436091206,1681754940000.0,1539787728000.0,13.761960862088433,18.69950685150476,36.04658351624317,115.05729278767522,3.633200162689117,3.633200162689117,17.120967202034173,28.48402525142468,33.00367111431724,105.3446035671316,0.0181660159119259,0.0086913221732531,0.0323360129705394,0.0276212301243499,-2.62620462414957,4.440040235801152,0.0,1.5271306758807883,0.0462786046511628,2.547537383845464,0.039372267265654,0.0689528932925046,0.0221719743488283,0.6867075294152547,0.3562360395540414,1.6018112587362276,0.0,21.63396667272668,0.0611364955442805,0.0576558103559883,5.428733519804616,189232217000.0,454611742000.0,168970492000.0,438063170000.0,34632382500.0,9849423500.0,19075026000.0,35.906381809662406,18.34080527840251,36.65935424449869,2.5065182138675137,4.90709097195317,2.455035061440176,0.0660007719666222,1.2287609899929892,2009-10-29,0.18,bmo,2760054479.0,2025-04-24,2009-09-30,0.0,10.37921875,14408578.875
2009-06-30,TSM,TWD,1046179,2009-06-30,2009-06-29 20:00:00,2009,Q2,74212000000.0,39916000000.0,34296000000.0,0.4621355037,5096000000,2881000000.0,1192000000.0,4073000000.0,0.0,9169000000.0,49085000000.0,0.0,0.0,20053035000.0,45180035000.0,0.6087968927,25127000000.0,0.3385840565,1262000000.0,26389000000.0,0.3555893926,1943000000.0,24442000000.0,0.3293537433,4.7,4.7,5214744000,5214744000,,,2.8462375142480627,0.9374189797236452,0.9405511373137396,0.6581719064253202,9.464280509263734,16.77370931343897,16.77370931343897,16.635946079040504,0.1844385841375914,1419192579600.0,1184484579600.0,14.515921156206533,19.123491882714383,57.870325004820856,82.69875919745888,3.271830753802209,3.271830753802209,15.960822772597425,26.21699119090988,48.29965190768575,69.02192586791321,0.0172224688540078,0.0120920798534874,0.0110867505377385,0.0081849328474681,-5.194949494837709,2.3869397516007096,0.0,1.003336043544819,0.0,0.0,0.0388212148978601,0.0686681399234625,0.0,0.3002274088944365,0.0992114078585673,0.367169351189827,0.0,18.73190222597304,0.0507983466628563,0.041600359463052,5.028204644369887,179789000000.0,437353000000.0,159229000000.0,404860000000.0,23629566500.0,7709668000.0,16874583500.0,40.48617474262922,22.78409660286602,42.781340815713,2.222981068775461,3.9501237011380494,2.1037208812058608,0.0563490032529434,0.2823792308884194,2009-07-30,0.13,bmo,2099149214.0,2025-04-24,2009-06-30,0.0769230769230769,9.985714285714286,21824763.84126984
2009-03-31,TSM,TWD,1046179,2009-03-31,2009-03-30 20:00:00,2009,Q1,39500126000.0,32019884000.0,7480242000.0,0.1893726111,3728933000,1594563000.0,947405000.0,2541968000.0,0.0,6270901000.0,38290785000.0,983772000.0,107625000.0,20483463000.0,21339587000.0,0.5402409856,1209341000.0,0.0306161302,-460842000.0,748499000.0,0.0189492813,-739228000.0,1558873000.0,0.0394650134,0.3,0.3,5150784200,5183979800,,,1.5337519284927523,0.0605295403367898,1.04016522377311,0.8200308605435266,9.01874083561878,18.84426682057462,18.3458974654772,18.69801821633296,0.6498267195896112,1317055519940.0,1110421399940.0,211.21918205331676,33.34307135982301,49.165266085799374,62.363506619865234,2.735049212612733,2.735049212612733,28.1118445024707,52.035749330106526,41.45167972714091,52.57923548215565,0.0011836046213685,0.0160350187826266,0.0345302767817085,0.0300808631869022,-9.68313585450365,5.918614862199388,11.236617886178864,17.184422977368907,0.0,0.0,0.040368554773724,0.0944030659547769,0.0232191322901033,0.2116340348613704,0.1435267067249355,0.2767756116238743,0.0,5.046296174074611,0.0047372900935841,0.002887120349345,7.090191712943438,223182051000.0,472478794000.0,201095396000.0,463095408000.0,16236016500.0,5433768000.0,14846028417.5,31.614126243546664,14.937288342456206,41.529351886471545,2.8468286394083573,6.0251899766969945,2.1671419348424283,0.0032372168877189,0.2201343632295835,2009-04-30,,bmo,,2025-04-24,2009-03-31,,8.042131147540983,22507557.147540983
2008-12-31,TSM,TWD,1046179,2008-12-31,2008-12-30 19:00:00,2008,Q4,66169450938.0,45271021743.0,20898429195.0,0.3158319874,4928172161,0.0,0.0,3422725893.0,0.0,8350898054.0,53621919797.0,0.0,0.0,21342194662.0,33889725803.0,0.51216574,12547531141.0,0.1896272519,1106713866.0,13654245007.0,0.2063527022,508607952.0,12947547209.0,0.1956725804,2.5,2.5,5172580828,5227154372,,,2.558469481223542,0.5006223252776593,2.48466009560054,2.038265844687928,8.198078932948478,18.6244806918269,18.11388688424377,18.46952436216237,0.9498060928125917,1142623104905.2,972043000225.2,22.06253984752704,17.26813640898765,17.78110417526617,21.67528839044264,2.392048605783777,2.392048605783777,14.69020804080712,28.682527733498286,15.126595791423767,18.439424397549157,0.0113314242932924,0.0461354876570377,0.0514255848817858,0.0438312164071063,-5.033386981989091,4.447058823529412,0.0,4.963142812743074,0.0003588895526788,0.0316720602273573,0.0,0.0744780573382366,0.0235626490982304,0.1796600877935053,0.1744770669295348,0.5409496025521726,0.0,14.423618313084871,0.0236038893456917,0.0236599815441361,5.980609603245431,196347134820.0,468477720090.0,174551591095.0,453863044275.0,31981071739.0,6969338723.0,18338629975.5,25.29446710338064,11.039909875179244,29.655175285669056,3.558090377320952,8.152240463696607,3.034883427025054,0.0271053176823145,0.4463942509126123,2009-01-22,0.07,bmo,1962927790.0,2025-04-24,2008-12-31,0.0,7.433125,17494626.8125
2008-09-30,TSM,TWD,1046179,2008-09-30,2008-09-29 20:00:00,2008,Q3,92736246290.0,49754999690.0,42981246600.0,0.4634783951,5965156122,0.0,0.0,4184582614.0,0.0,10149738736.0,59904738426.0,0.0,0.0,24264003828.0,57095511692.0,0.6156763291,32831507864.0,0.35403102,1508574512.0,34340082376.0,0.3702983866,3648692470.0,30493841546.0,0.3288233325,1.25,1.25,5227154372,5257453467,,,3.5482497623087226,1.1667473112844964,2.350719393561465,1.899193834025149,6.034902135773388,17.776759192066194,17.276272840942987,17.633746384867624,0.2577512463792986,1365332721966.4,1259916766624.4,11.193511974432557,14.722751637982006,22.22298422477964,27.506407752642403,2.962501493433618,2.962501493433618,13.58602290936441,22.066826783530423,20.50717014157847,25.38266589498351,0.0223343666019237,0.0363551652761322,0.014616930557677,0.0122802540508421,-1.8463089692700043,3.739448118107771,0.0,2.01966712888852,0.0573300153139356,2.566896851643764,0.0,0.0643238901793164,0.0238450817488098,0.1920797355688392,0.1272530373448222,0.4863570371985353,0.0,21.51552553632801,0.0603031599315668,0.0569461856235634,4.540689866448046,169770969274.0,451528725562.0,147787150728.0,434488989074.0,43562731144.0,8554089793.5,21275078424.5,44.02671098258877,15.16818359646542,39.36153798898758,2.044213569248729,5.933472483875547,2.286496021196628,0.066165594413093,0.4515255595118284,2008-10-30,0.2,bmo,2939838698.0,2025-04-24,2008-09-30,-0.05,9.7603125,19940946.265625
2008-06-30,TSM,TWD,1046179,2008-06-30,2008-06-29 20:00:00,2008,Q2,85482402066.0,46183737863.0,39298664203.0,0.4597281224,4956318086,0.0,0.0,3453722816.0,66994500.0,8477035404.0,54660773267.0,0.0,0.0,16298695179.0,47120323978.0,0.5512283562,30821628799.0,0.3605610986,1337674055.0,32159302855.0,0.37620963,3426372547.0,28732960663.0,0.3361272024,5.55,5.55,5181924517,5181924517,,,3.2992530781011373,1.1089687072336796,1.595356260338981,0.7720745684493728,6.144040458279798,17.084848877122308,17.024419426023066,17.08484887708371,0.4818164712374949,1667284213344.7498,1533213738850.7498,14.506721330424408,19.504414628609272,40.33581814906152,83.34687170079945,3.766495124596278,3.766495124596278,17.936016089802585,32.53826819116506,37.092314590961095,76.64474224555812,0.0172333909438023,0.011998050791754,0.0282013891199099,0.0209286040710282,-2.845279131709624,1.6103237782294566,0.0,1.3873773719036364,0.0,0.0,0.0,0.0579805663646803,0.0026248667942739,0.5160488051118958,0.2495357804893063,1.249185710402515,0.0,20.646977076107337,0.0595788696672679,0.0482969132274607,1.816999622613376,86831671908.0,441096282057.0,75276107173.0,324960906125.0,39842639485.0,9527424970.5,21334814566.5,43.96717455363698,16.998260188873445,40.513845187680495,2.046981661061847,5.294659512207686,2.2214628007555137,0.0649094829700931,0.8232816918757135,2008-07-31,0.18,bmo,2789119814.0,2025-04-24,2008-06-30,0.0,10.9234375,15077077.21875
2008-03-31,TSM,TWD,1046179,2008-03-31,2008-03-30 20:00:00,2008,Q1,87479966000.0,49240688000.0,38239278000.0,0.4371204031,5270006000,2662529000.0,1183545000.0,3846074000.0,0.0,9116080000.0,58356768000.0,1348910000.0,155064000.0,19830859000.0,51557752000.0,0.5893663928,29123198000.0,0.3329127723,2448631000.0,31571829000.0,0.3609035353,3335798000.0,28143382000.0,0.3217123107,5.35,5.35,5249269770,5259603582,,,3.333033729756282,1.0722779827716875,2.0979782885115466,1.537591151845107,8.008673190747444,19.533659881610543,19.533659881610543,19.393563097443938,0.1772660718102129,1639609412659.5,1499912696669.5,14.564786604711369,18.742684612606045,29.776285265716744,40.62848561858339,3.2211718747151483,3.2211718747151483,17.145785089462656,29.09189478760633,27.23930954827745,37.166889233041225,0.0171646867739985,0.0246132728004659,0.0088358208955223,0.0075371766143817,-2.7095191425336,4.537745098039216,187.8140509725017,2.0359550561797755,0.0,0.0,0.030435871454271,0.0602424331074842,0.0,0.2671081677704194,0.1681312528173593,0.7719298245614035,0.0,21.630858538898984,0.0487099097215261,0.0471641019098192,6.307828761485047,219315031390.0,512687251570.0,197283245640.0,480779148070.0,40302608420.0,10955137705.0,22871554667.0,39.01756676951612,18.88465291142967,39.99102969479224,2.3066533218651597,4.765774643680572,2.2505046928491588,0.0552904062746991,0.5603871366664396,2008-04-29,0.16,bmo,2586310778.0,2025-04-24,2008-03-31,0.0625,9.464754098360656,17600833.672131147
2007-12-31,TSM,TWD,1046179,2007-12-31,2007-12-30 19:00:00,2007,Q4,96640339245.0,50632338023.0,46008001222.0,0.4760745004,5170875302,0.0,0.0,3195955340.0,0.0,8366830642.0,58999168665.0,0.0,0.0,20897201782.0,58538372362.0,0.6057343426,37641170580.0,0.3894975005,2685000427.0,40326171007.0,0.4172809338,4703389853.0,35388625685.0,0.3661889638,6.65,6.65,5334952050,5334952050,,,3.622913133586646,1.3266708061602916,2.296434240978792,1.5250397724568114,6.493456059609758,18.396099134124363,17.874511984339204,18.26138618261808,0.5681530887986144,1637296784145.0,1557459594404.0,11.566546824386805,16.94216718335569,26.72839435360381,40.24813064456537,3.3611906230001285,3.3611906230001285,16.116040222660747,26.605789186838063,25.42507542441207,38.285567916715934,0.0216140567963553,0.024845874429078,0.0311122651433441,0.0265466113730614,-1.3638436895253696,5.129103136027698,0.0,1.7309751826266773,0.0005856792478223,0.0270971457760355,0.0,0.053506386074359,0.0243708458785434,0.3359096701994805,0.2129210500165396,0.9846659242063684,0.0,23.34746406767152,0.0636407961720565,0.0635363296227494,5.134776246358203,201125373595.0,476798321768.0,169650379630.0,475303219015.0,42477280855.0,12014515895.0,24170676712.0,39.74752294134499,20.580354879655207,42.41743731218572,2.264292044885717,4.373102433183495,2.121768916344805,0.0726489650289018,0.7713944685219805,2008-01-31,0.19,bmo,2844842357.0,2025-04-24,2007-12-31,0.0526315789473684,9.88796875,12964364.421875
2007-09-30,TSM,TWD,1046179,2007-09-30,2007-09-29 20:00:00,2007,Q3,88003773000.0,47717601360.0,40286171640.0,0.4577777778,4628346580,0.0,0.0,3650526880.0,0.0,8278873460.0,55996474820.0,0.0,0.0,19128324374.0,51135622554.0,0.5810617069,32007298180.0,0.3637037037,1857857430.0,33865155610.0,0.3848148148,3552744910.0,30051658780.0,0.3414814815,5.5,5.5,5334952050,5334952050,,,3.299140167529716,1.1265952720231105,1.856227128114488,0.9541976926296836,6.598280335059432,18.87474746956723,18.87474746956723,18.75011328546055,0.6500528033799292,1687445333415.0,1606677426195.0,14.037871800757548,19.1746930374792,34.07988119657427,66.29653423879185,3.3738462822544046,3.3738462822544046,18.256915259701422,31.41992501408043,32.44868128268848,63.123315989659154,0.0178089673098816,0.015083744745964,0.0346692733789508,0.029636231964793,-1.5794841870695493,4.913350449293967,0.0,1.6842274733302796,0.0,0.0,0.0,0.0525925925925925,0.0,0.4859477710508244,0.2734134925060542,1.25789475644533,0.0,21.80103786495485,0.0531362464186882,0.0513620411119157,5.186065057791851,198725557030.0,503479363530.0,167891642490.0,463356161840.0,40231121560.5,11051122249.0,24281060096.0,43.23333333333333,23.483606557377048,46.16803278688524,2.081727062451812,3.832460732984293,1.9494007989347537,0.0600847181492342,0.9020294354713084,2007-10-25,0.18,bmo,2848033511.0,2025-04-24,2007-09-30,-0.0555555555555554,10.205079365079364,14821039.682539685
2007-06-30,TSM,TWD,1046179,2007-06-30,2007-06-29 20:00:00,2007,Q2,72969154645.0,42031520915.0,30937633730.0,0.4239823509,3806508351,0.0,0.0,2216971256.0,-20721812.8400054,6002757795.0,48034278710.0,0.0,0.0,19478897685.0,44413773620.0,0.6086650426,24934875934.0,0.3417180322,2918360287.0,27853236222.0,0.3817124696,2328264796.0,25524938586.0,0.349804499,4.7,4.7,5330178531,5334922249,,,2.737962873874327,0.9577517314869842,1.2987781251862165,0.3482187507238676,8.687372312895612,17.809334670595106,17.366400063270227,17.69712667303526,0.723445975697282,1870626155454.45,1726252425131.45,18.321553930010797,25.635847976520708,54.04310300493881,201.5686974181917,3.9661805725189856,3.9661805725189856,23.657289625044825,38.86750177773906,49.87209087816908,186.01175426428688,0.0136451308090466,0.0049610877721024,0.0408792901279042,0.030198445826929,-3.2506521863746105,2.300677192304006,0.0,1.3611758650247656,0.0420977347200455,3.085183668018413,0.0,0.0521659921855875,0.0184891991848877,0.7318874224972376,0.3471775981729272,1.3005487404899831,0.0,19.52851014676978,0.0447417119616428,0.0407320576736333,4.066820913404411,172503279277.0,462830063890.0,141304307691.0,449338915824.0,35642539045.5,9889547879.0,23179238111.0,47.1007982059102,20.665933797080637,51.569940511156965,1.9107956431342776,4.354993143968835,1.745202711267988,0.054119052724321,0.9505593744383344,2007-07-26,0.14,bmo,2114895595.0,2025-04-24,2007-06-30,0.0714285714285712,10.563333333333334,15331086.063492063
2007-03-31,TSM,TWD,1046179,2007-03-31,2007-03-30 20:00:00,2007,Q1,65300854520.0,40544119000.0,24756735520.0,0.3791180943,3971668800,0.0,0.0,2780168160.0,0.0,6751836960.0,47295955960.0,0.0,0.0,20387899840.0,38392798400.0,0.5879371515,18004898560.0,0.2757222504,2184417840.0,20189316400.0,0.3091738469,1092208920.0,18964718520.0,0.2904206792,3.6,3.6,5215769100,5215769100,,,2.5039779663559107,0.7272069816127404,1.4721816730729127,0.934073889122124,8.336863284841348,20.39479266058768,20.39479266058768,20.275495180183498,0.6624817528828107,1744413975495.0,1621391534415.0,22.99551630116944,26.713493848089385,45.43596841575893,71.61103717701135,3.299056294584399,3.299056294584399,24.829560751282493,42.23165807093135,42.23165807093135,66.56076543788092,0.0108716845808452,0.0139643278385726,0.0326740110165247,0.0283726492010001,-3.204310344827586,6.338709677419355,0.0,2.024432809773124,0.0,0.0,0.0,0.0608210846426761,0.0,0.3655172413793103,0.2149011657374556,0.6883116883116883,0.0,18.21402858075089,0.0299552038539573,0.0311446896401782,6.761248158013744,241014101680.0,531872646800.0,209108362320.0,491427819520.0,32469636342.0,9403511439.5,21851159396.0,45.6158134820071,22.481632653061222,49.44489795918368,1.973,4.003267973856209,1.8202080237741456,0.0358662994491737,0.5381077839507887,2007-04-26,0.11,bmo,1964811291.0,2025-04-24,2007-03-31,0.0,10.861639344262294,12837724.93442623
2006-12-31,TSM,TWD,1046179,2006-12-31,2006-12-30 19:00:00,2006,Q4,11308579547.0,38465499652.0,-27156920105.08,-2.4014439649,4872358705,0.0,0.0,5760005822.0,-66198859999.99999,-55566495472.23,-17100995819.96,0.0,0.0,24901463715.0,-12887787817.59,-1.1396469171,28409575367.0,2.5122143103,-522245130.1000023,27887330237.0,2.4660329904,1622667333.0,27931461857.0,2.4699354805,5.35,5.35,5235235885,5235235885,,,0.4320179565752638,1.0670564791510206,2.2473345623281435,1.5289980999945718,7.451196438843848,19.447402369954727,18.99727078429458,19.403210801119176,0.7933320230675083,1740454170101.23,1643403095453.23,15.577900818544595,153.9056397726757,29.586160029114296,43.48599255959576,3.4267524422383158,3.4267524422383158,145.32356505280106,-127.51630603432328,27.93637879680168,41.06112991021141,0.0160483753820276,0.0229959106631759,0.0408866362994803,0.0353535073364213,7.530468069589031,5.555045552541902,0.0,2.106106477246813,3.923273561752475e-05,0.0024446546571599,0.0,0.4308550587410039,0.0200593570576651,0.3196393071025292,1.6627467710476724,0.7551083880897882,0.0,21.58349463218396,0.0492712369714872,0.0485249567906671,5.780257203690049,213421778009.0,497275968673.0,181941438492.0,479259738760.0,34125752491.0,7659142454.5,19894859432.5,253.4167027476276,20.30739432938537,50.13606691521886,0.3551462828779251,4.431883211612601,1.795114885102413,0.0549938095343206,0.7183364623301335,2007-01-25,0.15,bmo,320266813.0,2025-04-24,2006-12-31,0.0666666666666667,10.03015873015873,10378708.333333334
2006-09-30,TSM,TWD,1046179,2006-09-30,2006-09-29 20:00:00,2006,Q3,82450680130.0,41341188070.0,41109492060.0,0.4985949418,4302925900,0.0,0.0,3177545280.0,0.0,7480471180.0,48821659250.0,0.0,0.0,13054764071.0,46683784951.0,0.5662025453,33629020880.0,0.407868326,1026082330.0,34655103210.0,0.4203131273,2151462950.0,32470540830.0,0.3938177439,6.1,6.1,5332188581,5332188581,,,3.092564296161377,1.217906693911807,1.919619703825325,0.881034420639145,4.51977961504884,18.0393099200105,17.980530092995973,18.03930991997299,0.7311164648773325,1567930052243.05,1509667442575.05,12.07194284545468,19.0165811824826,30.63627648893491,66.75108102738639,3.2601025350136044,3.2601025350136044,18.30994529329239,32.33815433259363,29.49786510623182,64.27068199858279,0.0207091769071893,0.0149810307879466,0.0405290705753575,0.0353835206525344,-1.248026691262358,4.175185547666909,0.0,1.583376428483817,0.0,0.0,0.0,0.0521878763548775,0.0028447413278673,0.5410369986834029,0.3358330445903139,1.6735103242583256,0.0,22.233520118604865,0.06177373944836,0.0591106468759319,3.265057935804465,135868658628.0,479377886211.0,108719347662.0,370310233246.0,37625701652.5,7665882048.0,19225683090.5,39.74318346014109,14.453178541658684,39.97383506666116,2.2645392785472773,6.22700395906625,2.251472740854467,0.0675140401331732,1.0385852831711766,2006-10-26,0.19,bmo,2443887586.0,2025-04-24,2006-09-30,0.0,8.88190476190476,9443910.777777778
2006-06-30,TSM,TWD,1046179,2006-06-30,2006-06-29 20:00:00,2006,Q2,82275250080.0,39695761943.0,42579488137.0,0.5175248704,4103887662,0.0,0.0,3084984259.0,2.384185791015625e-06,7188871921.0,46884633864.0,0.0,0.0,17988664708.0,53379280924.0,0.648789045,35390616216.0,0.430148996,950325860.0,36340942076.0,0.4416995639,2284750807.0,34066664340.0,0.4140572567,6.3,6.3,5327354966,5331971011,,,3.0887842317657945,1.2789335254518874,1.7706419632259962,0.9782594982802578,7.884634618394602,16.832191845426955,16.608246708109444,16.807108607224727,0.7805748893286718,1532413655969.9,1411483336525.9,11.245697851980392,18.625451207743083,32.4910406478699,58.80852687976504,3.4229564016305623,3.4229564016305623,17.155624992369518,26.442531860545905,29.92701238480405,54.167655980516976,0.0222307235434014,0.0170043368378282,0.0464431394816555,0.034951649779956,-2.2654917292006496,2.5357080718864387,0.0,1.3832588580011318,0.0415466713019294,1.8688852488681724,0.0,0.0498799779764826,0.0100275477938799,0.4475114005969978,0.2565353891573367,1.296062605983716,0.0,21.99184917038675,0.0681190126976037,0.0578466170773585,3.8545917084380745,169713691992.0,442390127885.0,133701824846.0,427289158468.0,37671117772.5,8030568019.0,18503826760.0,42.48876529978211,19.70858242911143,45.54786290577387,2.118206998132316,4.566538477524468,1.9759434199181969,0.0760947974657653,0.7923824649190835,2006-07-27,0.19,bmo,2313156254.0,2025-04-24,2006-06-30,0.0526315789473684,9.448095238095238,9608409.253968254
2006-03-31,TSM,TWD,1046179,2006-03-31,2006-03-30 19:00:00,2006,Q1,76408064240.0,39390290880.0,37017773360.0,0.4844746916,3770027840,0.0,0.0,2925021600.0,0.0,6695049440.0,46085340320.0,0.0,0.0,17745131040.0,48067854960.0,0.6290940026,30322723920.0,0.3968524032,1982514640.0,32305238560.0,0.422798809,1820013440.0,32012736400.0,0.4189706508,6.15,6.15,5212999671,5212999671,,,2.931443278811594,1.228188698268575,1.8337343552845968,1.4068857896921974,6.833079568786338,18.35467161229368,18.294462934486532,18.35467161225532,0.7488833829239656,1600390898997.0,1509809935097.0,12.498079506544464,20.945314017773367,33.4835849167862,43.64249070525709,3.3451974133388225,3.3451974133388225,19.75982443887915,31.40997109925955,31.58843830073707,41.172357391229546,0.0200030732617031,0.0229134493435211,0.0408006963428286,0.0358638078168132,-1.8844394861259688,6.279240896309282,0.0,1.46436334560967,0.0,0.0,0.0,0.049340706082518,0.0028833761023632,0.2327755731529934,0.1456103785623139,0.6964608323746139,0.0,22.52148985477133,0.0562845051710156,0.0589876839104906,5.68124368352756,202645171446.0,476845146293.0,175173563580.0,416951071500.0,37498679991.5,8408996408.5,17349738468.5,42.99320289153814,16.835495048773804,38.65499999780656,2.093354157098951,5.345848146387299,2.3282887079318835,0.0669142289338764,0.4268485655617069,2006-04-27,0.17,bmo,2080052130.0,2025-04-25,2006-03-31,0.1176470588235293,9.611451612903226,9803668.14516129
2005-12-31,TSM,TWD,1046179,2005-12-31,2005-12-30 19:00:00,2005,Q4,83533993570.0,40521862445.0,43012131124.0,0.5149057202,4063744725,0.0,0.0,6626142949.0,-300.10999584198,10689887374.0,51211749820.0,0.0,0.0,24355962393.0,56678239028.0,0.6785050805,32322243750.0,0.3869352149,3677017254.0,35999261004.0,0.4309534294,1891951684.0,34049431719.0,0.4076116831,6.6,6.6,5159719264,5159719264,,,3.237927851864002,1.3198172216045732,2.156573907959302,1.3949402575174723,5.59385419728961,17.348775577310263,17.115097094196084,17.325122582690568,0.8199058962739795,1542240088129.16,1466620076964.16,11.32353765003199,18.46242496280021,27.71989393888566,42.854881904683445,3.4504806366984013,3.4504806366984013,17.557164625861667,25.87624637102125,26.360716009790355,40.75359646083398,0.0220779060154662,0.0233345643612825,0.0473246808131183,0.0405946515891436,-1.334198317764291,6.043335352824378,0.0,1.6339943688092189,3.0637503851503344e-05,0.0013876997134619,0.0,0.0486477965595485,0.0115697382455825,0.3531683507804072,0.2352225513522758,0.8067461582970429,0.0,22.68225938698611,0.062989827972947,0.0661108234205689,4.209022413310584,177663086945.0,441545480945.0,139400205585.0,429247609035.0,38740498968.0,8077692476.0,16442210763.5,41.476946593563895,20.987789186746497,39.49278571837864,2.169880075356501,4.288207738280208,2.278897230541956,0.0761793872052135,0.7616336504100442,2006-01-26,0.19,bmo,2411207845.0,2025-04-25,2005-12-31,0.0526315789473684,8.537142857142857,9541211.57142857
2005-09-30,TSM,TWD,1046179,2005-09-30,2005-09-29 20:00:00,2005,Q3,69409312373.0,38817087758.0,30592224615.0,0.4407510112,3347879822,0.0,0.0,2259872805.0,1.9073486328125e-06,5607752628.0,44424840386.0,0.0,0.0,17252277415.0,42236749402.0,0.6085170413,24984471987.0,0.3599585003,-510519732.2400017,24473952254.0,0.3526032951,-67233032.86,24541185287.0,0.3535719408,4.55,4.55,5389379451,5389379451,,,2.575781237855484,0.910723971407318,1.416505012356644,1.072337482731658,3.990228208780824,15.289759991383486,15.228213304721104,15.289759991346376,1.115739202671648,1373752822161.86,1345223151688.86,13.994360970103251,19.792053475179586,35.989989131901766,47.54100348160379,3.3342577011577297,3.3342577011577297,19.38101827690988,31.84959000715999,35.242560254089405,46.55368673771426,0.0178643383955927,0.0210344739649207,0.0729729703607596,0.0620981739230169,-0.6754703161803701,3.847045312845633,0.0,1.5504916338904664,0.0,0.0,0.0,0.0482338710403694,0.0034254750963257,0.2429695105891559,0.1336167546145818,0.5375665389687335,0.0,17.700477286690127,0.055465383521259,0.0508619636647708,2.6779040096538265,122417481462.0,410353099330.0,93263001738.0,343464826575.0,35333031562.0,6193365491.0,14608341143.0,50.54876217956622,15.547800571556726,35.017482904802925,1.7804590284582975,5.788600103647248,2.5701447543979747,0.0595643078715928,0.34416752959938,2005-10-27,0.14,bmo,1953192770.0,2025-04-25,2005-09-30,0.0,8.19296875,10018715.125
2005-06-30,TSM,TWD,1046179,2005-06-30,2005-06-29 20:00:00,2005,Q2,58417880447.0,35451804222.0,22966076224.0,0.3931343631,3486550674,0.0,0.0,3288386115.0,0.0,6774936790.0,42226741013.0,0.0,0.0,17664893957.0,33856033392.0,0.5795491574,16191139434.0,0.2771606794,912784821.0,17103924255.0,0.2927857725,-501898740.2,17593671097.0,0.3011692818,3.35,3.35,5420197607,5420197607,,,2.155562755396378,0.6491892868621615,1.020748477739347,0.5420602968033404,4.723295784354359,14.176602742101716,14.11232604327355,14.176602742101716,1.1069707244268026,1443669632730.99,1395072258730.99,20.51404770459132,24.712804053902104,52.18719514329049,98.2732000741356,3.757599826212143,3.757599826212143,23.88091194093696,41.20601615015651,50.4304492902993,94.96508902857374,0.0121867709191319,0.0101757142257056,0.0780843439408313,0.060068219248604,-1.435412513844085,2.0966102715442942,0.0,1.508155907793783,0.0341948563919654,2.805899661105715,0.0,0.0596829369248204,0.0034878852282078,0.4689580159659206,0.2220710947628401,0.7343900674506608,0.0,14.390073628934164,0.0393807664229056,0.0353506483428485,1.6085081574234563,95102659369.0,382457979273.0,66594652698.0,321907725381.0,28398004005.0,5516805171.5,13781874109.0,48.810241575898026,14.42198670477584,35.82962071001589,1.8438753239943195,6.240471707701444,2.511888158917664,0.0457930082878175,0.4786881809208778,2005-07-26,0.11,bmo,1775763362.0,2025-04-25,2005-06-30,0.0,8.21828125,6443760.71875
2005-03-31,TSM,TWD,1046179,2005-03-31,2005-03-30 19:00:00,2005,Q1,55740845098.0,34057918024.0,21682927073.0,0.3889953056,3353826453,0.0,0.0,2227212386.0,0.0,5581038839.0,39638956864.0,0.0,0.0,16723903923.0,32825792157.0,0.5889001521,21682927073.0,0.3889953056,-5391967991.699999,16290959082.0,0.2922625061,-553921207.22,16844880289.0,0.3021999444,3.3,3.3,5097031307,5097031307,,,2.187188649089678,0.6609682881305505,1.4130848849100008,-0.0866695556181193,4.396022132622461,16.323523476343166,16.251640973665957,16.323523476343166,1.1790094832800673,1195508693150.67,1165242113349.67,17.74290871528719,21.44762410847562,33.19687338031904,-541.2511886722182,2.873766810700167,2.873766810700167,20.904636650216112,35.49776065651429,32.35643129648846,-527.5483838426181,0.0140901361784385,-0.001847571000173,0.0722276342475167,0.0624123879562689,-0.9220365393237204,4.215909817166732,0.0,2.137901182682605,0.0,0.0,0.0,0.0601682024573455,0.0038051930098782,1.0613335805538953,0.6856996268485244,2.285439862600196,0.0,15.580755944093063,0.0493840207892914,0.0351228582565284,2.8318689335092317,122045437225.0,414175614197.0,94572778417.0,354093037226.0,26423821188.5,6321338254.0,14522217347.0,40.54925719113466,14.144713173028572,35.54276688337125,2.2195227788211325,6.362801344859636,2.532160771144316,0.0404917657078422,1.49975444052812,2005-04-26,0.1,bmo,1694387912.0,2025-04-25,2005-03-31,0.0,7.781475409836066,7114608.622950819
2004-12-31,TSM,TWD,1046179,2004-12-31,2004-12-30 19:00:00,2004,Q4,65831490091.0,32692054311.0,33139435780.0,0.5033979291,3618770985,0.0,0.0,6582594626.0,-2.86102294921875e-06,10201365612.0,42893419923.0,0.0,0.0,23571262013.0,46509332181.0,0.7064906493,22938070167.0,0.348436138,-396968552.34000015,22541101615.0,0.3424060671,97628947.0,22443506623.0,0.34092357,4.4,4.4,5096609626,5096609626,,,2.583344416066917,0.8807230009732748,1.8303393058811448,1.8303393058811448,5.047325229848789,15.68427085963362,15.404416700758317,15.681783267110283,1.269915983163039,1172220213980.0,1130159993540.0,13.057453918305198,17.80637522194348,25.131952229947395,25.131952229947395,2.933339864253622,2.933339864253622,17.1674679090168,24.299639245340384,24.2301972198626,24.2301972198626,0.0191461521950711,0.0397899849104596,0.0809803299492385,0.0646898561743648,-0.9043393759410384,2.885643564356436,0.0,2.078223577513545,0.0001299601562941,0.0067877950081062,0.0,0.0549702122798331,0.0142558448964075,0.0,0.0,0.0,0.0,17.62822771697404,0.0510783086472906,0.0455130902449415,2.222974868666153,120728997480.0,392551492200.0,84183832320.0,387194915520.0,32045452753.5,7317622683.5,14100662036.5,37.91556208965776,20.069139667960226,42.93050746363664,2.373695523415419,4.484497167742687,2.096411277603288,0.0561621714808693,0.0,2005-01-27,0.12,bmo,1667599419.0,2025-04-25,2004-12-31,0.1666666666666668,7.169375,6830022.75
2004-09-30,TSM,TWD,1046179,2004-09-30,2004-09-29 20:00:00,2004,Q3,67954402516.0,36560444241.0,31393958274.0,0.461985642,3038336396,0.0,0.0,2818132644.0,-5.245208740234375e-06,5856469041.0,42416913283.0,0.0,0.0,15242162534.0,40779651767.0,0.6001031612,25537489232.0,0.3758033076,1979321035.0,27516810268.0,0.4049305012,204210542.0,27312599726.0,0.4019253899,5.35,5.35,5096609626,5096609626,,,2.666651264375256,1.0717948491352631,1.4857560085375865,0.8457027108789595,4.87410445529775,14.857677412784447,14.77920052242981,14.857677412784447,1.3711303201152805,1005051418247.2,961835014241.2,9.199521725594376,14.790085425452142,26.545408380222785,46.6357734138147,2.6545198757689694,2.6545198757689694,14.15412362745348,23.58615075324265,25.403977133785,44.63047260194322,0.0271753257894336,0.0214427665030162,0.0922842973381207,0.0756744179137601,-1.0597541208277772,4.017013590166611,0.0,1.364716670871136,0.0120776822297209,0.4444356002685704,0.0,0.0447113988719806,0.004331238912994,0.4307930063722393,0.2400213729497461,1.0700915275956997,0.0,18.928776973844705,0.0599871342693046,0.0594110377767986,2.930373324133026,133223032330.0,376619078236.0,94276713541.0,342027089154.0,33624930318.5,7332951521.0,12175969505.0,48.15204643819166,18.081582233310368,31.03443375826348,1.869079440175501,4.97744051591899,2.9000045788183866,0.0721374424385486,0.6400532976535253,2004-10-26,0.14,bmo,1770557782.0,2025-04-25,2004-09-30,0.1428571428571427,6.6484375,7016245.640625
2004-06-30,TSM,TWD,1046179,2004-06-30,2004-06-29 20:00:00,2004,Q2,61294058848.0,35817147782.0,25476911066.0,0.4156505793,2917479392,0.0,0.0,2689042386.0,-33613.450001716614,5606488165.0,41423635947.0,0.0,0.0,16081368481.0,35951757768.0,0.586545555,19870422900.0,0.3241818746,942487524.0,20812910424.0,0.3395583653,-321949624.1,21134860048.0,0.3448109074,4.15,4.15,5096609626,5096609626,,,2.405287567457104,0.8293693886297266,1.4225409174785402,0.5225166911773204,4.848272304463917,13.799912980582672,13.71774663155259,13.79991298054343,1.37577059742421,1123547592051.7002,1076325938500.7002,13.290218027230583,18.33044854865833,30.993836070564296,84.38007961172997,3.194947682797908,3.194947682797908,17.560036955128485,29.93806159482745,29.69119415357345,80.83366385309287,0.0188108275942328,0.0118511383800707,0.0996941501996365,0.0795767706022199,-1.313472733537138,3.5438709682314284,0.0,1.5411537868587333,0.0109321841687457,0.581164444465878,0.0,0.0475980779676364,0.0047526329754616,0.6326877597833416,0.3741857058826244,1.4262070235843385,0.0,16.04735402849568,0.0508967865286343,0.0482011335289387,2.4992488739611387,124978302899.0,349569997647.0,85205221800.0,327690566065.0,30998250025.0,7498886982.5,11374925898.5,45.3607407301062,18.39511618178352,29.512172001066457,1.984094583805296,4.892602966494226,3.049589166014204,0.0600996100337052,0.900024226279637,2004-07-29,0.12,bmo,1552660236.0,2025-04-25,2004-06-30,0.1666666666666668,7.76016129032258,8547335.564516129
2004-03-31,TSM,TWD,1046179,2004-03-31,2004-03-30 19:00:00,2004,Q1,57429984990.0,34728172220.0,22701812770.0,0.3952954676,2866556910,0.0,0.0,2339374030.0,0.0,5205930940.0,39934103160.0,0.0,0.0,15057661010.0,32553542840.0,0.5668387837,17495881830.0,0.3046471601,922570040.0,18418451870.0,0.3207114171,-362438230.0,18747941170.0,0.3264486517,4.1,4.1,4557527557,4557527557,,,2.5202254628938734,0.8227242044673632,1.432899273509942,0.7171725929979124,5.534952995959695,15.18497292674209,15.089542702673818,15.18497292674209,1.534113147521744,1091527849997.3,1020160467617.3,14.55530290099182,19.006236031358224,33.428727954245595,66.79005927955117,3.154434336569928,3.154434336569928,17.763551005540666,31.337924496616782,31.243056914891405,62.423123795680205,0.0171758706569386,0.0149722879540274,0.1010283755475147,0.0831700243003841,-2.1923076923076925,4.613518197573657,0.0,1.741652021089631,0.0,0.0,0.0,0.0499139414802065,0.0051736301638316,0.4994954591321897,0.2839931153184165,1.0831509846827134,0.0,16.765843472601595,0.0460611668311509,0.0448349223859427,3.539593765441309,137397038100.0,343855033480.0,101120266170.0,335189464890.0,28726768640.0,7047379115.0,11563592320.0,48.743545611015485,19.895635673624287,28.519924098671726,1.8463983050847457,4.523605150214593,3.155688622754491,0.0541801561607312,0.7157266805120295,2004-04-21,0.1,bmo,1627995350.0,2025-04-25,2004-03-31,0.0999999999999999,8.571774193548388,8784082.112903226
2003-12-31,TSM,TWD,1046179,2003-12-31,2003-12-30 19:00:00,2003,Q4,62007774780.0,36242255040.0,25765519740.0,0.4155207929,4267789140,0.0,0.0,5503312410.0,-67682670.0,9703418880.0,45945673920.0,0.0,0.0,23872064790.0,39900209790.0,0.6434710797,16062100860.0,0.2590336602,-1544963400.0,14517137460.0,0.2341180201,1746408060.0,16675653300.0,0.2689284265,3.45,3.45,4865869990,4865869990,,,2.548681937546189,0.6854130230166033,1.6651275848551592,1.6651275848551592,4.784373125467025,13.512923162418826,13.155630420260264,13.508736138096657,1.8143772062739592,1233498042667.8,1174822316587.8,18.492499521260136,19.892635190412488,30.448117286105816,30.448117286105816,3.753126827092168,3.753126827092168,18.94637117290536,29.444013522010103,28.999744181542724,28.999744181542724,0.0135189945368166,0.0328427531529617,0.1343113958053517,0.1085323092335949,-1.4705618438804704,5.344978165938865,0.0,2.429378387832038,2.4139884272211422e-06,0.0001785627193388,0.0,0.0688266778664751,0.0213725162798463,0.0,0.0,0.0,0.0,14.4336042849593,0.0370843580536858,0.0418954062336169,2.641314509902668,135144322800.0,320067936360.0,88285236000.0,355348074900.0,25636929975.0,16783869795.0,11963312760.0,38.24483737424645,15.93689956550783,30.1030325126259,2.353258797241083,5.647271580652152,2.9897320132864333,0.0507385010714389,0.0,2004-01-29,0.09,bmo,1736063363.0,2025-04-25,2003-12-31,0.1111111111111112,8.6584375,9875033.546875
2003-09-30,TSM,TWD,1046179,2003-09-30,2003-09-29 20:00:00,2003,Q3,53996622810.0,32883639750.0,21112983060.0,0.3910056215,3035412900,0.0,0.0,1854974550.0,0.0,4890387450.0,37774027200.0,0.0,0.0,10558118590.0,26780714200.0,0.4959701701,16222595610.0,0.3004372267,236087670.0,16458683280.0,0.3048094941,1517706450.0,14940976830.0,0.2767020612,3.05,3.05,4865869990,4865869990,,,2.2194026109243574,0.6141132771014931,1.2039450451977334,0.8936963014264676,3.8732110524188976,12.843700930802108,12.843700930802108,12.843700930802108,1.4361655870815957,1291645189057.86,1243989206527.86,21.612462219745307,23.92085137625777,44.09669711401206,59.40496778968509,4.1335437726269495,4.1335437726269495,23.038277984627538,46.45093470016047,42.46972443986081,57.21318777829868,0.011567400209107,0.0168336089927758,0.1118186724230976,0.0915679688881032,-1.7794888580678705,4.971428571428572,0.0,2.034242647814959,8.8093155120251e-06,0.0007615639947418,0.0,0.0562148657089319,0.0,0.2576934429098556,0.1397893028710326,0.7149143283112148,0.0,13.321728999883744,0.0415496709299913,0.0391550291674032,2.0436941281419325,107824611570.0,312478894650.0,65868459930.0,299831340900.0,25247524855.0,16360508465.0,12217071350.0,41.54278575890069,74.3076923076923,32.30769230769231,2.1664411366711773,1.2111801242236024,2.7857142857142856,0.0478143550998381,0.3102487437712656,2003-10-28,0.08,bmo,1488149624.0,2025-04-25,2003-09-30,0.1249999999999999,8.58875,10284831.984375
2003-06-30,TSM,TWD,1046179,2003-06-30,2003-06-29 20:00:00,2003,Q2,44844295680.0,30380626240.0,14463669440.0,0.3225308642,2802768480,0.0,0.0,2629758080.0,-34602080.0,5397924480.0,35778550720.0,0.0,0.0,19254858760.0,28320603720.0,0.6315319104,9065744960.0,0.2021604938,-657439520.0,8408305440.0,0.1875,346020800.0,8027682560.0,0.1790123457,1.45,1.45,5468657293,5468657293,,,1.640047758371748,0.2935887962517327,0.9478231905072024,0.6844869529937119,2.7840316885940166,10.912138750339183,10.565400258214291,10.908342343491102,1.640047758371748,1152246091803.66,1125014254843.66,35.88352190036211,25.694373706432128,44.45976889154811,61.56435826233656,3.8630984134032538,3.8630984134032538,25.08712062001237,39.72423278707068,43.40902010936849,60.1093647686093,0.006966986147407,0.0162431645228692,0.1503480278422273,0.1176150285869861,-0.9615556655936994,3.886033519553072,0.0,2.2057264218645707,0.0,0.0,0.0,0.0625,0.0248661403031128,0.2778326592458381,0.1605662006909682,0.3739564267777573,0.0,8.488684214815953,0.0247749612421977,0.0215914378780828,0.6843023343669157,89377172640.0,288892765920.0,37439450560.0,320553669120.0,21587551330.0,12959077900.0,11401684830.0,51.31944444444444,16.503416856492027,37.41457858769932,1.753721244925575,5.453416149068323,2.405479452054794,0.0269141531322505,0.2633362375134906,2003-07-24,0.05,bmo,1129975799.0,2025-04-25,2003-06-30,0.1999999999999999,6.612380952380952,9439600.777777778
2003-03-31,TSM,TWD,1046179,2003-03-31,2003-03-30 19:00:00,2003,Q1,39305553040.0,28923609260.0,10381943780.0,0.2641342756,2499999840,0.0,0.0,1666666560.0,34722220.0,4201388620.0,33124997880.0,0.0,0.0,15347221240.0,21527776400.0,0.5477031802,6180555160.0,0.1572438163,-2013888760.0,4166666400.0,0.1060070671,-173611100.0,4340277500.0,0.1104240283,1.55,1.55,5037683465,5037683465,,,1.5604614028189303,0.1723124340568607,0.7981511945513788,0.4383628322406536,2.675667476034933,11.896450447285662,11.896450447285662,11.896450447285662,1.3881489687620698,787641809877.83,755211256397.83,45.36817115252597,20.03894485535599,39.178040718934334,71.33360244107855,2.62851513050556,2.62851513050556,19.213856516133376,35.080783187520936,37.56491463948701,68.39649552283956,0.005510471188259,0.014018638702931,0.116685979142526,0.0963267648746891,-1.5064516129032255,5.0580204778157,0.0,4.632,0.0,0.0,0.0,0.0636042402826855,0.0,0.4507772020725388,0.2305653710247349,0.5904977375565611,0.0,6.791383695329987,0.0187896905823537,0.0119571455902047,0.8874090353928327,82569439160.0,299652758600.0,39583330800.0,287986092680.0,17184691780.0,12747523600.0,10697292396.5,40.30918727915194,63.31332533013205,31.656662665066023,2.232741617357002,1.4215017064846416,2.843003412969283,0.0144843568945538,0.3597883623107251,2003-04-29,0.01244,bmo,1361816351.0,2025-04-25,2003-03-31,0.6077170418006431,5.451311475409836,7093599.819672131
2002-12-31,TSM,TWD,1046179,2002-12-31,2002-12-30 19:00:00,2002,Q4,40141089878.0,0.0,0.0,0.0,0,0.0,0.0,0.0,40141089878.0,40141089878.0,40141089878.0,0.0,0.0,0.0,-90798428075.71,-2.2619821323,-90798428075.71,-2.2619821323,90798428075.0,0.0,0.0,0.0,5344233392.0,0.1331362304,1.0,1.0,5263082078,5263082078,,,1.5253833886703536,0.2030837943391781,,,2.587016563218643,11.26577091574168,10.879060148042855,11.262136080617504,1.780806171628106,828672273244.08,807626811585.08,38.7647868487814,20.643990379001835,0.0,0.0,2.796094788287569,2.796094788287569,20.119703128133384,-8.894722394441239,0.0,0.0,0.0064491519320158,,0.1581233043963063,0.1197854195109572,0.2317822247038436,2.540450955769597,0.0,0.0,,,0.0,0.0,0.0260119895563131,0.0,,0.0,,7.173635052841703,,0.0140251968095768,-0.3228308538590242,62283515379.0,286286932475.0,7957287255.0,319386968498.0,,,,37.58915431508902,0.0,0.0,2.3943076570858697,0.0,0.0,0.0180324401059841,,2003-01-28,0.2513,bmo,1706848113.0,2025-04-25,2002-12-31,-0.1918026263430163,5.72328125,8929698.203125
2002-09-30,TSM,TWD,1046179,2002-09-30,2002-09-29 20:00:00,2002,Q3,40814131493.0,0.0,0.0,0.0,0,0.0,0.0,0.0,40814131493.0,40814131493.0,40814131493.0,0.0,0.0,0.0,40814131493.0,1.0,40814131493.0,1.0,-40814131493.25,0.0,0.0,0.0,5434554357.0,0.1331537425,1.05,1.05,5263082078,5263082078,,,1.5509593384645703,0.2065160404510403,,,,,,,,799462167708.96,,36.7768042783126,19.587876513948977,0.0,0.0,0.0,0.0,,,0.0,0.0,0.0067977630168216,,0.0,0.0,,0.0,0.0,0.0,,,0.0,0.0,0.0,0.0,,0.0,,,0.0,0.0,,,,,,,,,,0.0,0.0,0.0,0.0,0.0,0.0,,2002-10-22,0.602,bmo,2024711108.0,2025-04-25,2002-09-30,-0.6569767441860465,6.895625,7941204.421875
2002-06-30,TSM,TWD,1046179,2002-06-30,2002-06-29 20:00:00,2002,Q2,39042569038.0,0.0,0.0,0.0,0,0.0,0.0,0.0,39042569038.0,39042569038.0,39042569038.0,0.0,0.0,0.0,39042569038.0,1.0,39042569038.0,1.0,-39042569038.5,0.0,0.0,0.0,5198664186.0,0.1331537425,1.0,1.0,5263082078,5263082078,,,1.4836389954180274,0.1975520848263273,,,,,,,,1303402276715.76,,62.67967260829339,33.38413195727881,0.0,0.0,0.0,0.0,,,0.0,0.0,0.0039885339153306,,0.0,0.0,,0.0,0.0,0.0,,,0.0,0.0,0.0,0.0,,0.0,,,0.0,0.0,,,,,,,,,,0.0,0.0,0.0,0.0,0.0,0.0,,2002-07-25,0.06,bmo,1434686873.0,2025-04-25,2002-06-30,-0.1666666666666666,11.554375,7489211.578125
2002-03-31,TSM,TWD,1046179,2002-03-31,2002-03-30 19:00:00,2002,Q1,40914097087.0,0.0,0.0,0.0,0,0.0,0.0,0.0,40914097087.0,40914097087.0,40914097087.0,0.0,0.0,0.0,40914097087.0,1.0,40914097087.0,1.0,-40914097087.5,0.0,0.0,0.0,5447865150.0,0.1331537425,0.95,0.95,5790165408,5790165408,,,1.413227229268139,0.1881764946441222,,,,,,,,1858064079619.74,,85.26569713366254,45.41378673635986,0.0,0.0,0.0,0.0,,,0.0,0.0,0.0029320114466207,,0.0,0.0,,0.0,0.0,0.0,,,0.0,0.0,0.0,0.0,,0.0,,,0.0,0.0,,,,,,,,,,0.0,0.0,0.0,0.0,0.0,0.0,,2002-05-09,0.03619,bmo,1288679498.0,2025-04-25,2002-03-31,0.1052777010223819,12.239333333333333,7942438.05
2001-12-31,TSM,TWD,1046179,2001-12-31,2001-12-30 19:00:00,2001,Q4,38527494631.0,0.0,0.0,0.0,0,0.0,0.0,0.0,38527494631.0,38527494631.0,38527494631.0,0.0,0.0,0.0,-83717488007.12,-2.1729284193,-83717488007.12,-2.1729284193,83717488007.0,0.0,0.0,0.0,3935725345.0,0.1021536797,0.75,0.75,5008717936,5189852950,,,1.5384174201333882,0.1571550003341427,,,1.7178344240403838,11.472693117593913,11.472693117593913,11.06830583609031,1.7707812751022385,1472563073360.4,1476387129855.4,93.53822639270068,38.221096063057935,0.0,0.0,5.312466141681001,5.312466141681001,38.32035132301255,-17.635349136727996,0.0,0.0,0.0026727040873153,,0.1599866593248869,0.1134945287863983,-0.0456781084338647,1.962332051150994,0.0,0.0,,,0.0,0.0,0.0,0.0,,0.0,,6.2559884243663895,,0.0100725216378403,-1.569056048599293,37615075346.0,287317418996.0,-26718919932.0,303229903804.0,,,,48.67575307949175,0.0,0.0,1.8489698526702227,0.0,0.0,0.0141986499705952,,2002-01-28,0.03,bmo,1213508203.0,2025-04-25,2001-12-31,0.0,9.75640625,7549794.75
2001-09-30,TSM,TWD,1046179,2001-09-30,2001-09-29 20:00:00,2001,Q3,30042001700.0,0.0,0.0,0.0,0,0.0,0.0,0.0,30042001700.0,30042001700.0,30042001700.0,0.0,0.0,0.0,30042001700.0,1.0,30042001700.0,1.0,-30042001700.48,0.0,0.0,0.0,3456241631.0,0.1150469821,0.65,0.65,5189852950,5189852950,,,1.1577207286911324,0.1331922759186165,,,,,,,,845946030980.4,,61.18973449316108,28.158777149007356,0.0,0.0,0.0,0.0,,,0.0,0.0,0.0040856526355403,,0.0,0.0,,0.0,0.0,0.0,,,0.0,0.0,0.0,0.0,,0.0,,,0.0,0.0,,,,,,,,,,0.0,0.0,0.0,0.0,0.0,0.0,,2001-09-29,,bmo,,2025-04-25,2001-09-30,,9.112033898305086,7607381.457627119
2001-06-30,TSM,TWD,1046179,2001-06-30,2001-06-29 20:00:00,2001,Q2,29885986813.0,0.0,0.0,0.0,0,0.0,0.0,0.0,29885986813.0,29885986813.0,29885986813.0,0.0,0.0,0.0,29885986813.0,1.0,29885986813.0,1.0,-29885986813.76,0.0,0.0,0.0,3438292590.0,0.1150469821,0.65,0.65,5189852950,5189852950,,,1.1517084239696296,0.1325005784400884,,,,,,,,1116077877069.54,,81.15058912638526,37.34452149942264,0.0,0.0,0.0,0.0,,,0.0,0.0,0.0030806923608483,,0.0,0.0,,0.0,0.0,0.0,,,0.0,0.0,0.0,0.0,,0.0,,,0.0,0.0,,,,,,,,,,0.0,0.0,0.0,0.0,0.0,0.0,,2001-10-26,0.1104,bmo,946238935.0,2025-04-25,2001-06-30,0.2001811594202899,9.885873015873017,6400082.047619048
2001-03-31,TSM,TWD,1046179,2001-03-31,2001-03-30 19:00:00,2001,Q1,31523675765.0,0.0,0.0,0.0,0,0.0,0.0,0.0,31523675765.0,31523675765.0,31523675765.0,0.0,0.0,0.0,31523675765.0,1.0,31523675765.0,1.0,-31523675765.12,0.0,0.0,0.0,3626666391.0,0.1150457966,0.7,0.3,5198745318,5198745318,,,1.2127416842152474,0.139520833163479,,,,,,,,1104213505585.68,,76.11766471861844,35.02806949980314,0.0,0.0,0.0,0.0,,,0.0,0.0,0.0032843887279538,,0.0,0.0,,0.0,0.0,0.0,,,0.0,0.0,0.0,0.0,,0.0,,,0.0,0.0,,,,,,,,,,0.0,0.0,0.0,0.0,0.0,0.0,,2001-03-30,,bmo,,2025-04-25,2001-03-31,,10.085645161290325,3761135.2258064514
2000-12-31,TSM,TWD,1046179,2000-12-31,2000-12-30 19:00:00,2000,Q4,41549398240.0,0.0,0.0,0.0,0,0.0,0.0,0.0,41549398240.0,41549398240.0,41549398240.0,0.0,0.0,0.0,-63353473742.3,-1.5247747603,-63353473742.3,-1.5247747603,63353473742.0,0.0,0.0,0.0,16276535122.0,0.3917393708,3.45,3.45,4750246381,4750246381,,,1.7493576080260402,0.6852922486025818,,,1.734300973348304,11.034181698621383,11.034181698621383,11.020636218949733,2.3673541765508936,945774054616.38,963161404149.38,14.526649061476771,22.762641450385058,0.0,0.0,3.613221524500593,3.613221524500593,23.18111561052972,-15.202976999606795,0.0,0.0,0.0172097500904716,,0.2148110262890523,0.1516034139469329,-0.2744498210741485,1.965088131489955,0.0,0.0,,,0.0,0.0,0.0,0.0,,0.0,,13.03564432427834,,0.0438855518403619,-1.693502814227016,45769300791.0,262075408450.0,-15616256966.0,290517161026.0,,,,60.6597301460701,0.0,0.0,1.4836861255939948,0.0,0.0,0.0621826394581682,,2000-12-31,,,,,,,9.649047619047618,4518641.380952381
2000-09-30,TSM,TWD,1046179,2000-09-30,2000-09-29 20:00:00,2000,Q3,41549401230.0,0.0,0.0,0.0,0,0.0,0.0,0.0,41549401230.0,41549401230.0,41549401230.0,0.0,0.0,0.0,41549401230.0,1.0,41549401230.0,1.0,-41549401230.96,0.0,0.0,0.0,16276550487.0,0.3917397124,3.45,3.45,4750246381,4750246381,,,1.7493577339142472,0.6852928955163948,,,,,,,,1185661496897.28,,18.21119127551415,28.536187328764544,0.0,0.0,0.0,0.0,,,0.0,0.0,0.0137278224262098,,0.0,0.0,,0.0,0.0,0.0,,,0.0,0.0,0.0,0.0,,0.0,,,0.0,0.0,,,,,,,,,,0.0,0.0,0.0,0.0,0.0,0.0,,2000-10-19,0.12,bmo,1199632317.0,2025-04-25,2000-09-30,0.0833333333333334,15.128571428571428,3540453.333333333
2000-06-30,TSM,TWD,1046179,2000-06-30,2000-06-29 20:00:00,2000,Q2,41577434232.0,0.0,0.0,0.0,0,0.0,0.0,0.0,41577434232.0,41577434232.0,41577434232.0,0.0,0.0,0.0,41577434232.0,1.0,41577434232.0,1.0,-41577434232.88,0.0,0.0,0.0,16287529940.0,0.3917396598,3.45,3.45,4751788551,4751788551,,,1.7499698811934794,0.6855326058600315,,,,,,,,1665026708340.48,,25.55677126111364,40.046403514216735,0.0,0.0,0.0,0.0,,,0.0,0.0,0.0097821433484593,,0.0,0.0,,0.0,0.0,0.0,,,0.0,0.0,0.0,0.0,,0.0,,,0.0,0.0,,,,,,,,,,0.0,0.0,0.0,0.0,0.0,0.0,,2000-07-31,0.08,bmo,982179571.0,2025-04-25,2000-06-30,0.25,17.98190476190476,3598332.206349206
2000-03-31,TSM,TWD,1046179,2000-03-31,2000-03-30 19:00:00,2000,Q1,41486148748.0,0.0,0.0,0.0,0,0.0,0.0,0.0,41486148748.0,41486148748.0,41486148748.0,0.0,0.0,0.0,41486148748.0,1.0,41486148748.0,1.0,-41486148748.0,0.0,0.0,0.0,16251780659.0,0.3917399216,3.9,3.9,4160190230,4160190230,,,1.9944351794712163,0.781299880889091,,,,,,,,1599177124719.52,,24.60002934869046,38.54725427596155,0.0,0.0,0.0,0.0,,,0.0,0.0,0.0101625895016791,,0.0,0.0,,0.0,0.0,0.0,,,0.0,0.0,0.0,0.0,,0.0,,,0.0,0.0,,,,,,,,,,0.0,0.0,0.0,0.0,0.0,0.0,,2000-04-27,0.07,bmo,1120026449.0,2025-04-25,2000-03-31,0.1428571428571427,21.42507936507937,3269522.53968254
1999-12-31,TSM,TWD,1046179,1999-12-31,1999-12-30 19:00:00,1999,Q4,18276006287.0,0.0,0.0,0.0,0,0.0,0.0,0.0,18276006287.0,18276006287.0,18276006287.0,0.0,0.0,0.0,-29966836972.64,-1.6396819142,-29966836972.64,-1.6396819142,29966836972.0,0.0,0.0,0.0,6143126336.0,0.3361306754,1.5,1.5,4046564996,4046564996,,,0.9032849491582396,0.303621779996513,,,0.9179814394523604,6.341699489985565,6.341699489985565,5.969772386481688,1.6288733917316032,1267181828747.9202,1282492510360.9202,51.56909362753825,69.33581707340984,0.0,0.0,10.491187258968724,10.491187258968724,70.17356473953375,-42.79705968073466,0.0,0.0,0.0048478649209087,,0.2728535170654282,0.1793949356339469,-0.5109208431633541,2.565618210770145,0.0,0.0,,,0.0,0.0,0.0,0.0,,0.0,,6.386113110378334,,0.0334391917481293,-1.1692213970099352,25440196061.0,128310495882.0,-13710381987.0,146135356276.0,,,,67.29152700745074,0.0,0.0,1.3374640761240997,0.0,0.0,0.0508598586914389,,2000-01-27,0.06,bmo,575643025.0,2025-04-25,1999-12-31,0.0,13.539375,1914599.59375
1999-09-30,TSM,TWD,1046179,1999-09-30,1999-09-29 20:00:00,1999,Q3,18266633915.0,0.0,0.0,0.0,0,0.0,0.0,0.0,18266633915.0,18266633915.0,18266633915.0,0.0,0.0,0.0,18266633915.0,1.0,18266633915.0,1.0,-18266633915.97,0.0,0.0,0.0,6139967916.0,0.3361302331,1.5,1.5,4046564996,4046564996,,,0.9028217230883552,0.3034656762392523,,,,,,,,1013057546948.88,,41.24848699571283,55.45945419735971,0.0,0.0,0.0,0.0,,,0.0,0.0,0.0060608283650739,,0.0,0.0,,0.0,0.0,0.0,,,0.0,0.0,0.0,0.0,,0.0,,,0.0,0.0,,,,,,,,,,0.0,0.0,0.0,0.0,0.0,0.0,,1999-10-25,0.05,bmo,575347821.0,2025-04-25,1999-09-30,0.0,10.50375,2635877.15625
1999-06-30,TSM,TWD,1046179,1999-06-30,1999-06-29 20:00:00,1999,Q2,18290331186.0,0.0,0.0,0.0,0,0.0,0.0,0.0,18290331186.0,18290331186.0,18290331186.0,0.0,0.0,0.0,18290331186.0,1.0,18290331186.0,1.0,-18290331186.75,0.0,0.0,0.0,6147940183.0,0.3361306102,1.5,1.5,4044753807,4044753807,,,0.9043977485914166,0.303995767131644,,,,,,,,936764981840.16,,38.092635661552926,51.21640348192217,0.0,0.0,0.0,0.0,,,0.0,0.0,0.0065629483404931,,0.0,0.0,,0.0,0.0,0.0,,,0.0,0.0,0.0,0.0,,0.0,,,0.0,0.0,,,,,,,,,,0.0,0.0,0.0,0.0,0.0,0.0,,1999-09-10,0.04587,bmo,,2025-04-25,1999-06-30,0.0900370612600828,8.358571428571429,2823654.3174603176
1999-03-31,TSM,TWD,1046179,1999-03-31,1999-03-30 19:00:00,1999,Q1,18327308218.0,0.0,0.0,0.0,0,0.0,0.0,0.0,18327308218.0,18327308218.0,18327308218.0,0.0,0.0,0.0,18327308218.0,1.0,18327308218.0,1.0,-18327308218.68,0.0,0.0,0.0,6160365195.0,0.3361303865,1.5,1.5,4044615175,4044615175,,,0.9062572049515192,0.3046205845776168,,,,,,,,641273735996.25,,26.024176964246116,34.990066646362656,0.0,0.0,0.0,0.0,,,0.0,0.0,0.0096064517369163,,0.0,0.0,,0.0,0.0,0.0,,,0.0,0.0,0.0,0.0,,0.0,,,0.0,0.0,,,,,,,,,,0.0,0.0,0.0,0.0,0.0,0.0,,1999-04-21,0.02285,bmo,634984781.0,2025-04-25,1999-03-31,0.7505470459518601,6.222295081967213,3477206.4426229508
1998-12-31,TSM,TWD,1046179,1998-12-31,1998-12-30 19:00:00,1998,Q4,10055863281.0,0.0,0.0,0.0,0,0.0,0.0,0.0,10055863281.0,10055863281.0,10055863281.0,0.0,0.0,0.0,-26500777965.75,-2.6353558342,-26500777965.75,-2.6353558342,26500777965.0,0.0,0.0,0.0,3059556738.0,0.304256,0.75,0.75,3963726968,3963726968,,,0.5073943467929813,0.1543777743564545,,,0.7849982731636024,4.723807169157408,4.723807169157408,4.235154278469938,1.5895036477518545,429073444372.6,450913355451.6,35.06009866098126,42.66898150686979,0.0,0.0,5.111974340595128,5.111974340595128,44.84083990119237,-17.015098803301818,0.0,0.0,0.0071306131342473,,0.3753118642766668,0.2241632278771206,-0.824123393933047,3.2490815576781777,0.0,0.0,,,0.0,0.0,0.0,0.0,,0.0,,3.835467124125055,,0.021771463224494,-1.1983456243929975,19723253522.0,93619409359.0,-18418464617.0,118262200308.0,,,,66.57824058477273,0.0,0.0,1.3517930063862955,0.0,0.0,0.0364515113749829,,1999-01-11,0.2122,bmo,316731536.0,2025-04-25,1998-12-31,-0.2723845428840716,4.2748437500000005,2277509.796875
1998-09-30,TSM,TWD,1046179,1998-09-30,1998-09-29 20:00:00,1998,Q3,13427738281.0,0.0,0.0,0.0,0,0.0,0.0,0.0,13427738281.0,13427738281.0,13427738281.0,0.0,0.0,0.0,13427738281.0,1.0,13427738281.0,1.0,-13427738281.25,0.0,0.0,0.0,4085469938.0,0.304256,1.05,1.05,3963726968,3963726968,,,0.6775309392748202,0.2061428534386089,,,,,,,,398750933061.28,,24.40055483901593,29.696060849317057,0.0,0.0,0.0,0.0,,,0.0,0.0,0.0102456686599706,,0.0,0.0,,0.0,0.0,0.0,,,0.0,0.0,0.0,0.0,,0.0,,,0.0,0.0,,,,,,,,,,0.0,0.0,0.0,0.0,0.0,0.0,,1999-01-27,0.0195,bmo,261303517.0,2025-04-25,1998-09-30,0.5384615384615384,3.69265625,1366383.953125
1998-06-30,TSM,TWD,1046179,1998-06-30,1998-06-29 20:00:00,1998,Q2,13421878906.0,0.0,0.0,0.0,0,0.0,0.0,0.0,13421878906.0,13421878906.0,13421878906.0,0.0,0.0,0.0,13421878906.0,1.0,13421878906.0,1.0,-13421878906.25,0.0,0.0,0.0,4083687188.0,0.304256,1.05,1.05,3963726968,3963726968,,,0.6772352894964111,0.2060529002196292,,,,,,,,429073444372.6,,26.267526417880468,31.96821006787587,0.0,0.0,0.0,0.0,,,0.0,0.0,0.0095174549755025,,0.0,0.0,,0.0,0.0,0.0,,,0.0,0.0,0.0,0.0,,0.0,,,0.0,0.0,,,,,,,,,,0.0,0.0,0.0,0.0,0.0,0.0,,1998-06-29,,bmo,,2025-04-25,1998-06-30,,4.521111111111111,1288409.4285714286
1998-03-31,TSM,TWD,1046179,1998-03-31,1998-03-30 19:00:00,1998,Q1,12838652343.0,0.0,0.0,0.0,0,0.0,0.0,0.0,12838652343.0,12838652343.0,12838652343.0,0.0,0.0,0.0,12838652343.0,1.0,12838652343.0,1.0,-12838652343.75,0.0,0.0,0.0,3906237007.0,0.304256,1.0,1.0,3963726968,3963726968,,,0.6478070989277469,0.1970991966776458,,,,,,,,675022702786.64,,43.20159667584144,52.577379989160754,0.0,0.0,0.0,0.0,,,0.0,0.0,0.0057868231555386,,0.0,0.0,,0.0,0.0,0.0,,,0.0,0.0,0.0,0.0,,0.0,,,0.0,0.0,,,,,,,,,,0.0,0.0,0.0,0.0,0.0,0.0,,1998-04-27,0.03923,bmo,404381600.0,2025-04-25,1998-03-31,0.0196278358399184,5.007540983606557,2125418.098360656
1997-12-31,TSM,TWD,1046179,1997-12-31,1997-12-30 19:00:00,1997,Q4,11076342724.0,0.0,0.0,0.0,0,0.0,0.0,0.0,11076342724.0,11076342724.0,11076342724.0,0.0,0.0,0.0,-18005358967.7,-1.6255689641,-18005358967.7,-1.6255689641,18005358967.0,0.0,0.0,0.0,4528714908.0,0.4088637397,1.15,1.15,3883210009,3883215627,,,0.5704735359245441,0.2332459432808135,,,0.9226160494352376,4.1453771309904575,4.1453771309904575,3.5853935659151324,1.0464361949427148,457247978606.8501,464712756583.8501,25.241596561925267,41.28149426218947,0.0,0.0,6.568316578654071,6.568316578654071,41.95543313921839,-25.80969129343675,0.0,0.0,0.009904286338888,,0.2918609005412279,0.1625922872139485,-0.4145864567538554,2.238597154782555,0.0,0.0,,,0.0,0.0,0.0,0.0,,0.0,,4.337772048769251,,0.0362410929444947,-0.8816931835291123,19044002310.0,80486849839.0,-10054457574.0,98376333621.0,,,,75.79615903730499,0.0,0.0,1.187395260434031,0.0,0.0,0.0650544881594554,,1997-12-30,,bmo,,2025-04-25,1997-12-31,,4.6081355932203385,3767404.084745763
1997-09-30,TSM,TWD,1046179,1997-09-30,1997-09-29 20:00:00,1997,Q3,10992242911.0,0.0,0.0,0.0,0,0.0,0.0,0.0,10992242911.0,10992242911.0,10992242911.0,0.0,0.0,0.0,10992242911.0,1.0,10992242911.0,1.0,-10992242911.26,0.0,0.0,0.0,4494356734.0,0.4088662132,1.15,1.15,3883215627,3883215627,,,0.5661412584391403,0.2314760324951469,,,,,,,,559377211155.78,,31.115532447839957,50.888359699184605,0.0,0.0,0.0,0.0,,,0.0,0.0,0.0080345724573115,,0.0,0.0,,0.0,0.0,0.0,,,0.0,0.0,0.0,0.0,,0.0,,,0.0,0.0,,,,,,,,,,0.0,0.0,0.0,0.0,0.0,0.0,,1998-03-11,0.0323,bmo,,2025-04-25,1997-09-30,0.2383900928792569,,
1997-06-30,TSM,TWD,1046179,1997-06-30,1997-06-29 20:00:00,1997,Q2,10990060613.0,0.0,0.0,0.0,0,0.0,0.0,0.0,10990060613.0,10990060613.0,10990060613.0,0.0,0.0,0.0,10990060613.0,1.0,10990060613.0,1.0,-10990060613.4,0.0,0.0,0.0,4493459775.0,0.4088657864,1.15,1.15,3884402832,3884402832,,,0.5658558645083389,0.2313591030251828,,,,,,,,504389707735.1999,,28.06243590637239,45.89507969942986,0.0,0.0,0.0,0.0,,,0.0,0.0,0.0089087063159485,,0.0,0.0,,0.0,0.0,0.0,,,0.0,0.0,0.0,0.0,,0.0,,,0.0,0.0,,,,,,,,,,0.0,0.0,0.0,0.0,0.0,0.0,,1997-06-29,,bmo,,2025-04-25,1997-06-30,,,
1997-03-31,TSM,TWD,1046179,1997-03-31,1997-03-30 19:00:00,1997,Q1,10992735170.0,0.0,0.0,0.0,0,0.0,0.0,0.0,10992735170.0,10992735170.0,10992735170.0,0.0,0.0,0.0,10992735170.0,1.0,10992735170.0,1.0,-10992735170.34,0.0,0.0,0.0,4494558717.0,0.4088662783,1.15,1.15,3879390943,3879390943,,,0.5667247941364852,0.2317146573836882,,,,,,,,191641912623.72,,10.6596623100541,17.43350582544053,0.0,0.0,0.0,0.0,,,0.0,0.0,0.0234529005449077,,0.0,0.0,,0.0,0.0,0.0,,,0.0,0.0,0.0,0.0,,0.0,,,0.0,0.0,,,,,,,,,,0.0,0.0,0.0,0.0,0.0,0.0,,1997-03-30,,bmo,,2025-04-25,1997-03-31,,,
