date,symbol,reportedCurrency,cik,fillingDate,acceptedDate,calendarYear,period,revenue,costOfRevenue,grossProfit,grossProfitRatio,researchAndDevelopmentExpenses,generalAndAdministrativeExpenses,sellingAndMarketingExpenses,sellingGeneralAndAdministrativeExpenses,otherExpenses,operatingExpenses,costAndExpenses,interestIncome,interestExpense,depreciationAndAmortization,ebitda,ebitdaratio,operatingIncome,operatingIncomeRatio,totalOtherIncomeExpensesNet,incomeBeforeTax,incomeBeforeTaxRatio,incomeTaxExpense,netIncome,netIncomeRatio,eps,epsdiluted,weightedAverageShsOut,weightedAverageShsOutDil,link,finalLink,revenuePerShare,netIncomePerShare,operatingCashFlowPerShare,freeCashFlowPerShare,cashPerShare,bookValuePerShare,tangibleBookValuePerShare,shareholdersEquityPerShare,interestDebtPerShare,marketCap,enterpriseValue,peRatio,priceToSalesRatio,pocfratio,pfcfRatio,pbRatio,ptbRatio,evToSales,enterpriseValueOverEBITDA,evToOperatingCashFlow,evToFreeCashFlow,earningsYield,freeCashFlowYield,debtToEquity,debtToAssets,netDebtToEBITDA,currentRatio,interestCoverage,incomeQuality,dividendYield,payoutRatio,salesGeneralAndAdministrativeToRevenue,researchAndDdevelopementToRevenue,intangiblesToTotalAssets,capexToOperatingCashFlow,capexToRevenue,capexToDepreciation,stockBasedCompensationToRevenue,grahamNumber,roic,returnOnTangibleAssets,grahamNetNet,workingCapital,tangibleAssetValue,netCurrentAssetValue,investedCapital,averageReceivables,averagePayables,averageInventory,daysSalesOutstanding,daysPayablesOutstanding,daysOfInventoryOnHand,receivablesTurnover,payablesTurnover,inventoryTurnover,roe,capexPerShare,report_date,epsEstimated,time,revenueEstimated,updatedFromDate,fiscalDateEnding,surprise(%),QuarterAvgPrice,QuarterAvgVolume
2025-03-31,TT,USD,1466258,2025-04-30,2025-04-30 12:09:42,2025,Q1,4688500000.0,3011000000.0,1677500000.0,0.3577903381,0,0.0,0.0,858600000.0,0.0,858600000.0,3869600000.0,3300000.0,58100000.0,99100000.0,910100000.0,0.1941132558,818900000.0,0.1746614056,-66000000.0,752900000.0,0.1605844087,134900000.0,604900000.0,0.1290178095,2.7104177044036373,2.6718197879858656,223175933,226400000,https://www.sec.gov/Archives/edgar/data/1466258/000146625825000122/0001466258-25-000122-index.htm,https://www.sec.gov/Archives/edgar/data/1466258/000146625825000122/tt-20250331.htm,0.0,-0.2615864527629233,1.5129233511586453,0.9830659536541888,3.834670231729055,33.500445632798574,-9.719696969696969,33.38235294117647,21.26247771836007,75604848000.0,79515648000.0,-321.996797274276,0.0,222.69469219440356,342.72369900271985,10.0927577092511,10.0927577092511,0.0,87.37023184265465,234.2139852724595,360.4517135086129,-0.0007764052379286,0.0029178023081271,0.6369376585235617,0.2371727956893038,4.297110207669487,1.089065837416761,0.0,0.5573797406008866,0.0027762769921844,-3.5758091993185688,0.0,0.0,0.4821000725739907,0.0,0.0,0.0,0.0,,0.0460333603962049,-0.005634046147349,-36.8099376114082,567100000.0,-2181100000.0,-5665600000.0,12334400000.0,3124300000.0,2206600000.0,2096200000.0,0.0,0.0,0.0,0.0,0.0,0.0,-0.0078360699506073,0.0,2025-04-30,2.2,bmo,4463711594.0,2025-05-11,2025-03-31,0.1136363636363636,361.3516666666666,1622770.55
2024-12-31,TT,USD,1466258,2025-02-06,2025-02-06 16:13:59,2024,Q4,4874000000.0,3163200000.0,1710800000.0,0.3510053344,0,0.0,0.0,903200000.0,0.0,903200000.0,4066400000.0,11500000.0,59900000.0,96700000.0,907200000.0,0.1861304883,807600000.0,0.1656955273,-57000000.0,750600000.0,0.1540008207,135300000.0,604300000.0,0.1239844071,2.69,2.66,224473947,227300000,https://www.sec.gov/Archives/edgar/data/1466258/000146625825000039/0001466258-25-000039-index.htm,https://www.sec.gov/Archives/edgar/data/1466258/000146625825000039/tt-20241231.htm,21.71298747644866,2.692071877722184,4.008928483803067,3.449398072017685,7.083672832642801,43.47809681450472,1.4415926851413183,33.221672713760405,21.517864609918405,82909452324.45001,86089652324.45001,34.29978997370925,17.010556488397622,92.13185056611846,107.07665287931036,11.117742420206776,11.117742420206776,17.663039048922858,94.89600123947312,95.66579878258696,111.18384647352448,0.007288674367733,0.0093391040260394,0.6396733445973127,0.2367782316706954,3.505511463844797,1.2090823707755936,13.482470784641068,1.4625385990573705,0.0022759769207202,0.3122621214628496,0.0,0.0,0.4683695096467412,0.1395710634514946,0.0257693885925318,1.2988624612202688,0.003959786622897,44.858560431439486,0.0455626579259648,0.0564207420686049,-24.472773225660795,1268900000.0,323600000.0,-3049200000.0,12729500000.0,3241800000.0,2171400000.0,2002450000.0,57.06155108740255,61.11532625189682,56.09351289833081,1.577244191314478,1.4726256983240222,1.6044636063910729,0.0810336042052189,0.559530411785382,2025-01-30,2.52,bmo,4789878138.0,2025-04-30,2024-12-31,0.0357142857142856,396.9796875,1121749.40625
2024-09-30,TT,USD,1466258,2024-10-30,2024-10-30 13:53:04,2024,Q3,5441200000.0,3466800000.0,1974400000.0,0.3628611336,0,0.0,0.0,949800000.0,0.0,949800000.0,4416600000.0,15300000.0,63000000.0,95000000.0,1125900000.0,0.2069212674,1024600000.0,0.1883040506,-56700000.0,967900000.0,0.1778835551,181100000.0,772000000.0,0.1418804675,3.42,3.39,225800000,228000000,https://www.sec.gov/Archives/edgar/data/1466258/000146625824000243/0001466258-24-000243-index.htm,https://www.sec.gov/Archives/edgar/data/1466258/000146625824000243/tt-20240930.htm,24.097431355181577,3.4189548272807797,5.768821966341895,5.377767936226749,8.53675819309123,33.72143489813995,-8.700620017714792,33.62046058458813,23.61514614703277,87775234000.0,91574534000.0,28.424622409326428,16.131594868778947,67.38464148625826,72.28463641604216,11.562304419416453,11.562304419416453,16.82984157906344,81.33451816324718,70.30134653769385,75.41343490076588,0.0087951915912864,0.0138341983799211,0.6941052492919713,0.2520749915086803,3.374455990762945,1.2218769328244503,16.263492063492063,1.6553564620663364,0.0021577840510228,0.2453367875647668,0.0,0.0,0.4582394504322201,0.0682683248886841,0.0163431448945085,0.9360665263157896,0.0037307946776446,50.855715610433776,0.0546983045767155,0.0681689742865216,-34.54406554472985,1470800000.0,-1964600000.0,-5189700000.0,12956300000.0,3659350000.0,2187450000.0,2118450000.0,56.12842755274572,56.978193146417446,52.78816199376947,1.603465550775034,1.579551667577911,1.7049277072882856,0.1016926826055456,0.3938278122232064,2024-10-30,3.25,bmo,5316683942.0,2025-04-25,2024-09-30,0.0369230769230769,346.86640625,1164287.59375
2024-06-30,TT,USD,1466258,2024-07-31,2024-07-31 14:12:08,2024,Q2,5307400000.0,3371900000.0,1935500000.0,0.3646795041,0,904000000.0,-3500000.0,900500000.0,-3700000.0,900500000.0,4272400000.0,5400000.0,57500000.0,96200000.0,1118800000.0,0.2108000151,1035000000.0,0.1950107397,-61600000.0,972600000.0,0.1832535705,205800000.0,755300000.0,0.142310736,3.33,3.3,226600000,228700000,https://www.sec.gov/Archives/edgar/data/1466258/000146625824000233/0001466258-24-000233-index.htm,https://www.sec.gov/Archives/edgar/data/1466258/000146625824000233/tt-20240630.htm,23.42188879082083,3.3331862312444835,3.054415238305384,2.7354669593998238,5.850838481906443,30.74845542806708,-10.775375110326566,30.65887025595763,23.50264783759929,72820176000.0,77213776000.0,24.10306368330465,13.72049892602781,105.2116280621666,117.47902817678636,10.481795229801506,10.481795229801506,14.548324226551609,69.01481587415087,111.5595639563882,124.5671167608833,0.010372125439521,0.0085121575784161,0.7583089833460481,0.260812309398392,3.9270647121916338,1.1701353073235847,18.0,0.9080693951718708,0.0025869693586019,0.2494155487885608,0.1703282209744884,0.0,0.4658253792229395,0.1044220428531242,0.0136175302407958,0.7512856548856549,0.0044277800806421,47.9511605131727,0.0560483211927578,0.070000648754854,-34.687003530450134,1121600000.0,-2441700000.0,-5517600000.0,12358700000.0,3665250000.0,2094200000.0,2293100000.0,66.5631005765535,58.18944808564905,58.8140217681426,1.3521004763967086,1.5466721710013305,1.5302473337871567,0.1087184949548745,0.3189482789055604,2024-07-31,3.08,bmo,5127498834.0,2025-04-25,2024-06-30,0.0714285714285713,318.03476190476187,1135371.873015873
2024-03-31,TT,USD,1466258,2024-04-30,2024-04-30 13:55:19,2024,Q1,4215500000.0,2755600000.0,1459900000.0,0.3463171629,0,828800000.0,-7400000.0,821400000.0,-12100000.0,821400000.0,3577000000.0,3700000.0,58100000.0,91500000.0,722600000.0,0.171415016,638500000.0,0.1514648322,-83100000.0,550700000.0,0.1306369351,105500000.0,436300000.0,0.1034989918,1.92,1.9,227400000,229500000,https://www.sec.gov/Archives/edgar/data/1466258/000146625824000159/0001466258-24-000159-index.htm,https://www.sec.gov/Archives/edgar/data/1466258/000146625824000159/tt-20240331.htm,18.537818821459982,1.918645558487247,1.087071240105541,0.7185576077396658,3.737467018469657,30.39050131926121,-11.1688654353562,30.297713280562885,21.718997361477573,67476402000.00001,71507302000.0,38.66399381159753,16.006737516308863,272.962791262136,412.9522766217871,9.793808438683833,9.793808438683833,16.96294674415846,98.95834763354551,289.2690210355987,437.6211872705018,0.0064659642047896,0.0024215873276704,0.7084198150862883,0.2523524910553636,5.578328259064489,1.1286976187744802,10.989672977624783,0.5596558750282997,0.0028083892202788,0.4343341737336695,0.196607757086941,0.0,0.4886253179740657,0.3389967637540453,0.0198790179100937,0.9158469945355192,0.0046969517257739,36.16542399732957,0.0365013203219123,0.0441125917537864,-34.455804749340366,785300000.0,-2539800000.0,-5543200000.0,12024200000.0,3410200000.0,2016750000.0,2267400000.0,72.70027280275175,65.5926114094934,77.82080127739876,1.2379595912134382,1.3721057610914704,1.1565031267049986,0.0633264147930969,0.3685136323658751,2024-04-30,1.65,bmo,3996569770.0,2025-04-25,2024-03-31,0.1757575757575757,271.43278688524595,1037372.3278688524
2023-12-31,TT,USD,1466258,2024-02-08,2024-02-08 10:59:17,2023,Q4,4424100000.0,2952800000.0,1471300000.0,0.3325648154,252300000,0.0,0.0,783700000.0,-12000000.0,783700000.0,3736500000.0,4300000.0,57400000.0,87900000.0,760000000.0,0.171786352,687600000.0,0.1554214416,-72800000.0,614800000.0,0.1389661174,98200000.0,504300000.0,0.113989286,2.22,2.19,227173161,229900000,https://www.sec.gov/Archives/edgar/data/1466258/000146625824000047/0001466258-24-000047-index.htm,https://www.sec.gov/Archives/edgar/data/1466258/000146625824000047/tt-20231231.htm,19.47457164625182,2.219892516264278,4.114922713075248,3.7473616876775337,4.821432228959476,30.88833191875161,-11.08449602459861,30.792369878587905,21.29300828806973,55407533967.9,59092033967.9,27.46754608759667,12.524023862005832,59.27207313639281,65.08579110525079,7.920793396600526,7.920793396600526,13.356848617323298,77.75267627355264,63.21355794597775,69.41387756125926,0.0091016503331868,0.0153643365628435,0.6832971180237878,0.2464843568706521,4.848026315789474,1.1348641281903031,11.979094076655052,1.809523809523809,0.0029535228204671,0.3245040967677969,0.0,0.0570285481792907,0.4917052996354147,0.089323919554985,0.0188738952555321,0.949943117178612,0.002350760606677,39.21739929749517,0.0404157818993567,0.0511626491356221,-33.640197487941805,816400000.0,-2518100000.0,-5505000000.0,12123700000.0,3278850000.0,2059250000.0,2171950000.0,69.47582559164576,61.72717420753184,65.59502844757519,1.2954146170063248,1.4580288366581078,1.3720552018958228,0.0720922918572735,0.3675610253977141,2024-02-01,2.13,bmo,3989790000.0,2025-04-25,2023-12-31,0.0187793427230047,218.7819047619048,1245846.3174603174
2023-09-30,TT,USD,1466258,2023-11-01,2023-11-01 12:04:24,2023,Q3,4882900000.0,3224800000.0,1658100000.0,0.3395727949,0,0.0,0.0,793900000.0,-10000000.0,793900000.0,4018700000.0,3600000.0,57900000.0,92000000.0,946200000.0,0.1937782875,864200000.0,0.1769849884,-67900000.0,796300000.0,0.1630793176,157500000.0,626300000.0,0.1282639415,2.74,2.72,228600000,230600000,https://www.sec.gov/Archives/edgar/data/1466258/000146625823000209/0001466258-23-000209-index.htm,https://www.sec.gov/Archives/edgar/data/1466258/000146625823000209/tt-20230930.htm,21.360017497812773,2.7397200349956257,4.034558180227472,3.670603674540682,4.199475065616798,29.31058617672791,-10.307961504811898,29.31058617672791,21.358267716535437,46385226000.0,50249826000.0,18.515577997764648,9.499524053328964,50.292991434457335,55.27973543081873,6.922754760909796,6.922754760909796,10.290979950439288,53.106981610653136,54.483168166540175,59.88538434036467,0.0135021439800681,0.0180898116137237,0.7200465643842159,0.2552266282957383,4.084337349397591,1.290111618273177,14.92573402417962,1.4435748943496636,0.0037210254834157,0.2755877502794188,0.0,0.0,0.4791146472554911,0.0902092594600455,0.0170390546601404,0.9043478260869564,0.0027442708226668,42.50662306254832,0.0493877080416233,0.0636070035749106,-34.077099737532805,1512700000.0,-2356400000.0,-5475900000.0,12253300000.0,3171150000.0,2135100000.0,2273800000.0,57.92152204632493,58.421297444802775,61.17030513520218,1.5538265712012729,1.5405340849376583,1.4713021261063963,0.0934720315205062,0.3639545056867891,2023-11-01,2.66,bmo,4431730000.0,2025-04-25,2023-09-30,0.0488721804511277,200.3290476190476,1004908.7936507936
2023-06-30,TT,USD,1466258,2023-08-02,2023-08-02 11:45:16,2023,Q2,4704700000.0,3120300000.0,1584400000.0,0.3367696134,0,0.0,0.0,699000000.0,-57400000.0,699000000.0,3819300000.0,3100000.0,61600000.0,88400000.0,916400000.0,0.1947839395,885400000.0,0.1881947839,-119000000.0,766400000.0,0.1629009289,169600000.0,586200000.0,0.1245988054,2.57,2.55,228500000,230300000,https://www.sec.gov/Archives/edgar/data/1466258/000146625823000186/0001466258-23-000186-index.htm,https://www.sec.gov/Archives/edgar/data/1466258/000146625823000186/tt-20230630.htm,20.589496717724288,2.5654266958424508,2.293216630196937,2.0442013129102845,2.904157549234136,27.471334792122537,-12.512910284463896,27.471334792122537,22.26870897155361,43702910000.0,48066110000.0,18.63822500852951,9.289202287074628,83.40249999999999,93.56221365874543,6.962166252469253,6.962166252469253,10.216615299594023,52.45101484068093,91.72921755725191,102.9032541211732,0.0134132944465254,0.0106880754622518,0.8008029057541579,0.265876814852035,4.761239633347883,1.1934134305942932,14.373376623376624,0.8780160857908847,0.0039711275976817,0.2960590788126919,0.0,0.0,0.4832412133393277,0.1085877862595419,0.0120942886900333,0.6436651583710408,0.0034221098050885,39.82088838835813,0.0497324608340204,0.0599993858814137,-36.70875273522976,1081800000.0,-2859200000.0,-5954300000.0,11872900000.0,2902900000.0,2069750000.0,2349750000.0,61.21155440304376,62.789154888952986,67.94923565041823,1.470310644415276,1.4333685516100878,1.324518210374395,0.0933855859300325,0.249015317286652,2023-08-02,2.56,bmo,4804390000.0,2025-04-25,2023-06-30,0.046875,177.49048387096775,1583324.1290322582
2023-03-31,TT,USD,1466258,2023-05-03,2023-05-03 12:28:38,2023,Q1,3665800000.0,2522300000.0,1143500000.0,0.311937367,0,692300000.0,-5600000.0,686700000.0,-9400000.0,686700000.0,3209000000.0,4400000.0,57600000.0,79800000.0,527200000.0,0.143815811,456800000.0,0.1246112718,-67000000.0,389800000.0,0.1063342245,73200000.0,307100000.0,0.0837743467,1.34,1.33,229300000,231500000,https://www.sec.gov/Archives/edgar/data/1466258/000146625823000117/0001466258-23-000117-index.htm,https://www.sec.gov/Archives/edgar/data/1466258/000146625823000117/tt-20230331.htm,15.986916703009156,1.3392935019624943,0.0370693414740514,-0.29917139119058,3.021805494984736,26.40340165721761,-11.77365896205844,26.40340165721761,21.31574356737898,42186614000.0,46323814000.0,34.342733637251705,11.508160292432756,4963.131058823529,-614.9652186588921,6.9680415572403085,6.9680415572403085,12.63675432374925,87.86762898330804,5449.860470588235,-675.2742565597667,0.007279560288958,-0.0016261082247558,0.7977966073699685,0.2698771888654218,7.847496206373293,1.257358115660057,7.930555555555555,0.0268477574226152,0.0040368255200571,0.5545424943015305,0.1888537290632331,0.0,0.4891213248851788,9.070588235294116,0.0210322439849418,0.9661654135338346,0.0066561187189699,28.207141756253677,0.0276584065631896,0.0335870682678215,-34.99280418665504,1243400000.0,-2699700000.0,-5768300000.0,11579700000.0,2693050000.0,2027100000.0,2168750000.0,63.98057722734465,70.02894183879792,83.62724497482456,1.4066768994627783,1.28518292061551,1.076204292358237,0.0507242786118956,0.3362407326646315,2023-05-03,1.34,bmo,4608900000.0,2025-04-25,2023-03-31,0.0522388059701491,181.51048387096773,1438988.1935483871
2022-12-31,TT,USD,1466258,2023-02-10,2023-02-10 11:30:03,2022,Q4,4073900000.0,2854400000.0,1219500000.0,0.2993446084,211200000,0.0,0.0,638900000.0,-2300000.0,638900000.0,3493300000.0,4000000.0,55900000.0,82000000.0,660500000.0,0.1621296546,580600000.0,0.1425169985,-58200000.0,522400000.0,0.1282309335,73400000.0,439100000.0,0.1077836962,1.91,1.89,230232392,232400000,https://www.sec.gov/Archives/edgar/data/1466258/000146625823000058/0001466258-23-000058-index.htm,https://www.sec.gov/Archives/edgar/data/1466258/000146625823000058/tt-20221231.htm,17.694729940520272,1.9072033964708144,3.302315514317377,2.915749578799494,5.3011654415682745,26.51755448903124,-11.564402284453529,26.51755448903124,21.248964828545933,38699762771.28,42315562771.28,22.03357024099294,9.49943856532561,50.90064812742339,57.64898372006554,6.338819821018149,6.338819821018149,10.38699103347652,64.06595423358061,55.656402434933575,63.035249175152686,0.0113463227822643,0.0173463595621363,0.7921607809735963,0.2674707990443323,5.474337623012869,1.1217556446507702,10.386404293381036,1.6332975295381311,0.0041844460121646,0.3687931405146891,0.0,0.0518422150764623,0.4848962481196354,0.1170590556359331,0.0218463879820319,1.0774818401937043,0.0025282898451115,33.73311910749666,0.0366966149497102,0.0471445903434651,-33.3312134462817,692400000.0,-2662500000.0,-5597200000.0,10996200000.0,2823750000.0,2076450000.0,1971500000.0,61.417560568497024,65.94871076233184,62.865050448430495,1.4653789432034818,1.364696882769172,1.43163807804193,0.071922295747887,0.3865659355178831,2023-02-02,1.64,bmo,3637750000.0,2025-04-25,2022-12-31,0.1097560975609757,165.08904761904762,1258637.746031746
2022-09-30,TT,USD,1466258,2022-11-02,2022-11-02 13:10:06,2022,Q3,4371900000.0,2939100000.0,1432800000.0,0.3277293625,0,0.0,0.0,693300000.0,-15600000.0,693300000.0,3632400000.0,2400000.0,55800000.0,84000000.0,805000000.0,0.1841304696,739500000.0,0.1691484252,-74500000.0,665000000.0,0.1521077792,104700000.0,547900000.0,0.1253230861,2.36,2.34,231900000,234000000,https://www.sec.gov/Archives/edgar/data/1466258/000146625822000186/0001466258-22-000186-index.htm,https://www.sec.gov/Archives/edgar/data/1466258/000146625822000186/tt-20220930.htm,18.852522639068564,2.36265631737818,2.2000862440707203,1.9460974557999136,4.6580422595946525,25.30573523070289,-11.828374299266926,25.26218197498922,21.10047434238896,33581439000.0,37338639000.0,15.32279567439314,7.681200164688122,65.82014700117601,74.41045645911811,5.73228393902668,5.73228393902668,8.540597680642284,46.38340248447205,73.18431791454331,82.73573897629072,0.0163155605094826,0.013438971450866,0.8257344280764044,0.2726862760572272,4.667329192546584,1.1358939680822289,13.25268817204301,0.9236060825488775,0.0040824372951975,0.2502174101113342,0.0,0.0,0.4854282460907113,0.1154449235593884,0.0134724033029117,0.7020262216924911,0.0024474484777785,36.64603268109964,0.0470447781766976,0.060021471451733,-33.057567917205695,753600000.0,-2743000000.0,-5572300000.0,10797100000.0,2812800000.0,2030750000.0,1918050000.0,59.02834008097166,63.12034296213126,59.68765948759824,1.5246913580246917,1.4258477659729296,1.507849374102196,0.0935254254647252,0.2539887882708064,2022-11-02,2.12,bmo,4137221596.0,2025-04-25,2022-09-30,0.070754716981132,149.42171875,1407409.59375
2022-06-30,TT,USD,1466258,2022-08-03,2022-08-03 13:47:37,2022,Q2,4190400000.0,2867000000.0,1323400000.0,0.3158171058,0,0.0,0.0,612800000.0,-1600000.0,612800000.0,3479800000.0,1500000.0,55900000.0,79800000.0,781900000.0,0.1865931653,710600000.0,0.1695780832,-57500000.0,653100000.0,0.1558562428,136600000.0,509300000.0,0.1215397098,2.18,2.16,233800000,235700000,https://www.sec.gov/Archives/edgar/data/1466258/000146625822000172/0001466258-22-000172-index.htm,https://www.sec.gov/Archives/edgar/data/1466258/000146625822000172/tt-20220630.htm,17.92301112061591,2.1783575705731395,1.803678357570573,1.5081266039349872,4.662959794696322,24.54790419161677,-12.830624465355005,24.54790419161677,20.92557741659538,30363606000.0,34109906000.0,14.90457785195366,7.245992268041237,72.00285985297606,86.1134600113443,5.290472008781559,5.290472008781559,8.140011932035128,43.62438419235196,80.88666350486127,96.73824730572888,0.0167733700667832,0.0116125864628858,0.842698586935689,0.2735453146916429,4.791277656989385,1.0878994014528534,12.711985688729875,0.8055396370582617,0.0051047955239572,0.3043392892204987,0.0,0.0,0.4942706212388579,0.1638605643822622,0.0164900725467735,0.8659147869674185,0.0033171057655593,34.686705538203405,0.0428977589022989,0.0569578491785678,-33.5295124037639,494900000.0,-2999800000.0,-5816300000.0,10659900000.0,2594000000.0,1965900000.0,1879600000.0,59.23969072164948,62.78967561911406,59.232996163236834,1.519251685882097,1.433356664333567,1.5194233928666063,0.0887390448312512,0.2955517536355859,2022-08-03,2.1,bmo,4119970598.0,2025-04-25,2022-06-30,0.0285714285714285,138.2867741935484,1393412.338709677
2022-03-31,TT,USD,1466258,2022-05-04,2022-05-04 16:34:10,2022,Q1,3355500000.0,2366500000.0,989000000.0,0.2947399791,0,0.0,0.0,600800000.0,1600000.0,600800000.0,2967300000.0,1300000.0,56000000.0,77300000.0,460200000.0,0.137147966,388200000.0,0.1156906571,-56700000.0,331500000.0,0.0987930264,61100000.0,260200000.0,0.0775443302,1.11,1.1,234600000,237100000,https://www.sec.gov/Archives/edgar/data/1466258/000146625822000103/0001466258-22-000103-index.htm,https://www.sec.gov/Archives/edgar/data/1466258/000146625822000103/tt-20220331.htm,14.30306905370844,1.1091219096334186,-0.8022165387894288,-1.1210571184995737,5.74765558397272,25.645780051150897,-11.727195225916454,25.569479965899404,20.88235294117647,35823420000.0,39318020000.0,34.41911990776325,10.67603039785427,-190.34760892667376,-136.21072243346006,5.971963458140232,5.971963458140232,11.71748472656832,85.43681008257279,-208.9161530286929,-149.49817490494297,0.0072634047782149,-0.0073415659364739,0.8073550495115527,0.2745947417063089,7.593654932637984,1.3125761796970226,6.932142857142857,-0.7145026575550494,0.0043519016330657,0.5991544965411222,0.0,0.0,0.4971225101917003,-0.3974495217853347,0.0222917597973476,0.9676584734799484,0.006377589032931,25.260494553403248,0.023643080420574,0.0293374825237901,-32.02685421994885,1436100000.0,-2751200000.0,-5589900000.0,11626000000.0,2429600000.0,1859450000.0,1701550000.0,65.17121144389807,73.46038453412213,71.20515529262624,1.380977858259939,1.2251501346034377,1.263953426267158,0.0433767879171806,0.3188405797101449,2022-05-04,0.99,bmo,3153257601.0,2025-04-25,2022-03-31,0.1313131313131314,163.5814516129032,1704510.338709677
2021-12-31,TT,USD,1466258,2022-02-07,2022-02-07 16:00:00,2021,Q4,3569300000.0,2527800000.0,1041500000.0,0.2917939092,193500000,0.0,0.0,605800000.0,14900000.0,605800000.0,3133600000.0,1000000.0,56000000.0,76400000.0,527200000.0,0.1477040316,435700000.0,0.122068753,-41100000.0,394600000.0,0.1105538901,65500000.0,317800000.0,0.0890370661,1.35,1.32,235194833,240700000,https://www.sec.gov/Archives/edgar/data/1466258/000146625822000031/0001466258-22-000031-index.htm,https://www.sec.gov/Archives/edgar/data/1466258/000146625822000031/tt-20211231.htm,15.175928631051177,1.3512201605211285,1.815941254117602,1.384809333800288,9.18047379042549,26.67192948069569,-10.788077134330583,26.67192948069569,20.825712612487536,47516412110.99,50199312110.99,37.37917881607143,13.312529658753816,111.25359894870054,145.89012008286767,7.574630104890724,7.574630104890724,14.06418964810747,95.21872555195372,117.53526600559589,154.12745505369972,0.0066882154161319,0.006854473760334,0.7718831199885224,0.2681148185472707,5.088960546282246,1.443623951454578,7.7803571428571425,1.2499268364062042,0.0029295141155618,0.4380113278791693,0.0,0.0542123105370801,0.4878459340635001,0.2374151252634043,0.028408931723307,1.3272251308900525,0.004006387807133,28.476167206491496,0.0258170652401749,0.0343589854477047,-29.93284295493005,1988500000.0,-2537300000.0,-5315800000.0,12197700000.0,2430850000.0,1772550000.0,1506800000.0,61.25738940408483,63.63517683361025,54.50272964633277,1.4692105046513542,1.414312090863313,1.6512934413378626,0.0506607578390269,0.4311319203173141,2022-01-31,1.31,bmo,3541450314.0,2025-04-25,2021-12-31,0.0381679389312977,188.17390625,1155460.71875
2021-09-30,TT,USD,1466258,2021-11-03,2021-11-03 11:49:29,2021,Q3,3719800000.0,2515600000.0,1204200000.0,0.3237270821,0,0.0,0.0,620800000.0,-5500000.0,620800000.0,3136400000.0,800000.0,57700000.0,72200000.0,656800000.0,0.1765686327,583400000.0,0.1568363891,-64600000.0,518800000.0,0.139469864,96800000.0,405700000.0,0.1090650035,1.7,1.68,238200000,241700000,https://www.sec.gov/Archives/edgar/data/1466258/000146625821000188/0001466258-21-000188-index.htm,https://www.sec.gov/Archives/edgar/data/1466258/000146625821000188/tt-20210930.htm,15.61628883291352,1.7031905961376994,1.723761544920235,1.538623005877414,11.49790092359362,27.236356003358523,-8.483627204030226,27.18345927791772,20.56591099916037,41125230000.0,43227530000.0,25.34214320926793,11.055763750739288,100.15886507549928,112.21072305593452,6.351288783184816,6.351288783184816,11.620928544545404,65.81536236297198,105.27893326838772,117.9468758526603,0.0098649904207222,0.0089118042622497,0.7476486849623944,0.2659623561987012,3.200822168087698,1.6208183609597775,10.110918544194108,1.0046488867139711,0.0034115310722882,0.3458220359871826,0.0,0.0,0.467443495841162,0.1074037993180711,0.0118554761008656,0.610803324099723,0.0034141620517232,32.275668463789174,0.0333270112652063,0.041851924445774,-26.910474391267844,2677900000.0,-2020800000.0,-4723100000.0,12523100000.0,2482200000.0,1795500000.0,1434550000.0,58.8491316737459,62.88837653044999,53.0497694387025,1.529334374871521,1.4311070656502447,1.696520097113569,0.0626554030053589,0.1851385390428211,2021-11-03,1.84,bmo,3798300000.0,2025-04-25,2021-09-30,-0.0217391304347826,192.33296875,1087984.75
2021-06-30,TT,USD,1466258,2021-08-04,2021-08-04 14:12:01,2021,Q2,3829700000.0,2559000000.0,1270700000.0,0.3318014466,0,0.0,0.0,619700000.0,2200000.0,619700000.0,3178700000.0,1100000.0,59300000.0,74800000.0,727000000.0,0.1898321017,651000000.0,0.1699872053,-59000000.0,592000000.0,0.1545812988,122800000.0,464700000.0,0.1213410972,1.94,1.91,239900000,243400000,https://www.sec.gov/Archives/edgar/data/1466258/000146625821000169/0001466258-21-000169-index.htm,https://www.sec.gov/Archives/edgar/data/1466258/000146625821000169/tt-20210630.htm,15.963734889537308,1.93705710712797,2.0446019174656107,1.9045435598165903,12.14005835764902,26.98082534389329,-8.706961233847437,26.916631929970823,20.94414339308045,44175186000.0,46227986000.0,23.76543253712072,11.534894639266785,90.06154128440366,96.6845830597505,6.841123379740758,6.841123379740758,12.070915737525132,63.58732599724897,94.24665851172271,101.1774699058875,0.0105194803254478,0.0103429106104952,0.7689281898006907,0.2702973423192918,2.823658872077029,1.5788295774335792,10.978077571669475,1.0458422174840083,0.0032008920120902,0.3042823326877555,0.0,0.0,0.4660740143935022,0.0685015290519877,0.0087735331749223,0.4491978609625668,0.0038645324699062,34.25096635932623,0.0360009131019953,0.0473801731257455,-26.64474781158816,2612200000.0,-2088800000.0,-4771600000.0,12498600000.0,2345750000.0,1721050000.0,1379700000.0,59.50570540773428,64.4736225087925,48.75615474794842,1.5124600134275898,1.3959197032511454,1.8459207963644235,0.0719650627971443,0.1400583576490204,2021-08-04,1.9,bmo,3830000000.0,2025-04-25,2021-06-30,0.0105263157894736,178.1547619047619,1039589.1904761904
2021-03-31,TT,USD,1466258,2021-05-05,2021-05-05 15:29:38,2021,Q1,3017600000.0,2064400000.0,953200000.0,0.3158801697,0,0.0,0.0,600000000.0,-4600000.0,600000000.0,2664400000.0,0.0,59600000.0,76000000.0,423500000.0,0.1403433192,353200000.0,0.1170466596,-67900000.0,285300000.0,0.094545334,48400000.0,235200000.0,0.0779427359,0.98,0.97,239400000,243100000,https://www.sec.gov/Archives/edgar/data/1466258/000146625821000088/0001466258-21-000088-index.htm,https://www.sec.gov/Archives/edgar/data/1466258/000146625821000088/tt-20210331.htm,12.60484544695071,0.9824561403508772,1.086466165413534,0.9030910609857978,11.854636591478696,26.36925647451963,-9.42063492063492,26.30200501253133,21.016290726817044,39635064000.0,41768764000.0,42.12910714285714,13.134631495227996,152.3839446366782,183.3259204440333,6.294577159464482,6.294577159464482,13.841716595970308,98.62754191263282,160.58732795078816,193.1950231267345,0.005934139528575,0.005454766012236,0.7895723156574078,0.2789203805933306,5.038252656434475,1.586283715805107,5.926174496644295,1.093776282590412,0.0035372719468801,0.5960884353741497,0.0,0.0,0.480684215250662,0.1687812379853902,0.0145479851537645,0.5776315789473684,0.0081853128313891,24.112501786050142,0.0207623773506528,0.0254086229433815,-26.59941520467836,2447500000.0,-2255300000.0,-4889900000.0,12343300000.0,2180750000.0,1564550000.0,1281150000.0,64.40416224814422,70.14192985855455,59.86194535942647,1.3974252107066778,1.2831126856858723,1.503459325613575,0.0373528991376435,0.183375104427736,2021-05-05,0.62,bmo,2842640000.0,2025-04-25,2021-03-31,0.6290322580645161,154.80737704918033,1236057.6721311477
2020-12-31,TT,USD,1466258,2021-02-09,2021-02-09 12:04:57,2020,Q4,3179100000.0,2231200000.0,947900000.0,0.2981661477,165000000,0.0,0.0,559900000.0,-3500000.0,559900000.0,2791100000.0,900000.0,61900000.0,70600000.0,455300000.0,0.1432166336,388000000.0,0.1220471203,-65400000.0,322600000.0,0.1014752603,72400000.0,244700000.0,0.0769714699,1.02,1.01,238808388,244300000,https://www.sec.gov/Archives/edgar/data/1466258/000146625821000027/0001466258-21-000027-index.htm,https://www.sec.gov/Archives/edgar/data/1466258/000146625821000027/tt-20201231.htm,13.31234646582012,1.0246708754635536,2.6251171713449195,2.3860133422114136,13.7763167682368,26.913208760489603,-9.221200387651376,26.913208760489603,22.33589885460807,34665425602.08,36647625602.08,35.41625010429097,10.904163317316222,55.29657936206731,60.83788276953317,5.393634081013209,5.393634081013209,11.52767311568683,80.49116099732045,58.45848716235445,64.31664724829766,0.0070589065545849,0.0164371269096956,0.8202922002147158,0.2903666415152533,4.353613002415989,1.591555463366291,6.268174474959612,2.505595523581135,0.0036635926948601,0.5190028606456886,0.0,0.0519014815513824,0.4752625752477047,0.0910831073536449,0.0179610581611147,0.8087818696883853,0.0037746532037369,24.90956797293453,0.0204261756322695,0.0256835476252952,-25.935123350859858,2566700000.0,-2202100000.0,-4824000000.0,12545400000.0,2257350000.0,1489500000.0,1209200000.0,62.34122864961781,61.32036572248117,47.96880602366439,1.4436674083829073,1.4677016182081306,1.876219307097208,0.038073158967497,0.2391038291335059,2021-02-05,0.92,bmo,2798814130.0,2025-04-25,2020-12-31,0.1195652173913043,138.09640625,1233165.046875
2020-09-30,TT,USD,1466258,2020-10-28,2020-10-28 16:24:44,2020,Q3,3495500000.0,2360800000.0,1134700000.0,0.3246173652,0,0.0,0.0,567800000.0,-4500000.0,567800000.0,2928600000.0,1900000.0,62400000.0,74500000.0,645700000.0,0.1847232156,566900000.0,0.1621799456,-66900000.0,500000000.0,0.1430410528,89900000.0,400600000.0,0.1146044915,1.67,1.64,240000000,243700000,https://www.sec.gov/Archives/edgar/data/1466258/000146625820000231/0001466258-20-000231-index.htm,https://www.sec.gov/Archives/edgar/data/1466258/000146625820000231/tt-20200930.htm,14.564583333333331,1.669166666666667,3.877083333333333,3.754166666666667,13.292083333333334,26.5875,-8.317916666666667,26.5875,22.215416666666663,29100000000.0,31179200000.0,18.160259610584124,8.32498927192104,31.273508866200967,32.29744728079911,4.560413728255759,4.560413728255759,8.919811185810328,48.28743998761035,33.508006448146155,34.60510543840178,0.0137663230240549,0.0309621993127147,0.8257796583607585,0.293727772389266,3.2200712405141707,1.6722620560658017,9.084935897435898,2.299802273850717,0.0043642611683848,0.3170244633050424,0.0,0.0,0.4669777138588804,0.0317033852767329,0.0084394221141467,0.3959731543624161,0.0034329852667715,31.599474629730796,0.031655686119659,0.041894562909821,-25.08020833333333,2803400000.0,-1996300000.0,-4584900000.0,12494800000.0,2314500000.0,1413500000.0,1291100000.0,59.54341295951939,55.61335140630295,46.86038630972551,1.5115022053100406,1.618316424458459,1.9205987634233648,0.0627801285065036,0.1229166666666666,2020-10-28,1.35,bmo,2743168604.0,2025-04-25,2020-09-30,0.2740740740740739,112.28453125,1248004.953125
2020-06-30,TT,USD,1466258,2020-07-29,2020-07-29 16:33:59,2020,Q2,3138800000.0,2160500000.0,978300000.0,0.3116796228,0,0.0,0.0,554800000.0,-400000.0,554800000.0,2715300000.0,1800000.0,61300000.0,74200000.0,497400000.0,0.1584682044,423500000.0,0.1349241748,-61700000.0,361800000.0,0.115266981,83500000.0,238800000.0,0.0760800306,1.0,0.99,240000000,242300000,https://www.sec.gov/Archives/edgar/data/1466258/000146625820000190/0001466258-20-000190-index.htm,https://www.sec.gov/Archives/edgar/data/1466258/000146625820000190/tt-10qxq2x06302020.htm,13.078333333333331,0.995,0.855,0.75125,9.861666666666666,24.83125,-9.952083333333333,24.73708333333333,22.20583333333333,21355200000.0,24256500000.0,22.35678391959799,6.803619217535364,104.0701754385965,118.44259567387688,3.597028752379188,3.597028752379188,7.727953357971199,48.76658624849216,118.20906432748538,134.53410981697172,0.0111822881546414,0.0084429085187682,0.8873486162812242,0.3058652082026986,5.832931242460796,1.6569257286117205,6.908646003262643,0.8475836431226765,0.0059657600959017,0.533500837520938,0.0,0.0,0.484683805940686,0.121345029239766,0.0079329680132534,0.3355795148247978,0.0052567860328788,23.53298648971269,0.0229620443257198,0.0269052233088467,-27.01458333333333,2515500000.0,-2388500000.0,-4919400000.0,12178200000.0,2204100000.0,1407450000.0,1408350000.0,66.41901363578438,56.99514001388568,56.36195325156213,1.3550336729407702,1.5790820055547434,1.5968218773096825,0.0402230120096346,0.10375,2020-07-29,0.74,bmo,2204582836.0,2025-04-25,2020-06-30,0.7162162162162162,86.96809523809523,1732223.015873016
2020-03-31,TT,USD,1466258,2020-05-05,2020-05-05 16:32:44,2020,Q1,2641300000.0,1898800000.0,742500000.0,0.2811115738,0,0.0,0.0,588100000.0,16800000.0,588100000.0,2486900000.0,0.0,63200000.0,75000000.0,253300000.0,0.0958997463,154400000.0,0.0584560633,-50600000.0,103800000.0,0.0392988301,51000000.0,-29200000.0,-0.0110551622,-0.12,-0.12,239500000,242300000,https://www.sec.gov/Archives/edgar/data/1466258/000146625820000117/0001466258-20-000117-index.htm,https://www.sec.gov/Archives/edgar/data/1466258/000146625820000117/tt-10qxq1x03312020.htm,11.02839248434238,-0.1219206680584551,-1.3678496868475991,-1.5127348643006262,11.055114822546972,24.174530271398748,-10.778705636743217,24.102713987473905,23.53945720250522,19780305000.0,22707105000.0,-169.35192636986304,7.488852080414947,-60.3794413919414,-54.59648081700249,3.4265850743165998,3.4265850743165998,8.596942793321471,89.64510461902881,-69.31350732600733,-62.67486889318245,-0.0014762158621922,-0.0183161988654876,0.9656827079652148,0.3160935834335095,11.55467824713778,1.5468307866440294,2.4430379746835444,12.64864864864865,0.0063649170222602,-4.311643835616438,0.0,0.0,0.4746818934428088,-0.1059218559218559,0.0131374701851361,0.4626666666666666,0.0109794419414682,,0.0054209877431304,-0.0031518841142881,-28.799164926931105,2319000000.0,-2581500000.0,-5286000000.0,12016500000.0,2444950000.0,1414000000.0,1587950000.0,71.27626547533411,68.57120286496735,69.37697493153571,1.2626924180131944,1.3125043201769544,1.2972603675616587,-0.0050583792398572,0.1448851774530271,2020-05-05,0.5,bmo,3194130232.0,2025-04-25,2020-03-31,-0.14,101.65,2359171.35483871
2019-12-31,TT,USD,1466258,2020-02-18,2020-02-18 08:20:49,2019,Q4,4150900000.0,2904300000.0,1246600000.0,0.3003204124,174200000,0.0,0.0,821200000.0,-10400000.0,821200000.0,3725500000.0,900000.0,63300000.0,105600000.0,520800000.0,0.1254667662,425400000.0,0.1024837987,-73700000.0,351700000.0,0.0847286131,74500000.0,296100000.0,0.0713339276,1.24,1.22,238305042,242900000,https://www.sec.gov/Archives/edgar/data/1466258/000146625820000064/0001466258-20-000064-index.htm,https://www.sec.gov/Archives/edgar/data/1466258/000146625820000064/ir-10kx12312019.htm,17.418431289422738,1.242525116191205,3.635676327821885,3.3507474004683457,5.470299701002549,30.68504106597963,-15.18851623794011,30.68504106597963,23.653297272661145,24574015931.04,28843815931.04,20.74807153920973,5.920165730574093,28.36336095457064,30.775223457783344,3.3605951440074397,3.3605951440074397,6.948810120947265,55.38367114254992,33.29156963416436,36.12249960055104,0.012049312608526,0.0324936714552787,0.762184782014113,0.2719753273180658,8.198540706605224,1.2787593327711388,6.720379146919432,3.1255411255411256,0.0051680604568821,0.4289091523134076,0.0,0.0419668023802067,0.5334637888377586,0.0783702677746999,0.0163578982871184,0.6429924242424242,0.0020477486810089,29.28917922811017,0.0205939632967002,0.0309715074683067,-37.437835662746906,1355300000.0,-3619500000.0,-6962700000.0,14093400000.0,2883500000.0,1570050000.0,1801400000.0,60.66852971644703,42.8044623489309,53.05856832971801,1.4834709267002608,2.1025845218272643,1.696238757154538,0.0404928614408402,0.2849289273535387,2020-01-29,1.42,bmo,4210198571.0,2025-04-25,2019-12-31,-0.0140845070422535,98.30953125,1723574.125
2019-09-30,TT,USD,1466258,2019-10-29,2019-10-29 12:08:14,2019,Q3,4344300000.0,2935800000.0,1408500000.0,0.3242179407,0,0.0,0.0,785300000.0,-1700000.0,785300000.0,3721100000.0,0.0,64500000.0,104900000.0,721100000.0,0.165987616,623200000.0,0.1434523398,15400000.0,551900000.0,0.1270400295,112900000.0,458800000.0,0.1056096494,1.9,1.88,241700000,244600000,https://www.sec.gov/Archives/edgar/data/1466258/000146625819000264/0001466258-19-000264-index.htm,https://www.sec.gov/Archives/edgar/data/1466258/000146625819000264/ir-10qxq3x09302019.htm,17.973934629706246,1.8982209350434425,2.728175424079437,2.440628878775341,3.43773272652048,30.116259826230863,-14.928009929664874,29.944559371121223,23.321886636326024,23101686000.0,27843186000.0,12.588102659110724,5.317700435052828,35.03440400363967,39.16203763349721,3.191898695700232,3.191898695700232,6.409130584904357,38.61210095687144,42.22503184713376,47.19984065095779,0.0198600223377635,0.0255349328183233,0.7699237316237427,0.2744091909646475,6.575370961031757,1.2778417537321245,9.662015503875969,1.4229607250755287,0.005354587539628,0.2696163905841325,0.0,0.0,0.5361330385238515,0.105398847437064,0.0159979743572036,0.6625357483317446,0.0019105494556084,35.762148474337444,0.0303141054646921,0.048706434387507,-37.339366983864295,1327000000.0,-3608100000.0,-6924700000.0,13993300000.0,3038600000.0,1824350000.0,1920550000.0,61.50611145639113,53.91784181483752,57.958307786633966,1.4632692242918253,1.6692062770070502,1.5528403681370992,0.063391179396485,0.287546545304096,2019-10-29,1.91,bmo,4169654773.0,2025-04-25,2019-09-30,0.0418848167539267,94.670625,1539172.578125
2019-06-30,TT,USD,1466258,2019-08-05,2019-08-05 14:16:54,2019,Q2,4527800000.0,3094100000.0,1433700000.0,0.3166438447,0,0.0,0.0,783200000.0,3400000.0,783200000.0,3877300000.0,3200000.0,64700000.0,97600000.0,751600000.0,0.1659967313,650500000.0,0.1436680065,-61300000.0,589200000.0,0.1301294227,123300000.0,456100000.0,0.1007332479,1.89,1.86,241400000,244900000,https://www.sec.gov/Archives/edgar/data/1466258/000146625819000254/0001466258-19-000254-index.htm,https://www.sec.gov/Archives/edgar/data/1466258/000146625819000254/ir-10qxq2x06302019.htm,18.75642087821044,1.889395194697597,1.8487986743993368,1.6172328086164045,3.627174813587407,29.713753106876556,-16.226180613090307,29.713753106876556,24.086578293289147,23913084000.0,28787284000.0,13.107368998026748,5.281391404213967,53.58073941295093,61.25277663934426,3.333809756165568,3.333809756165568,6.357896550200981,38.301335816923896,64.50209276271566,73.73792008196722,0.0190732404067998,0.016325790517024,0.8016004684297843,0.2782035650002903,6.485098456625865,1.226110960966758,10.054095826893354,0.9579308864563212,0.0055074452128382,0.2887524665643499,0.0,0.0,0.5365838316979233,0.1252520725969079,0.0123459516763107,0.5727459016393442,0.0018772913997968,35.54114520626306,0.0311973134524635,0.0476210363657245,-38.57756835128418,1171300000.0,-3917000000.0,-7143200000.0,14055300000.0,2909300000.0,1845000000.0,1967100000.0,61.78431026105393,54.97268995830775,56.73539963155684,1.4566805005951806,1.637176570188899,1.586311202255832,0.0635865549498808,0.2315658657829329,2019-07-30,2.05,bmo,3548363636.0,2025-04-25,2019-06-30,0.0195121951219512,92.79555555555557,1883057.492063492
2019-03-31,TT,USD,1466258,2019-05-01,2019-04-30 18:13:39,2019,Q1,3575900000.0,2517300000.0,1058600000.0,0.2960373612,0,0.0,0.0,740100000.0,-18800000.0,740100000.0,3257400000.0,0.0,50900000.0,89300000.0,389200000.0,0.1088397327,318500000.0,0.0890684863,12300000.0,248800000.0,0.0695768897,43000000.0,199900000.0,0.0559020107,0.83,0.82,241000000,245200000,https://www.sec.gov/Archives/edgar/data/1466258/000146625819000150/0001466258-19-000150-index.htm,https://www.sec.gov/Archives/edgar/data/1466258/000146625819000150/ir-10qxq1x03312019.htm,14.837759336099586,0.8294605809128631,-0.2182572614107883,-0.4705394190871369,7.914522821576764,28.725311203319503,-11.013692946058091,28.725311203319503,23.451452282157675,20600680000.0,24294180000.0,25.763731865932964,5.76097765597472,-391.6479087452471,-181.66384479717817,2.9757728086901256,2.9757728086901256,6.79386448166895,62.42081192189106,-461.8665399239543,-214.23439153439156,0.0097035631833512,-0.0055046726612907,0.8090512509389265,0.2831454425964309,9.489979445015416,1.5784114960454494,6.257367387033399,-0.2555879494655005,0.0061988245048221,0.6388194097048524,0.0,0.0,0.484156513826399,-1.155893536121673,0.01700271260382,0.6808510638297872,0.0059285774210688,23.153758866460187,0.0166420589323871,0.019590548711767,-32.88890041493776,2596200000.0,-2654300000.0,-5773500000.0,13911700000.0,2694750000.0,1752700000.0,1830750000.0,68.21415587684218,64.3582409724705,70.92241687522345,1.3193742390141312,1.3984223098716737,1.2689922871401926,0.0288755994684231,0.2522821576763485,2019-04-30,0.8,bmo,2520179775.0,2025-04-25,2019-03-31,0.1124999999999999,78.60655737704919,1928578.3442622952
2018-12-31,TT,USD,1466258,2019-02-12,2019-02-12 14:34:27,2018,Q4,3895100000.0,2745000000.0,1150100000.0,0.2952684142,228700000,0.0,0.0,703400000.0,-20400000.0,703400000.0,3448400000.0,100000.0,49000000.0,88500000.0,514900000.0,0.1321917281,446700000.0,0.1146825499,-69400000.0,377300000.0,0.0968652923,121300000.0,254000000.0,0.0652101358,1.05,1.03,241905293,247700000,https://www.sec.gov/Archives/edgar/data/1466258/000146625819000073/0001466258-19-000073-index.htm,https://www.sec.gov/Archives/edgar/data/1466258/000146625819000073/ir-10kx12312018.htm,16.101755987621157,1.0499976947589982,2.109916627578712,1.6370042800179656,3.734519360020783,29.20481777139122,-10.456158146155156,29.20481777139122,17.115375809490864,17119637585.61,20307537585.61,16.850036993710628,4.395172803165515,33.54160968967476,43.231408044469696,2.423230322954648,2.423230322954648,5.21361135416549,39.439770024490194,39.78749526961207,51.28166056972223,0.0148367626785219,0.0231313307901365,0.5791105197599365,0.2283741466600427,6.191299281413867,1.328173876775494,9.116326530612245,1.95256312165264,0.0074943175261982,0.5051181102362204,0.0,0.0587147955123103,0.5355430395927412,0.2241379310344827,0.0293702343970629,1.2926553672316383,0.0033888731996611,26.26713355232907,0.0217270683938189,0.0305262778372011,-29.34371510424123,1416300000.0,-2529400000.0,-5118100000.0,12741300000.0,2715650000.0,1727000000.0,1749600000.0,61.905470976354906,55.91147540983607,55.00983606557377,1.4538295013436846,1.609687445024336,1.636071045416617,0.0359528932170762,0.4729123475607456,2019-01-30,1.29,bmo,3806575000.0,2025-04-25,2018-12-31,0.0232558139534883,76.26253968253968,2261525.365079365
2018-09-30,TT,USD,1466258,2018-10-24,2018-10-24 15:43:03,2018,Q3,4030900000.0,2718300000.0,1312600000.0,0.3256344737,0,0.0,0.0,725600000.0,-3500000.0,725600000.0,3443900000.0,100000.0,48500000.0,85200000.0,686000000.0,0.1701853184,587000000.0,0.1456250465,-57000000.0,530000000.0,0.1314842839,-1100000.0,515100000.0,0.1277878389,2.09,2.06,246400000,249500000,https://www.sec.gov/Archives/edgar/data/1466258/000146625818000221/0001466258-18-000221-index.htm,https://www.sec.gov/Archives/edgar/data/1466258/000146625818000221/ir-10qxq3x09302018.htm,16.35917207792208,2.0905032467532467,2.1091720779220777,1.7528409090909092,4.149756493506493,29.80194805194805,-9.437905844155845,29.659496753246756,16.797483766233768,19746496000.0,22814396000.0,9.583816734614638,4.898780917412985,37.995951510486826,45.72006482982171,2.7020013409778194,2.7020013409778194,5.659876454389838,33.257137026239064,43.89916490282855,52.823329474415374,0.0260856407131675,0.0218722349524695,0.5597077215692177,0.2234641754759758,4.472157434402332,1.4067067530064754,12.103092783505154,1.0005775895263769,0.0065530613633932,0.2512133566297806,0.0,0.0,0.5282143735147095,0.1689436213199923,0.0217817360887146,1.0305164319248827,0.0035475948299387,37.35068501170921,0.041044881543412,0.0596470506496213,-28.263088474025977,1758600000.0,-2325500000.0,-4878700000.0,13100700000.0,2849500000.0,1790400000.0,1777350000.0,61.44756754074773,57.89758304822868,60.30460214104403,1.4646633479888085,1.5544690341396463,1.492423410563303,0.0704834361872442,0.3563311688311688,2018-10-24,1.71,bmo,3938765142.0,2025-04-25,2018-09-30,0.0233918128654971,75.83349206349207,1845437.396825397
2018-06-30,TT,USD,1466258,2018-07-25,2018-07-25 13:40:17,2018,Q2,4357700000.0,2964100000.0,1393600000.0,0.3198017303,0,0.0,0.0,753300000.0,-4300000.0,753300000.0,3717400000.0,2600000.0,50300000.0,94400000.0,736000000.0,0.1688964362,640300000.0,0.1469353099,-53800000.0,586500000.0,0.1345893476,128000000.0,448100000.0,0.1028294743,1.81,1.79,247500000,250100000,https://www.sec.gov/Archives/edgar/data/1466258/000146625818000196/0001466258-18-000196-index.htm,https://www.sec.gov/Archives/edgar/data/1466258/000146625818000196/ir-10qxq2x06302018.htm,17.606868686868687,1.8105050505050504,1.7935353535353535,1.346666666666667,3.9171717171717177,27.57050505050505,-11.645656565656566,27.422626262626263,17.732525252525253,17228475000.0,20597475000.0,9.611958826154876,3.953570690960828,38.81161297589547,51.69059405940594,2.538414786875101,2.538414786875101,4.7266849484819975,27.98569972826087,46.40116017120973,61.79860486048605,0.0260092666356134,0.0193458794234544,0.639227357781674,0.236071585980988,4.577445652173913,1.296463063100974,12.72962226640159,0.980777728678745,0.0063963873761316,0.2459272483820575,0.0,0.0,0.5281343352613738,0.2491552151385447,0.0253803611997154,1.1716101694915255,0.005163274204282,33.42301714834313,0.0351891402707555,0.0516726438266123,-30.33484848484849,1409000000.0,-2882300000.0,-5392500000.0,12761800000.0,2731450000.0,1749100000.0,1756050000.0,60.86261101039539,55.62868999021625,52.62879120137647,1.4787403712375715,1.617870203591507,1.7100905786649745,0.0660223070236183,0.4468686868686868,2018-07-25,1.73,bmo,4075038378.0,2025-04-25,2018-06-30,0.069364161849711,68.105625,2127428.15625
2018-03-31,TT,USD,1466258,2018-04-25,2018-04-25 13:05:00,2018,Q1,3384500000.0,2420200000.0,964300000.0,0.2849165312,0,0.0,0.0,720900000.0,-4000000.0,720900000.0,3141100000.0,3600000.0,72900000.0,93400000.0,377300000.0,0.1114788004,243400000.0,0.071916088,-76900000.0,166500000.0,0.0491948589,33000000.0,120400000.0,0.03557394,0.49,0.48,248000000,253000000,https://www.sec.gov/Archives/edgar/data/1466258/000146625818000124/0001466258-18-000124-index.htm,https://www.sec.gov/Archives/edgar/data/1466258/000146625818000124/ir-10qxq1x03312018.htm,13.647177419354838,0.4854838709677419,-0.2669354838709677,-0.4798387096774194,4.738306451612903,28.79193548387097,-11.02741935483871,28.79193548387097,17.837096774193547,16452320000.0,19627920000.0,34.16179401993356,4.8610784458561085,-248.5244712990937,-138.2547899159664,2.3041174163912386,2.3041174163912386,5.799355887132516,52.02205141796978,-296.4942598187311,-164.94050420168068,0.0073181168370175,-0.0072330224551917,0.6093076018150244,0.2369004252631349,8.416644579909885,1.4052121184067397,3.3388203017832647,-0.4958801498127341,0.0067832378655411,0.9269102990033222,0.0,0.0,0.5377155583144115,-0.797583081570997,0.0156005318363126,0.5653104925053534,0.009100310237849,17.734301693488558,0.0133217670488312,0.0141815569087975,-29.32741935483871,1750800000.0,-2734800000.0,-5153200000.0,13237300000.0,2496700000.0,1611100000.0,1667100000.0,66.905008125277,61.95727625816048,66.14825221056111,1.3451907790143085,1.4526138887221656,1.3605801664043176,0.016861800459358,0.2129032258064516,2018-04-25,0.62,bmo,2997700000.0,2025-04-25,2018-03-31,0.129032258064516,69.61245901639344,2410430.295081967
2017-12-31,TT,USD,1466258,2018-02-12,2018-02-12 15:18:35,2017,Q4,3618100000.0,2542400000.0,1075700000.0,0.2973107432,210800000,0.0,0.0,689000000.0,-7800000.0,689000000.0,3231400000.0,2700000.0,53900000.0,91400000.0,470200000.0,0.1299577126,386700000.0,0.1068793013,-61600000.0,325000000.0,0.0898261518,-163000000.0,459900000.0,0.1271109146,1.84,1.81,249479157,253900000,https://www.sec.gov/Archives/edgar/data/1466258/000146625818000063/0001466258-18-000063-index.htm,https://www.sec.gov/Archives/edgar/data/1466258/000146625818000063/ir-10kx12312017.htm,14.502614340644095,1.8434405724723528,2.6066305811671477,2.3204343279065998,6.21053886277161,28.88778400032833,-9.90744088493132,28.88778400032833,16.505988113467932,17261462872.829998,19776062872.83,9.383269663421396,4.770863954238412,26.54384572171305,29.817693682553116,2.395130066024227,2.395130066024227,5.465869620195682,42.05883214128031,30.41067641523912,34.16144908072206,0.0266431647994269,0.0335371343822315,0.563904036409552,0.2236247682039035,5.3479370480646535,1.2674192212096107,7.174397031539889,1.4226646248085757,0.0064942352120368,0.2437486410089149,0.0,0.0582626240291865,0.5325725102210386,0.1097954790096878,0.0197341145905309,0.7811816192560175,0.0043392941046405,34.61488905352747,0.0401766447608285,0.0541396400108302,-27.18162944570155,1291100000.0,-2471700000.0,-4847300000.0,12521000000.0,2472800000.0,1522000000.0,1608250000.0,61.625162378043726,55.08535242290749,55.06057268722467,1.460442399289578,1.6338281601439495,1.6345634563456346,0.0638138450651459,0.2861962532605479,2018-01-31,1.03,bmo,3653571568.0,2025-04-25,2017-12-31,-0.0097087378640776,68.3684126984127,2232486.936507937
2017-09-30,TT,USD,1466258,2017-10-25,2017-10-25 15:11:56,2017,Q3,3670500000.0,2489900000.0,1180600000.0,0.3216455524,0,0.0,0.0,674500000.0,-7900000.0,674500000.0,3164400000.0,2300000.0,53900000.0,87800000.0,603900000.0,0.1645279935,506100000.0,0.1378831222,-61500000.0,444600000.0,0.1211279117,76400000.0,367000000.0,0.0999863779,1.45,1.43,253300000,256700000,https://www.sec.gov/Archives/edgar/data/1466258/000146625817000232/0001466258-17-000232-index.htm,https://www.sec.gov/Archives/edgar/data/1466258/000146625817000232/ir-10qxq3x09302017.htm,14.490722463482037,1.4488748519542043,1.8464271614686143,1.568495854717726,4.970390840900119,27.02092380576392,-10.84761152783261,26.75167785234899,16.251480457954994,17523294000.0,20326894000.0,11.936848773841962,4.774089088680016,37.46695317511225,44.10595016360433,2.5860060210737585,2.5860060210737585,5.537908731780411,33.659370756747805,43.46139405601882,51.162582431412034,0.0209435509100058,0.0226726778652461,0.599539564947906,0.2292301442210034,4.642490478556052,1.2400076781981828,9.38961038961039,1.2575961279913956,0.0064599726512606,0.3084468664850136,0.0,0.0,0.5412293768479022,0.1505238400684199,0.0191799482359351,0.8018223234624146,0.0038141942514643,29.531275776312075,0.0296396869260727,0.0451375650313011,-27.389261744966444,1125300000.0,-2747700000.0,-5064500000.0,12246400000.0,2532350000.0,1543550000.0,1632800000.0,60.51982018798528,53.7816779790353,60.04217036828789,1.4871161170083462,1.6734323543248877,1.4989464812473663,0.0541601487559399,0.2779313067508883,2017-10-25,1.43,bmo,3645010416.0,2025-04-25,2017-09-30,0.006993006993007,68.59761904761905,2068083.825396825
2017-06-30,TT,USD,1466258,2017-07-26,2017-07-26 13:14:01,2017,Q2,3908400000.0,2653100000.0,1255300000.0,0.3211800225,0,0.0,0.0,697700000.0,-9400000.0,697700000.0,3350800000.0,1300000.0,54100000.0,87400000.0,650500000.0,0.1664363934,557600000.0,0.142667076,-65600000.0,492000000.0,0.1258827142,138100000.0,358600000.0,0.0917511002,1.4,1.38,256400000,259700000,https://www.sec.gov/Archives/edgar/data/1466258/000146625817000211/0001466258-17-000211-index.htm,https://www.sec.gov/Archives/edgar/data/1466258/000146625817000211/ir-10qxq2x06302017.htm,15.243369734789392,1.3985959438377535,1.750780031201248,1.578003120124805,5.109594383775351,26.49765990639625,-10.670826833073322,26.215288611544462,16.068252730109204,18178760000.0,20934460000.0,12.673424428332403,4.651202538123017,40.49623524170194,44.93020266930301,2.704528683646751,2.704528683646751,5.3562736669736974,32.18210607225211,46.63501893517487,51.74112703905091,0.0197263179666819,0.0222567435842708,0.6048857414901214,0.22875629448336,4.236279784780938,1.4999359549122582,10.306839186691311,1.2393705135284374,0.0056164446859961,0.284718349135527,0.0,0.0,0.536191521084761,0.0986856760971263,0.0113345614573738,0.5068649885583524,0.0048869102446013,28.72200231824808,0.0281834173031744,0.0435009401346515,-26.988202028081123,1951500000.0,-2736000000.0,-5124500000.0,12991100000.0,2397950000.0,1488850000.0,1602100000.0,59.7904513355849,54.24899174550526,54.42878142550224,1.5052570768342,1.6590170085042522,1.6535369273917109,0.0533503927636277,0.172776911076443,2017-07-26,1.46,bmo,3829707382.0,2025-04-25,2017-06-30,0.0205479452054794,68.0657142857143,2201134.523809524
2017-03-31,TT,USD,1466258,2017-04-26,2017-04-26 12:32:17,2017,Q1,3000600000.0,2126100000.0,874500000.0,0.2914417117,0,0.0,0.0,659500000.0,-9700000.0,659500000.0,2785600000.0,3100000.0,54000000.0,86700000.0,334400000.0,0.1114443778,215000000.0,0.0716523362,-58700000.0,156300000.0,0.0520895821,28700000.0,117100000.0,0.0390255282,0.45,0.45,259400000,262600000,https://www.sec.gov/Archives/edgar/data/1466258/000146625817000123/0001466258-17-000123-index.htm,https://www.sec.gov/Archives/edgar/data/1466258/000146625817000123/ir-10qxq1x03312017.htm,11.567463377023902,0.451426368542791,-0.1673091750192752,-0.3030069390902081,5.098303777949114,25.65111796453354,-10.787201233616036,25.380878951426368,15.907478797224364,16365546000.0,19115446000.0,34.939252775405635,5.454091181763648,-377.08631336405534,-208.2130534351145,2.485729517907592,2.485729517907592,6.370541225088315,57.16341507177034,-440.448064516129,-243.19905852417304,0.0071552760903913,-0.0048027728497417,0.618548558583189,0.2359512152727483,8.223385167464114,1.531931750657876,3.9814814814814814,-0.3583815028901734,0.0062753787744081,0.8770281810418445,0.0,0.0,0.5476462238187665,-0.8110599078341014,0.0117309871359061,0.405997693194925,0.0082650136639338,16.056025515301034,0.0124600817183154,0.0149985910802571,-26.34425597532768,1879900000.0,-2798200000.0,-5191600000.0,12829700000.0,2211200000.0,1356250000.0,1492750000.0,65.96880623875225,58.35332298574856,67.71694652180048,1.3642811675911612,1.5423286180631122,1.3290616990685753,0.0177860809866642,0.1356977640709329,2017-04-26,0.53,bmo,2790031578.0,2025-04-25,2017-03-31,0.0754716981132074,61.56612903225806,2365644.564516129
2016-12-31,TT,USD,1466258,2017-02-13,2017-02-13 16:21:25,2016,Q4,3358800000.0,2351300000.0,1007500000.0,0.2999583184,207900000,0.0,0.0,660600000.0,-25000000.0,660600000.0,3011900000.0,2600000.0,53800000.0,87500000.0,409300000.0,0.1218589973,346900000.0,0.1032809337,-78800000.0,268100000.0,0.0798201739,63900000.0,198800000.0,0.0591878052,0.77,0.75,259006320,262600000,https://www.sec.gov/Archives/edgar/data/1466258/000146625817000053/0001466258-17-000053-index.htm,https://www.sec.gov/Archives/edgar/data/1466258/000146625817000053/ir-10kx12312016.htm,12.968023328542715,0.7675488381905121,1.5358698583107933,1.3227476456945144,6.6203017748756094,25.938749293839624,-10.521750975034124,25.938749293839624,15.922391391839396,15076757887.2,17432257887.2,18.95970559255533,4.488733442658092,37.90034662443439,44.00688233274956,2.244132873971094,2.244132873971094,5.190025570799095,42.59041751087222,43.821663869281046,50.88224718972563,0.0131858587560644,0.0227237183592941,0.6058377863447598,0.2339544989481186,5.754947471292451,1.5539927025596747,6.447955390334572,1.9615384615384617,0.0068317075043995,0.5181086519114688,0.0,0.0618971061093247,0.5428109947463414,0.138763197586727,0.0164344408717399,0.6308571428571429,0.0045849708229129,21.16502492092875,0.0186490941183585,0.0249940280868504,-25.49841254838878,1989000000.0,-2725200000.0,-5099800000.0,12943500000.0,2291900000.0,1363200000.0,1470900000.0,59.565916398713824,51.06111512780164,53.043848084038615,1.5109311740890687,1.7625937031484258,1.6967094818877182,0.0295908191060238,0.213122212616279,2017-02-01,0.92,bmo,3678685714.0,2025-04-25,2016-12-31,-0.0869565217391305,55.95777777777778,2754771.126984127
2016-09-30,TT,USD,1466258,2016-10-26,2016-10-26 11:49:40,2016,Q3,3567800000.0,2418700000.0,1149100000.0,0.3220752284,0,0.0,0.0,645400000.0,4000000.0,645400000.0,3064100000.0,800000.0,54500000.0,88700000.0,607700000.0,0.1703290543,503700000.0,0.1411794383,-52800000.0,450900000.0,0.1263804025,83200000.0,377400000.0,0.1057794719,1.45,1.44,259200000,261800000,https://www.sec.gov/Archives/edgar/data/1466258/000146625816000519/0001466258-16-000519-index.htm,https://www.sec.gov/Archives/edgar/data/1466258/000146625816000519/ir-10qxq3x09302016.htm,13.76466049382716,1.4560185185185186,2.6338734567901234,2.4621913580246915,5.804783950617284,26.354552469135804,-10.699074074074074,26.096064814814813,15.912037037037036,13662432000.0,16227732000.0,9.050365659777423,3.829371601547172,20.01235095942581,21.407759323096208,2.0198447687053718,2.0198447687053718,4.548386120298223,26.703524765509297,23.769931155705287,25.42734565966781,0.027623193293844,0.046712034870512,0.601691281914815,0.2296796257315221,4.221326312325161,1.5430415294054112,9.242201834862383,1.7876407436501702,0.0060823724502343,0.2201907790143084,0.0,0.0,0.5420064447316294,0.0651823641423758,0.0124726722349907,0.5016910935738444,0.003980043724424,29.23898008983338,0.0285694558833414,0.0465030311991719,-26.371913580246915,2011100000.0,-2773200000.0,-5174300000.0,13164300000.0,2429400000.0,1446250000.0,1578650000.0,59.55266550815628,51.81130359283913,57.89887129449704,1.5112673669942391,1.737072680264292,1.5544344473007712,0.0557945624695081,0.1716820987654321,2016-10-26,1.29,bmo,3264157446.0,2025-04-25,2016-09-30,0.0930232558139533,51.70359375,2482722.890625
2016-06-30,TT,USD,1466258,2016-07-27,2016-07-27 12:01:34,2016,Q2,3688200000.0,2512300000.0,1175900000.0,0.3188276124,0,0.0,0.0,670700000.0,-1200000.0,670700000.0,3183000000.0,2600000.0,56500000.0,88000000.0,606400000.0,0.1644162464,505200000.0,0.1369773873,338400000.0,851700000.0,0.2309256548,92500000.0,747600000.0,0.2027005043,2.88,2.86,259200000,261600000,https://www.sec.gov/Archives/edgar/data/1466258/000146625816000492/0001466258-16-000492-index.htm,https://www.sec.gov/Archives/edgar/data/1466258/000146625816000492/ir-10qx06302016xq2.htm,14.229166666666666,2.884259259259259,1.6655092592592593,1.5,3.583333333333333,24.992283950617285,-12.160108024691358,24.746913580246915,15.981867283950615,12804480000.0,15961680000.0,4.281861958266453,3.4717423133235723,29.660597637248088,32.93333333333333,1.9962085308056872,1.9962085308056872,4.327769643728648,26.32203166226913,36.97400972897846,41.0537037037037,0.0583858149647623,0.0303643724696356,0.6370042404589673,0.2344166833997877,5.20646437994723,1.431605213559502,8.941592920353981,0.5737639553429027,0.0062712425651022,0.1074103798822899,0.0,0.0,0.5524741114712716,0.0993745656706045,0.0116316902554091,0.4875,0.0045279540155089,40.07457522192976,0.0321101556382106,0.0958387816321821,-28.35474537037037,1625900000.0,-3151900000.0,-5559500000.0,12816600000.0,2326550000.0,1422950000.0,1607000000.0,60.95656417764764,53.73920312064642,57.3645663336385,1.476461168935148,1.6747550163322444,1.5689127583838132,0.1165502619107009,0.1655092592592592,2016-07-27,1.3,bmo,3474391304.0,2025-04-25,2016-06-30,0.0615384615384614,49.92375,2284766.53125
2016-03-31,TT,USD,1466258,2016-04-26,2016-04-26 16:45:42,2016,Q1,2894100000.0,2047000000.0,847100000.0,0.2926989392,0,0.0,0.0,629800000.0,3300000.0,629800000.0,2676800000.0,2000000.0,56700000.0,88000000.0,321800000.0,0.1111917349,217300000.0,0.0750837912,-54800000.0,170600000.0,0.0589475139,41900000.0,152400000.0,0.0526588577,0.58,0.58,259400000,261300000,https://www.sec.gov/Archives/edgar/data/1466258/000146625816000403/0001466258-16-000403-index.htm,https://www.sec.gov/Archives/edgar/data/1466258/000146625816000403/ir-10qx03312016xq1.htm,11.156900539707015,0.5875096376252892,-0.046260601387818,-0.2008481110254433,2.3627602158828065,22.56245181187355,-14.783346183500386,22.33153430994603,17.460678488820356,12479734000.0,16339434000.0,20.47200459317585,4.312129504854704,-1039.9778333333334,-239.5342418426104,2.1543526446623398,2.1543526446623398,5.645773815693998,50.77512119328776,-1361.6195,-313.6167754318618,0.0122117987450694,-0.0041747684686228,0.7720963955254799,0.2638312933195694,11.994095711622126,1.2246253275998067,3.8324514991181657,-0.0771208226221079,0.006586678850687,0.5393700787401575,0.0,0.0,0.5714496386963575,-3.341666666666667,0.0138557755433468,0.4556818181818182,0.0080508620987526,17.181379795470292,0.0118959032253465,0.0209772883688919,-31.087991518889744,882800000.0,-3834800000.0,-6286900000.0,12152500000.0,2152850000.0,1297550000.0,1511700000.0,67.01876230952628,59.170493404982906,70.90522716170005,1.3429075216927289,1.521028384603953,1.2692999317914058,0.0263085209225245,0.1545875096376253,2016-04-26,0.37,bmo,2141634000.0,2025-04-25,2016-03-31,0.3513513513513513,42.32131147540984,3260850.4918032787
2015-12-31,TT,USD,1466258,2016-02-12,2016-02-12 14:13:34,2015,Q4,3325800000.0,2341000000.0,984800000.0,0.2961092068,205900000,0.0,0.0,625500000.0,5100000.0,625500000.0,2966500000.0,2800000.0,56300000.0,94900000.0,459300000.0,0.1381021108,359300000.0,0.1080341572,-51200000.0,308100000.0,0.092639365,68700000.0,233500000.0,0.0702086716,0.89,0.88,261251517,265200000,https://www.sec.gov/Archives/edgar/data/1466258/000146625816000319/0001466258-16-000319-index.htm,https://www.sec.gov/Archives/edgar/data/1466258/000146625816000319/ir-10kx12312015.htm,12.730261007441346,0.8937747144258688,2.2893646967799235,1.997308976391513,2.820270704877859,22.503984158683373,-14.457715091468732,22.503984158683373,16.44124424356931,11205077564.13,14707277564.13,11.996871053672375,3.3691375200342777,18.73445504786825,21.47389337702185,1.9058847401228056,1.9058847401228056,4.422177390140718,32.021070246309606,24.58999759928106,28.185660337543123,0.0208387669486096,0.0465681738491842,0.7210164648251463,0.2532439601405118,7.625081645983018,1.2634031356210942,6.381882770870337,2.5077568134171906,0.0067737148239806,0.3250535331905781,0.0,0.061909916411089,0.5768812579157406,0.1275706403611436,0.0229418485777857,0.804004214963119,0.0036382223825846,21.273306520957405,0.0205363487658933,0.0329685845393575,-29.87351074405436,961000000.0,-3777100000.0,-6250200000.0,12192400000.0,2246500000.0,1295050000.0,1494300000.0,58.19772686270972,48.02947458351131,54.23451516445963,1.5464521528875663,1.873849355639158,1.6594598426313178,0.0397162879303306,0.2920557203884102,2016-02-09,0.93,bmo,3290419148.0,2025-04-25,2015-12-31,0.0107526881720429,43.63375,2986340.453125
2015-09-30,TT,USD,1466258,2015-10-27,2015-10-27 12:16:31,2015,Q3,3486900000.0,2379400000.0,1107500000.0,0.3176173679,0,0.0,0.0,632100000.0,-900000.0,632100000.0,3011500000.0,2500000.0,55800000.0,88500000.0,563900000.0,0.161719579,475400000.0,0.1363388683,-43600000.0,431800000.0,0.123834925,113800000.0,300900000.0,0.0862944162,1.13,1.12,265600000,268300000,https://www.sec.gov/Archives/edgar/data/1466258/000146625815000267/0001466258-15-000267-index.htm,https://www.sec.gov/Archives/edgar/data/1466258/000146625815000267/ir-10qx09302015xq3.htm,13.128388554216867,1.132906626506024,0.3125,0.0941265060240963,2.452936746987952,21.82492469879518,-14.815888554216867,21.60542168674699,17.422439759036145,10461984000.0,14382084000.0,8.692243270189431,3.000368235395337,126.048,418.47936,1.823153492262652,1.823153492262652,4.124604663167857,25.50467104096471,173.27812048192771,575.28336,0.0287612751080483,0.0023896041133307,0.7966680607834936,0.2564841983606465,6.951764497251285,1.2201940035273369,8.519713261648745,0.2712418300653594,0.0072739549209786,0.2529079428381522,0.0,0.0,0.5459911019350205,0.6987951807228916,0.0166336860821933,0.655367231638418,0.0035561673692965,23.46765479209382,0.0247863243350969,0.0371834954215735,-33.246046686746986,998800000.0,-3935100000.0,-6492600000.0,12310200000.0,2402750000.0,1405850000.0,1606200000.0,60.45943388109782,50.7153063797596,59.6835336639489,1.4886014344262295,1.7746121718377088,1.507953609227454,0.0524362191551652,0.2183734939759036,2015-10-27,1.16,bmo,3342813223.0,2025-04-25,2015-09-30,0.0431034482758621,46.37734375,3750646.875
2015-06-30,TT,USD,1466258,2015-07-28,2015-07-28 16:26:48,2015,Q2,3600200000.0,2494500000.0,1105700000.0,0.3071218266,0,0.0,0.0,653500000.0,16100000.0,653500000.0,3148000000.0,2400000.0,55800000.0,92800000.0,545000000.0,0.1513804789,452200000.0,0.1256041331,-33800000.0,418400000.0,0.1162157658,331400000.0,78900000.0,0.0219154491,0.29,0.29,266500000,269400000,https://www.sec.gov/Archives/edgar/data/1466258/000146625815000249/0001466258-15-000249-index.htm,https://www.sec.gov/Archives/edgar/data/1466258/000146625815000249/ir-10qx06302015xq2.htm,13.509193245778611,0.2960600375234521,1.1076923076923078,0.8840525328330207,2.925328330206379,22.091932457786115,-14.61013133208255,21.8671669793621,16.69831144465291,13937950000.0,17552650000.0,44.16333967046894,3.871437697905672,47.21527777777777,59.15938030560272,2.39171356990871,2.39171356990871,4.875465251930448,32.20669724770642,59.46019647696477,74.50191001697793,0.005660803776739,0.01690349011153,0.7540496945569359,0.245672786635955,6.632477064220184,1.240235996141508,8.10394265232975,3.5609167671893847,0.005560358589319,0.982256020278834,0.0,0.0,0.546833419057629,0.2018970189701897,0.0165546358535636,0.6422413793103449,0.0038053441475473,12.06917027885242,0.0066739681645608,0.0097338909656167,-32.101782363977485,1070900000.0,-3893600000.0,-6470700000.0,12438000000.0,2326650000.0,1413500000.0,1623750000.0,61.57407921782123,53.06915213469633,58.971737823211065,1.461654013235354,1.6959004691005506,1.5261547873967574,0.0135390212094172,0.223639774859287,2015-07-28,1.23,bmo,3690204999.0,2025-04-25,2015-06-30,-0.024390243902439,53.103968253968254,2240713.571428572
2015-03-31,TT,USD,1466258,2015-04-23,2015-04-23 11:35:40,2015,Q1,2887800000.0,2086700000.0,801100000.0,0.2774084078,0,0.0,0.0,630000000.0,2500000.0,630000000.0,2716700000.0,2900000.0,55100000.0,87900000.0,259000000.0,0.0896876515,171100000.0,0.0592492555,-81500000.0,89600000.0,0.0310270794,26900000.0,51300000.0,0.0177643881,0.19,0.19,265400000,268500000,https://www.sec.gov/Archives/edgar/data/1466258/000146625815000182/0001466258-15-000182-index.htm,https://www.sec.gov/Archives/edgar/data/1466258/000146625815000182/ir-10qx03312015xq1.htm,10.880934438583273,0.193293142426526,-0.4717407686510927,-0.6816126601356444,2.76525998492841,21.802938960060285,-14.995101733232856,21.568198944988698,17.328937452901283,14015774000.0,17825874000.0,68.30299220272904,4.853443451762588,-111.94707667731628,-77.47802100608071,2.4485122811921314,2.4485122811921314,6.17282152503636,68.82576833976835,-142.3791853035144,-98.53993366500828,0.0036601617577452,-0.0129068861983647,0.79382271758499,0.2610144178298581,14.71081081081081,1.283419233186675,3.1052631578947367,-2.259927797833935,0.0052654958620194,1.4385964912280702,0.0,0.0,0.5609856970532483,-0.444888178913738,0.0192880393379042,0.6336746302616609,0.008483967033728,9.68515159342074,0.0084117950256231,0.006712199717381,-31.79898266767144,1127300000.0,-3979700000.0,-6517700000.0,12457600000.0,2154600000.0,1323050000.0,1485950000.0,68.25888219405776,58.48900177313461,69.56917621124263,1.3185097251392568,1.5387508295848389,1.293676379417235,0.0089619510149889,0.2098718914845516,2015-04-23,0.32,bmo,2431831578.0,2025-04-25,2015-03-31,0.1875,51.24098360655737,2427616.229508197
2014-12-31,TT,USD,1466258,2015-02-13,2015-02-13 11:27:34,2014,Q4,3240500000.0,2261100000.0,979400000.0,0.3022373091,212300000,0.0,0.0,633100000.0,9800000.0,633100000.0,2894200000.0,3800000.0,68000000.0,81900000.0,438000000.0,0.1351643265,346300000.0,0.1068662243,-58200000.0,288100000.0,0.088906033,71200000.0,255500000.0,0.0788458571,0.97,0.95,262899321,269500000,https://www.sec.gov/Archives/edgar/data/1466258/000146625815000045/0001466258-15-000045-index.htm,https://www.sec.gov/Archives/edgar/data/1466258/000146625815000045/ir-10kx12312014.htm,12.326011294643092,0.9718549254069774,1.8090575441235164,1.4941080810170673,6.486133146003827,22.99511454424791,-11.899231949708993,22.99511454424791,16.32716274683722,12929388606.78,15448588606.78,12.65106517297456,3.989936308217868,27.18542600248108,32.91595877489817,2.1387151564462235,2.1387151564462235,4.767347201598519,35.270750243789955,32.482314143776286,39.32940073009165,0.0197611818911544,0.0303804001833482,0.6987792371058987,0.2442061450414775,5.751598173515982,1.556940618095524,5.0926470588235295,1.82782475019216,0.0050659781364799,0.2563600782778865,0.0,0.0655145810831661,0.53031765760037,0.1740958788898234,0.0255516124054929,1.010989010989011,0.0042586020675821,22.423828730344237,0.018470762579198,0.0314469279243796,-27.68816584353217,2041800000.0,-3128300000.0,-5545200000.0,12692500000.0,2210800000.0,1335250000.0,1388950000.0,58.85202900786916,51.34668966432268,54.08916014329309,1.5292590844738083,1.7527906976744183,1.663919346530282,0.0422635392199027,0.314949463106449,2015-01-30,0.7,bmo,2766280487.0,2025-04-25,2014-12-31,0.1714285714285714,47.37921875,2594155.421875
2014-09-30,TT,USD,1466258,2014-10-22,2014-10-22 11:50:22,2014,Q3,3385000000.0,2327000000.0,1058000000.0,0.3125553914,0,0.0,0.0,618000000.0,4300000.0,618000000.0,2945000000.0,3000000.0,52300000.0,82300000.0,531900000.0,0.1571344165,440000000.0,0.129985229,-42700000.0,397300000.0,0.1173707533,94100000.0,291300000.0,0.08605613,1.09,1.07,267900000,271600000,https://www.sec.gov/Archives/edgar/data/1466258/000146625814000067/0001466258-14-000067-index.htm,https://www.sec.gov/Archives/edgar/data/1466258/000146625814000067/ir-10qx09302014xq3.htm,12.635311683463978,1.0873460246360582,1.4091078760731617,1.192235908921239,3.49645390070922,23.642030608435984,-10.946995147443076,23.419559537140724,13.36282194848824,11712588000.0,14303488000.0,10.051997940267764,3.460144165435746,31.026723178807945,36.67059486537257,1.8668156388964152,1.8668156388964152,4.225550369276219,26.891310396691107,37.89003443708609,44.78236693800877,0.0248706775991779,0.0272698057850237,0.5622479718206596,0.2091594725358125,4.871028388794886,1.2518401937046004,8.413001912045889,1.274476704929102,0.0056691142896855,0.2279437006522485,0.0,0.0,0.5494260506593303,0.1539072847682119,0.0171639586410635,0.7059538274605103,0.0038109305760709,23.93671263211268,0.0246600883682495,0.038332982419202,-26.721724524076148,1040100000.0,-2932700000.0,-5361800000.0,11772200000.0,2376000000.0,1429650000.0,1403950000.0,61.221270310192025,53.39278040395359,54.881822088526,1.470077303917311,1.68562115175661,1.6398872445384074,0.046428969892096,0.2168719671519223,2014-10-22,1.04,bmo,3200363636.0,2025-04-25,2014-09-30,0.0576923076923077,47.00671875,2396024.359375
2014-06-30,TT,USD,1466258,2014-07-22,2014-07-22 11:30:00,2014,Q2,3542900000.0,2439900000.0,1103000000.0,0.3113268791,0,0.0,0.0,639700000.0,-1200000.0,639700000.0,3079600000.0,3600000.0,53000000.0,85900000.0,549200000.0,0.1550142539,463300000.0,0.1307685794,-44400000.0,418900000.0,0.1182364729,103700000.0,306000000.0,0.0863699229,1.13,1.12,270400000,274200000,https://www.sec.gov/Archives/edgar/data/1466258/000146625814000044/0001466258-14-000044-index.htm,https://www.sec.gov/Archives/edgar/data/1466258/000146625814000044/ir-10qx06302014xq2.htm,13.102440828402369,1.131656804733728,0.9101331360946746,0.7544378698224852,3.4386094674556213,23.816937869822485,-10.886834319526628,23.60318047337278,13.3698224852071,13111696000.0,15744096000.0,10.712169934640524,3.700837167292331,53.27791954490045,64.27301960784314,2.054384156181941,2.054384156181941,4.44384430833498,28.667327021121636,63.97438439658675,77.17694117647059,0.0233379419413018,0.0155586279608679,0.558137348604735,0.2075946711423476,4.793153678077204,1.2520862227028045,8.741509433962264,0.7928479381443299,0.0051099415361674,0.218954248366013,0.0,0.0,0.5468664405515344,0.1710686712718407,0.0118829207711197,0.490104772991851,0.0036410849868751,24.51511259225904,0.0252231127762529,0.0393543823548324,-26.84171597633136,1072400000.0,-2943800000.0,-5392800000.0,11929000000.0,2267750000.0,1359450000.0,1368650000.0,62.221908605944286,54.54813721873848,51.23201770564367,1.4464358618437168,1.6499188531241546,1.7567139462884296,0.0479450981621045,0.1556952662721893,2014-07-22,1.11,bmo,3480292035.0,2025-04-25,2014-06-30,0.0180180180180178,46.07904761904762,2955666.603174603
2014-03-31,TT,USD,1466258,2014-04-23,2014-04-23 11:49:10,2014,Q1,2722900000.0,1954800000.0,768100000.0,0.2820889493,0,0.0,0.0,613100000.0,6600000.0,613100000.0,2567900000.0,2800000.0,52000000.0,82300000.0,237300000.0,0.0871497301,155000000.0,0.0569246024,-49800000.0,105200000.0,0.0386352786,24500000.0,79000000.0,0.0290131845,0.28,0.28,278300000,282300000,https://www.sec.gov/Archives/edgar/data/1466258/000146625814000021/0001466258-14-000021-index.htm,https://www.sec.gov/Archives/edgar/data/1466258/000146625814000021/ir-10qx03312014xq1.htm,9.78404599353216,0.2838663312971613,-0.4527488321954725,-0.6342076895436579,3.226374416097736,22.81602587136184,-11.039525691699604,22.58426158821416,12.857348185411428,12359303000.0,14987603000.0,39.11171835443038,4.539021998604429,-98.08970634920634,-70.02437960339944,1.9664136383885955,1.9664136383885955,5.504279628337434,63.15888327012221,-118.94923015873016,-84.91559773371105,0.0063919462125008,-0.0142807405886885,0.5610322662763317,0.2102181948253249,11.075853350189634,1.4360782930700051,2.980769230769231,-1.507177033492823,0.0053239248200323,0.8329113924050633,0.0,0.0,0.5617026350304042,-0.4007936507936508,0.0185464027323809,0.6136087484811664,0.0094751918909985,12.010225158059672,0.008650381676264,0.0107453754080522,-26.18621990657564,1483800000.0,-3072300000.0,-5537900000.0,12374100000.0,2078800000.0,1201550000.0,1257250000.0,68.95185280399573,57.09484346224678,62.081031307550646,1.305258616557212,1.5763244899604871,1.4497181845149807,0.0125692102081079,0.1814588573481854,2014-04-23,0.26,bmo,2441220689.0,2025-04-25,2014-03-31,0.1153846153846152,46.22131147540984,3271284.3606557376
2013-12-31,TT,USD,1466258,2014-02-14,2014-02-14 16:25:10,2013,Q4,3098900000.0,2200300000.0,898600000.0,0.2899738617,218200000,0.0,0.0,680600000.0,-800000.0,680600000.0,2880900000.0,3200000.0,53400000.0,51600000.0,268800000.0,0.0867404563,218000000.0,0.0703475427,111800000.0,163800000.0,0.0528574656,80700000.0,47600000.0,0.0153602891,0.17,0.16,282700041,293300000,https://www.sec.gov/Archives/edgar/data/1466258/000146625814000009/0001466258-14-000009-index.htm,https://www.sec.gov/Archives/edgar/data/1466258/000146625814000009/ir-10kx12312013.htm,10.961795368115988,0.1683763462913682,0.7757338811280894,0.5825963074409317,6.85249281587476,25.22567727537047,-8.246549918257706,25.22567727537047,12.64449763556985,13510234959.39,15094234959.39,70.95711638335084,4.359687295295105,61.60617856538988,82.02935615901639,1.894498192389887,1.894498192389887,4.87083641272387,56.15414791439732,68.82916078153214,91.6468424978142,0.0035232547874318,0.012190757636345,0.4937669148682568,0.1994099025376456,5.892857142857143,1.6771401748518453,4.082397003745318,6.041322314049586,0.0046261223574472,1.3130252100840336,0.0,0.0704120817064119,0.5358787185484282,0.2489740082079343,0.0176191551840975,1.058139534883721,0.0058085126980541,9.775820470831167,0.0075662281146231,0.0058080654017448,-22.82604904185352,2308100000.0,-2331300000.0,-4810100000.0,13239100000.0,2257300000.0,1281800000.0,1306800000.0,60.16167027009584,47.5707858019361,47.697586692723725,1.4959691045136374,1.8919174548581257,1.8868879169882515,0.0066747998261186,0.1931375736871577,2014-02-11,0.61,bmo,1556000000.0,2025-04-25,2013-12-31,0.0,49.76703125,3339474.578125
2013-09-30,TT,USD,1466258,2013-10-23,2013-10-23 11:53:17,2013,Q3,3749500000.0,2504700000.0,1244800000.0,0.3319909321,0,0.0,0.0,756800000.0,6000000.0,756800000.0,3261500000.0,3600000.0,103400000.0,93500000.0,471700000.0,0.1258034405,376600000.0,0.1004400587,-100300000.0,279200000.0,0.0744632618,95800000.0,165900000.0,0.0442458995,0.57,0.56,288700000,295500000,https://www.sec.gov/Archives/edgar/data/1466258/000146625813000052/0001466258-13-000052-index.htm,https://www.sec.gov/Archives/edgar/data/1466258/000146625813000052/ir-10qx09302013xq3.htm,12.98753030827849,0.5746449601662625,1.8091444405957744,1.6414963630065813,3.754416349151368,24.89296847939037,-10.302390024246623,24.89296847939037,12.576030481468653,14544706000.0,16988106000.0,21.91788125376733,3.879105480730764,27.847417193183997,30.69150875712176,2.023864692622381,2.023864692622381,4.530765702093612,36.014640661437355,32.52557151062608,35.84744882886685,0.0114062119921846,0.0325823017667046,0.4908162413380458,0.1856278286496158,5.17998728005088,1.4627916645013772,3.642166344294004,2.847873500545256,0.003506430449677,0.3074141048824593,0.0,0.0,0.5347279233764867,0.0926670495883591,0.012908387785038,0.5176470588235295,0.0036538205094012,17.940287757052126,0.0159326445858677,0.0187646333601022,-28.31806373397991,1781100000.0,-2974300000.0,-6185700000.0,13593700000.0,2507200000.0,1437800000.0,1441250000.0,58.64221896252834,50.32698526769673,52.01221703197988,1.5347304653923295,1.7883050121376554,1.730362694300518,0.0230846297275484,0.1676480775891929,2013-10-18,1.1,bmo,3649858407.0,2025-04-25,2013-09-30,0.027272727272727,47.58921875,2715338.71875
2013-06-30,TT,USD,1466258,2013-07-24,2013-07-24 12:17:24,2013,Q2,3932700000.0,2678800000.0,1253900000.0,0.3188394742,0,0.0,0.0,770900000.0,-1700000.0,770900000.0,3449700000.0,2500000.0,62400000.0,93900000.0,468400000.0,0.1191039235,483000000.0,0.1228163857,31400000.0,418900000.0,0.1065171511,99800000.0,317200000.0,0.0806570549,1.09,1.05,291900000,301200000,https://www.sec.gov/Archives/edgar/data/1466258/000146625813000035/0001466258-13-000035-index.htm,https://www.sec.gov/Archives/edgar/data/1466258/000146625813000035/ir-10qx06302013xq2.htm,13.472764645426516,1.0866735183281946,1.4964028776978415,1.264131551901336,7.538540596094553,24.58444672833162,-10.497088043850631,24.58444672833162,16.595409386776293,12732678000.0,15313978000.0,10.035212799495586,3.2376428407963997,29.149903846153844,34.50590243902439,1.7742925225049468,1.7742925225049468,3.894011239097821,32.69423142613151,35.059473443223446,41.50129539295393,0.0249122768988582,0.0289805491036528,0.6663415177949332,0.235862225444788,5.510888129803587,1.3267209388175407,7.740384615384615,1.3688498903165152,0.0051206823890465,0.2055485498108449,0.0,0.0,0.5051026699615758,0.1552197802197802,0.0172400640781142,0.7220447284345048,0.0047295751010755,24.517208497392897,0.0219612989872537,0.0316144078776885,-28.266615279205208,1681600000.0,-3064100000.0,-6269000000.0,13584900000.0,2395050000.0,1402800000.0,1450650000.0,58.84430543901137,49.555771240854114,48.21188591906824,1.5294598063236495,1.816135593220339,1.866759581881533,0.0442016666202168,0.2322713257965056,2013-07-19,1.08,bmo,3725715789.0,2025-04-25,2013-06-30,0.0555555555555553,43.17296875,3406808.609375
2013-03-31,TT,USD,1466258,2013-04-25,2013-04-25 11:01:27,2013,Q1,3112400000.0,2192100000.0,920300000.0,0.2956882149,0,0.0,0.0,726800000.0,-7000000.0,726800000.0,2918900000.0,3500000.0,61000000.0,94700000.0,204200000.0,0.0656085336,193500000.0,0.0621706722,5500000.0,125500000.0,0.0403225806,23700000.0,88000000.0,0.0282740008,0.29,0.29,299600000,302500000,https://www.sec.gov/Archives/edgar/data/1466258/000146625813000015/0001466258-13-000015-index.htm,https://www.sec.gov/Archives/edgar/data/1466258/000146625813000015/ir-10qx03312013xq1.htm,10.388518024032043,0.2937249666221629,-0.0267022696929239,-0.2650200267022697,2.7800400534045395,24.524365821094797,-9.727636849132177,24.524365821094797,11.005340453938585,12643120000.0,15046420000.0,35.91795454545454,4.062177098059375,-1580.39,-159.23324937027706,1.720737665872746,1.720737665872746,4.834346485027631,73.6847208619001,-1880.8025,-189.5015113350126,0.006960307265928,-0.006280095419485,0.4404491323579448,0.1740519434419925,11.769343780607247,1.2269294396892756,3.172131147540984,-0.0785854616895874,0.0052835059700453,0.759090909090909,0.0,0.0,0.551913861444714,-8.925,0.0229404960801953,0.7539598732840549,0.0069078524611232,12.730943286936462,0.010200394198996,0.0105624504885133,-26.75450600801068,946500000.0,-2914400000.0,-6128400000.0,12861400000.0,2342950000.0,1175000000.0,1387550000.0,64.16013365891273,54.62980703435062,60.20117695360613,1.4027402199387056,1.6474522771681948,1.4949873832094387,0.0119768628785301,0.2383177570093458,2013-04-23,0.4,bmo,2964190476.0,2025-04-25,2013-03-31,0.0499999999999999,40.68983333333333,2966761.8833333333
2012-12-31,TT,USD,1466258,2013-02-14,2013-02-14 14:35:19,2012,Q4,3470200000.0,2410500000.0,1059700000.0,0.3053714483,235400000,0.0,0.0,692200000.0,3800000.0,692200000.0,3102700000.0,16300000.0,61400000.0,90100000.0,461400000.0,0.1329606363,367500000.0,0.1059016771,-57600000.0,309900000.0,0.0893032102,69000000.0,235600000.0,0.0678923405,0.8,0.78,295583174,304000000,https://www.sec.gov/Archives/edgar/data/1466258/000146625813000006/0001466258-13-000006-index.htm,https://www.sec.gov/Archives/edgar/data/1466258/000146625813000006/ir-12312012x10k.htm,11.740181124112295,0.7970683743994169,1.506851672145587,1.1966175043509073,2.9842700044894976,24.4577521181906,-10.523264764725749,24.4577521181906,11.145424671568078,10998649904.54,13349549904.54,11.670893362202888,3.1694570643017697,24.69387046371801,31.09598502838564,1.5213990157470294,1.5213990157470294,3.846910813365224,28.93270460455137,29.97204738334082,37.74257818642918,0.0214208109217795,0.032158492457697,0.4472078901138422,0.1748238513159104,5.095145210229735,1.1877778578809506,5.985342019543974,1.8496677740863787,0.0061825770062861,0.2886247877758913,0.0,0.0678347069333179,0.5591226903298022,0.2058823529411764,0.0264249899141259,1.0177580466148723,0.004351334217048,20.94340627147305,0.0186773203410327,0.0288969839692877,-26.64825231222397,781400000.0,-3110500000.0,-6320900000.0,12773800000.0,2394000000.0,1159950000.0,1385450000.0,63.98449657080284,38.06098319850653,48.866210329807096,1.4065907340602326,2.3646262507357267,1.8417634474327629,0.0325896006528986,0.3102341677946796,2013-02-01,0.7,bmo,3196236842.0,2025-04-25,2012-12-31,0.0857142857142858,36.24209677419354,3852074.629032258
2012-09-30,TT,USD,1466258,2012-10-25,2012-10-25 11:16:15,2012,Q3,3592800000.0,2454400000.0,1138400000.0,0.3168559341,0,0.0,0.0,690600000.0,0.0,690600000.0,3145000000.0,6100000.0,60600000.0,92300000.0,557500000.0,0.155171454,447800000.0,0.1246381652,-43200000.0,404600000.0,0.1126141171,65300000.0,321600000.0,0.089512358,1.04,1.03,301001865,312000000,https://www.sec.gov/Archives/edgar/data/1466258/000146625812000007/0001466258-12-000007-index.htm,https://www.sec.gov/Archives/edgar/data/1466258/000146625812000007/ir-10qxq3x9302012.htm,11.93613866811091,1.0684319181876163,1.4282303533235583,1.2385305320284312,3.088352957547289,25.016456293385424,-9.346785941010696,25.016456293385424,11.152090369938406,10387574361.15,12754174361.15,8.0749178802472,2.891219762065798,24.16276892568039,27.86366513184013,1.3794919470318725,1.3794919470318725,3.549926063557671,22.87744280026906,29.66777008874157,34.21184109750536,0.0309600671743731,0.0358890330926812,0.437742363877822,0.176642390529627,4.245022421524664,1.2088486165368346,7.389438943894389,1.2666470241602827,0.0046882937543282,0.1514303482587064,0.0,0.0,0.5542997701001592,0.1328215864154454,0.0158928969049209,0.6186348862405201,0.0042863504787352,24.52322488245511,0.0244503333950845,0.0386682537964866,-25.677498709185738,903500000.0,-2813400000.0,-5900700000.0,12865500000.0,2374400000.0,1395150000.0,1468550000.0,58.138777555110224,47.6878259452412,53.61351043024772,1.5480201645913223,1.8872741253364087,1.678681348744956,0.0427091633466135,0.1896998212951272,2012-10-19,0.98,bmo,3290510280.0,2025-04-25,2012-09-30,0.0918367346938776,34.165396825396826,4630008.444444444
2012-06-30,TT,USD,1466258,2012-07-26,2012-07-26 11:00:30,2012,Q2,3821300000.0,2644000000.0,1177300000.0,0.3080888703,0,0.0,0.0,703600000.0,0.0,703600000.0,3347600000.0,3900000.0,62100000.0,95100000.0,577100000.0,0.1510219035,477900000.0,0.1250621516,-58000000.0,419900000.0,0.1098840709,54800000.0,365800000.0,0.0957265852,1.22,1.16,308252270,314400000,https://www.sec.gov/Archives/edgar/data/1466258/000144530512002282/0001445305-12-002282-index.htm,https://www.sec.gov/Archives/edgar/data/1466258/000144530512002282/ir-10qxq2x6302012.htm,12.39666458903936,1.1866903688981756,0.9381926043886069,0.7406271493150723,2.930716455064548,23.963164975232782,-9.48281743391541,23.66762781665809,10.88588901551317,10086014274.4,12476114274.4,6.893120745215964,2.639419641064559,34.87556803042877,44.17877474551029,1.3824790660672186,1.3824790660672186,3.2648874138120534,21.61863502755155,43.14009085200553,54.64789432501095,0.0362680430592351,0.0226353040744215,0.451436482263282,0.1757592575792344,4.141569918558309,1.3739639824004912,7.695652173913044,0.7921117502054231,0.0049375301923179,0.1361399671951886,0.0,0.0,0.5501875797147081,0.2105809128630705,0.0159369847957501,0.6403785488958991,0.0032449689896108,25.138382697692208,0.0272452269422166,0.0433983082015446,-25.59648628053899,1461900000.0,-2923100000.0,-5980900000.0,13380800000.0,2329200000.0,1417000000.0,1453800000.0,57.182372491037086,50.711800302571866,50.20801815431165,1.5739116108571194,1.7747348637400993,1.792542372881356,0.0501398102966171,0.1975654550735344,2012-07-20,0.91,bmo,3477383000.0,2025-04-25,2012-06-30,0.0989010989010988,31.84015873015873,6058950.73015873
2012-03-31,TT,USD,1466258,2012-04-26,2012-04-26 13:55:34,2012,Q1,3150700000.0,2249400000.0,901300000.0,0.2860634145,0,0.0,0.0,689600000.0,-300000.0,689600000.0,2939000000.0,4700000.0,69400000.0,98000000.0,309800000.0,0.0983273558,212000000.0,0.0672866347,-69600000.0,142400000.0,0.0451963056,38000000.0,95600000.0,0.0303424636,0.32,0.31,298689400,312400000,https://www.sec.gov/Archives/edgar/data/1466258/000144530512001199/0001445305-12-001199-index.htm,https://www.sec.gov/Archives/edgar/data/1466258/000144530512001199/ir-10qxq1x3312012.htm,10.548415846026003,0.3200649236296969,0.0549065350159731,-0.1222005200050621,3.6476018231647993,24.435082061834137,-10.572855950027018,24.129748159794087,12.435325793282251,9581955952.0,12137355952.0,25.05741619246861,3.041214952867617,584.2656068292683,-262.5193411506849,1.329479271294382,1.329479271294382,3.8522728130256767,39.17803728857327,740.08268,-332.5303000547945,0.0099770861480578,-0.0038092431423024,0.5057233638116909,0.1927447714232833,8.24854744996772,1.3090917959223491,3.0547550432276656,0.1570881226053639,0.0048633076830491,0.4874476987447699,0.0,0.0,0.5529467756008567,3.225609756097561,0.016789919700384,0.539795918367347,0.002189989526137,13.182163519099856,0.0099788109871232,0.0113082564466524,-27.23004231151156,1267400000.0,-3158000000.0,-6244200000.0,13364000000.0,2183050000.0,1284200000.0,1357300000.0,63.71441267020028,53.78234195785543,57.31928514270472,1.4125532391840394,1.6734116946882904,1.5701521708781236,0.0132643292217612,0.1771070550210352,2012-04-20,0.25,bmo,2540887096.0,2025-04-25,2012-03-31,0.24,29.337419354838712,6470336.20967742
2011-12-31,TT,USD,1466258,2012-02-21,2012-02-21 09:32:50,2011,Q4,3453800000.0,2461000000.0,992800000.0,0.2874515027,0,0.0,0.0,656000000.0,0.0,656000000.0,3117000000.0,0.0,70300000.0,100600000.0,437400000.0,0.1266431177,341500000.0,0.0988765997,-65900000.0,275600000.0,0.0797961665,18800000.0,242300000.0,0.0701546123,0.81,0.78,298689400,312400000,https://www.sec.gov/Archives/edgar/data/1466258/000144530512000370/0001445305-12-000370-index.htm,https://www.sec.gov/Archives/edgar/data/1466258/000144530512000370/ir-12312011x10k.htm,11.56318235598585,0.8112105752664809,1.4931899156782933,1.112192130018675,3.885976536160975,23.477230862561576,-11.482831329133209,23.18227563482333,12.43063865004918,7061017416.0,9542917416.0,7.285407981840693,2.044419889976258,15.831877614349777,21.255320337146298,1.0197445829903384,1.0197445829903384,2.763019693091667,21.81736949245542,21.3966758206278,28.72642208308248,0.0343151681584805,0.0470470444170336,0.5260603959967073,0.1942284928176088,5.674211248285323,1.2565401866892956,4.857752489331436,1.736760124610592,0.0050700908793793,0.1477507222451506,0.0,0.0,0.5567926117882928,0.2551569506726457,0.032949215356998,1.1312127236580516,0.0033586194915744,20.570085341546378,0.0206720356273755,0.0291506256015399,-27.916625096170137,1058100000.0,-3429800000.0,-6559200000.0,13140900000.0,2250850000.0,1284600000.0,1397450000.0,55.650008686084895,44.76960585127997,46.883380739536776,1.6172504214272336,2.01029243587649,1.9196567862714509,0.0349927068440131,0.3809977856596183,2012-02-08,0.66,bmo,2999352631.0,2025-04-25,2011-12-31,0.1515151515151514,23.823968253968257,7818850.73015873
2011-09-30,TT,USD,1466258,2011-10-28,2011-10-28 10:56:12,2011,Q3,3928500000.0,2771800000.0,1156700000.0,0.2944380807,0,0.0,0.0,712200000.0,0.0,712200000.0,3484000000.0,0.0,69700000.0,103200000.0,298600000.0,0.0760086547,179700000.0,0.0457426499,-48400000.0,131300000.0,0.0334224259,29200000.0,86200000.0,0.0219422171,0.26,0.25,312176652,340200000,https://www.sec.gov/Archives/edgar/data/1466258/000144530511003119/0001445305-11-003119-index.htm,https://www.sec.gov/Archives/edgar/data/1466258/000144530511003119/ir-10qxq3x9302011.htm,12.584221064681032,0.2761257110285108,1.307913315695371,1.1467865956868548,4.496812913478232,24.5972911516778,-9.18518403483935,24.310914834207395,11.886539163729644,6802329247.08,9039529247.08,19.72833308317865,1.7315334725925926,16.660125513299043,19.000919684581007,0.8963052253936463,0.8963052253936463,2.3010129176734124,30.27303833583389,22.139429946313985,25.25008169575419,0.0126721299232909,0.0526290314679602,0.479754391050558,0.1866949708753794,7.492297387809779,1.36987976830591,2.5781922525107603,-1.498898678414097,0.0056451251630437,0.445475638051044,0.0,0.0,0.5407590860612027,0.1231937301004163,0.0128038691612574,0.4874031007751938,0.0012727504136438,12.289814664910717,0.0087723884498217,0.009624510121367,-25.270547779466863,1602800000.0,-2867400000.0,-5887600000.0,13750100000.0,2485550000.0,1417550000.0,1551900000.0,54.20618556701031,43.67198210549102,49.12367414676384,1.660327120578167,2.060817843866171,1.8321105162271136,0.0113580962671129,0.1611267200085162,2011-10-20,0.79,bmo,4191876543.0,2025-04-25,2011-09-30,0.0253164556962025,27.4228125,10580082.328125
2011-06-30,TT,USD,1466258,2011-07-28,2011-07-28 14:58:41,2011,Q2,3892200000.0,2708400000.0,1183800000.0,0.304146755,0,0.0,0.0,708300000.0,0.0,708300000.0,3416700000.0,6600000.0,71600000.0,100600000.0,475500000.0,0.1221674117,475500000.0,0.1221674117,109700000.0,408400000.0,0.1049278043,93900000.0,92300000.0,0.0237140949,0.28,0.26,330976917,350900000,https://www.sec.gov/Archives/edgar/data/1466258/000144530511002207/0001445305-11-002207-index.htm,https://www.sec.gov/Archives/edgar/data/1466258/000144530511002207/ir-10qxq2x6302011.htm,11.75973247705368,0.2788714114464967,1.193436701206568,1.0786250691917587,3.806307737164643,25.27366583694415,-7.053361972067678,25.01141189855243,11.197759751928562,11660316785.91,14035116785.91,31.58265651654929,2.9958164497995994,29.51978933141772,32.661951781260505,1.4085570276038266,1.4085570276038266,3.6059598134499766,29.51654423955836,35.5319412301519,39.31405262159664,0.0079157369130427,0.0306166638998512,0.4390567997873933,0.1769479808183832,4.994321766561514,1.478566622533805,6.641061452513966,1.625514403292181,0.0034304385321962,0.4333694474539545,0.0,0.0,0.5208977386139578,0.0962025316455696,0.0097631159755408,0.3777335984095427,0.0028261651508144,12.527440844579068,0.0219442218314564,0.0093791281373844,-24.67392612760364,2204900000.0,-2334500000.0,-5363300000.0,14544700000.0,2468800000.0,1436500000.0,1584600000.0,60.2358563280407,49.51595037660611,52.86552946389012,1.494126679462572,1.8175961344876184,1.702432585329059,0.0111497668575294,0.114811632014809,2011-07-21,0.93,bmo,4113347727.0,2025-04-25,2011-06-30,-0.053763440860215,36.89492063492064,4558643.968253968
2011-03-31,TT,USD,1466258,2011-04-28,2011-04-28 11:52:41,2011,Q1,3138000000.0,2249800000.0,888200000.0,0.2830465264,0,0.0,0.0,656300000.0,0.0,656300000.0,2906100000.0,0.0,68300000.0,98300000.0,145000000.0,0.0462077757,231900000.0,0.0739005736,126900000.0,168700000.0,0.0537603569,41500000.0,-77600000.0,-0.0247291268,-0.23,-0.22,331081433,348500000,https://www.sec.gov/Archives/edgar/data/1466258/000119312511113959/0001193125-11-113959-index.htm,https://www.sec.gov/Archives/edgar/data/1466258/000119312511113959/d10q.htm,9.47803074176014,-0.2343834243341576,-0.1887753095474852,-0.3120078316200836,2.7730337871287394,24.784536920860795,-7.5377226001072675,24.490953559452542,11.319571641457769,12408932108.839998,15170232108.839998,-39.97722973208763,3.95440793780752,-198.54291374143995,-120.12518982420134,1.530360992642289,1.530360992642289,4.8343633234034415,104.6222904057931,-242.72371374144,-146.85607075353337,-0.0062535598808473,-0.0083246486558186,0.4537707344145033,0.1828318715992944,19.04344827586207,1.462269359959509,3.395314787701318,-0.3145445395067942,0.0018615622841182,-0.297680412371134,0.0,0.0,0.5317548262068623,-0.6528,0.0130019120458891,0.4150559511698881,0.0047801147227533,,0.0105530131526286,-0.0082349944817047,-25.5589687507484,2009300000.0,-2495600000.0,-5562900000.0,14372500000.0,2338400000.0,1350750000.0,1489550000.0,66.90057361376674,55.32091741488133,63.13761223219842,1.345279945125611,1.6268710680454117,1.4254577710194514,-0.0095702041068015,0.1232325220725983,2011-04-21,0.32,bmo,2869028571.0,2025-04-25,2011-03-31,0.0937499999999999,36.22709677419355,5553512.725806451
2010-12-31,TT,USD,1466258,2011-02-22,2011-02-22 15:19:10,2010,Q4,3711700000.0,2700800000.0,1010900000.0,0.2723549856,0,0.0,0.0,697300000.0,0.0,697300000.0,3398100000.0,0.0,70900000.0,107700000.0,421300000.0,0.1135059407,313600000.0,0.084489587,-59700000.0,253900000.0,0.0684053129,35400000.0,212100000.0,0.0571436269,0.64,0.61,331081433,348500000,https://www.sec.gov/Archives/edgar/data/1466258/000119312511042044/0001193125-11-042044-index.htm,https://www.sec.gov/Archives/edgar/data/1466258/000119312511042044/d10k.htm,11.210837063158417,0.640627890480346,0.5391422840676179,0.3512730960059606,3.063596743584229,24.34174555478621,-10.190846310611445,24.05541116526459,11.341016516622362,12094404747.49,14764004747.49,14.255545435513907,3.2584542790338658,67.7557688935014,103.99316205924332,1.5185772443893373,1.5185772443893373,3.977693441681709,35.043922970543555,82.71151119042017,126.9475902621668,0.0175370350528427,0.0096160168630156,0.4625516366786786,0.1842788468753282,6.336577260859245,1.271201685246988,4.423131170662906,0.816933638443936,0.0035718996430118,0.2036775106082037,0.0,0.0,0.5719152214257487,0.3484593837535014,0.0167578198669073,0.5775301764159703,0.0072742947975321,18.62089590923107,0.016328827492406,0.0247844072074598,-25.549454475147208,1145800000.0,-3374000000.0,-6561100000.0,14355400000.0,2405350000.0,1359950000.0,1469900000.0,56.84133954791605,43.94031398104266,46.67950236966825,1.583354662571453,2.0482329743667527,1.9280411193603657,0.0266313423653051,0.1878691880616573,2011-02-09,0.65,bmo,3891298387.0,2025-04-25,2010-12-31,-0.0461538461538461,32.3671875,7362596.03125
2010-09-30,TT,USD,1466258,2010-11-01,2010-11-01 15:28:12,2010,Q3,3730300000.0,2651400000.0,1078900000.0,0.2892260676,0,0.0,0.0,670700000.0,0.0,670700000.0,3322100000.0,0.0,70200000.0,107000000.0,515200000.0,0.1381122162,408200000.0,0.1094281961,-61500000.0,349200000.0,0.0936117739,72100000.0,232200000.0,0.0622470043,0.72,0.68,324700000,339000000,https://www.sec.gov/Archives/edgar/data/1466258/000119312510242526/0001193125-10-242526-index.htm,https://www.sec.gov/Archives/edgar/data/1466258/000119312510242526/d10q.htm,11.488450877733293,0.7151216507545427,0.7948875885432707,0.656298121342778,2.496766245765322,23.632583923621805,-11.712657838004311,23.32553125962427,11.49183862026486,8994190000.0,11844690000.0,9.683667097329888,2.411117068332305,34.847694691979854,42.206428906616615,1.1875399403205786,1.1875399403205786,3.1752647240168352,22.990469720496893,45.89186361875242,55.58277803847959,0.0258166660922217,0.0236930729726634,0.4834033114156698,0.1809313427525166,5.532802795031056,1.2712708328530924,5.814814814814815,0.9211277658815132,0.0025238515085849,0.0977605512489233,0.0,0.0,0.5671573932681996,0.1743510267338241,0.0120633729190681,0.4205607476635514,0.0032168994450848,19.37300517291927,0.0194713840068678,0.0265107835637708,-28.123575608253773,1176800000.0,-3803100000.0,-7046900000.0,14439400000.0,2644000000.0,1411600000.0,1484250000.0,59.50861860976329,47.56619144602851,52.240325865580445,1.512385972025137,1.8921001926782277,1.7228070175438597,0.0306583221104333,0.1385894672004927,2010-10-22,0.79,bmo,3681795000.0,2025-04-25,2010-09-30,0.0126582278481012,27.39546875,4725560.765625
2010-06-30,TT,USD,1466258,2010-08-05,2010-08-05 12:34:48,2010,Q2,3703400000.0,2655800000.0,1047600000.0,0.2828751958,0,0.0,0.0,664600000.0,0.0,664600000.0,3320400000.0,4900000.0,71100000.0,110300000.0,476500000.0,0.1286655506,383000000.0,0.1034184803,-40300000.0,323100000.0,0.087244154,60900000.0,196400000.0,0.0530323487,0.61,0.58,323800000,339100000,https://www.sec.gov/Archives/edgar/data/1466258/000119312510178827/0001193125-10-178827-index.htm,https://www.sec.gov/Archives/edgar/data/1466258/000119312510178827/d10q.htm,11.437306979617048,0.6065472513897467,0.9919703520691784,0.8746139592340951,2.537368746139592,22.10067943174799,-13.020691785052502,21.777022853613342,12.218035824583076,8664888000.0,11728388000.0,11.029643584521386,2.339711616352541,26.97661270236613,30.59635593220339,1.2288181070425732,1.2288181070425732,3.16692444780472,24.61361594963273,36.51428393524284,41.413799435028245,0.0226661902612012,0.0326836307636059,0.5509686019797487,0.1908455443501839,6.429171038824764,1.1853818554587392,5.386779184247539,1.2043494563179602,0.0025966867661763,0.1145621181262729,0.0,0.0,0.5586349859755468,0.1183063511830635,0.0102608413889938,0.3445149592021759,0.0040773343414159,17.239427209002468,0.0188884628655794,0.021858653311074,-29.489268066707844,904200000.0,-4216100000.0,-7419400000.0,14060400000.0,2497200000.0,1307900000.0,1396750000.0,68.56807258195172,48.18548083440018,48.44303034867084,1.3125642388800285,1.8677825444827345,1.8578523959426367,0.0278526250106361,0.1173563928350833,2010-07-23,0.72,bmo,3491621052.0,2025-04-25,2010-06-30,0.0555555555555556,29.04888888888889,7980425.587301588
2010-03-31,TT,USD,1466258,2010-05-07,2010-05-07 14:07:55,2010,Q1,2953400000.0,2173300000.0,780100000.0,0.2641362497,0,0.0,0.0,646600000.0,0.0,646600000.0,2819900000.0,2400000.0,71200000.0,112100000.0,250400000.0,0.0847836392,133500000.0,0.0452021399,-59200000.0,70400000.0,0.0238369337,54000000.0,1400000.0,0.0004740299,0.0043,0.0042,322700000,336600000,https://www.sec.gov/Archives/edgar/data/1466258/000119312510112590/0001193125-10-112590-index.htm,https://www.sec.gov/Archives/edgar/data/1466258/000119312510112590/d10q.htm,9.152153703129844,0.0043383947939262,-0.1933684536721413,-0.2996591261233343,1.8565230864580105,22.077161450263404,-13.65664704059498,21.74589401921289,12.403160830492718,8729035000.0,12061235000.0,1558.75625,2.955588474300806,-139.8883814102564,-90.26923474663909,1.2439129877162485,1.2439129877162485,4.083847430080585,48.1678714057508,-193.28902243589744,-124.72838676318511,0.0001603842807366,-0.0110779713908811,0.5602217345455582,0.1993893501448011,13.307507987220449,1.1458729554963865,1.875,-3.804878048780488,0.0025776045118389,16.071428571428573,0.0,0.0,0.584849391632474,-0.5496794871794872,0.0116137333243041,0.3059768064228367,0.0065687004808017,1.4569492618310582,0.0018827715277475,0.0001710362352481,-30.001936783390143,613600000.0,-4407000000.0,-7772400000.0,14000700000.0,2146549999.5,1129600000.0,1278600000.0,66.21554818175662,49.441402475498094,56.48552891915521,1.3591973859818676,1.8203367116173883,1.5933284457478003,0.0001995040898338,0.106290672451193,2010-04-23,0.18,bmo,3322575000.0,2025-04-25,2010-03-31,-0.111111111111111,26.725081967213114,6188294.901639344
2009-12-31,TT,USD,1466258,2010-02-26,2010-02-26 16:43:53,2009,Q4,3305900000.0,2411700000.0,894200000.0,0.2704861006,0,0.0,0.0,671400000.0,0.0,671400000.0,3083100000.0,2400000.0,76400000.0,109200000.0,335400000.0,0.1014549744,222800000.0,0.067394658,-73000000.0,149800000.0,0.0453129254,16700000.0,139400000.0,0.0421670347,0.52,0.5,322700000,336600000,https://www.sec.gov/Archives/edgar/data/1466258/000119312510043035/0001193125-10-043035-index.htm,https://www.sec.gov/Archives/edgar/data/1466258/000119312510043035/d10k.htm,10.244499535171986,0.4319801673380849,0.7883483111248838,0.6392934614192749,2.7167647970251005,22.32940811899597,-13.768515649209792,22.00743724821816,12.93151533932445,8948471000.0,12168371000.0,16.048190459110472,2.7068184155600594,35.17480738993711,43.37601066408144,1.2600285843025711,1.2600285843025711,3.680804319549896,36.28017590936196,47.83164701257861,58.98386330586524,0.0155780803223254,0.0230542178658231,0.5768396744487313,0.2049222149967485,9.600178890876563,1.213438238399276,2.9162303664921465,1.9113448534936133,0.0048276403868325,0.3098995695839311,0.0,0.0,0.5827022159971987,0.1890723270440251,0.0145497443963822,0.4404761904761904,0.0037206207084303,14.625404936830735,0.0117209991861416,0.0167102203255735,-30.12658816470406,849100000.0,-4443100000.0,-7958000000.0,14410700000.0,2125299999.5,1100450000.0,1248450000.0,57.72043918751323,39.75494464485632,44.52792635899987,1.559239695103877,2.263869332582371,2.021203486423064,0.0196288264946914,0.1490548497056089,2010-02-12,0.53,bmo,3650375000.0,2025-04-25,2009-12-31,-0.0943396226415095,26.8484375,5658368.46875
2009-09-30,TT,USD,1466258,2009-11-06,2009-11-06 10:28:24,2009,Q3,3482700000.0,2486600000.0,996100000.0,0.286013725,0,0.0,0.0,677800000.0,0.0,677800000.0,3164400000.0,3400000.0,76500000.0,111200000.0,434900000.0,0.1248743791,318300000.0,0.0913946076,-70000000.0,242300000.0,0.0695724582,11400000.0,216600000.0,0.062193126,0.67,0.65,321000000,331800000,https://www.sec.gov/Archives/edgar/data/1466258/000119312509226774/0001193125-09-226774-index.htm,https://www.sec.gov/Archives/edgar/data/1466258/000119312509226774/d10q.htm,10.849532710280371,0.6747663551401869,1.871651090342679,1.7398753894080996,2.317445482866044,22.385981308411218,-14.271028037383177,22.060747663551403,13.11183800623053,7636590000.0,11025090000.0,8.814162049861496,2.192721164613662,12.71070239680426,13.673393017009849,1.0783859351832237,1.0783859351832237,3.1656731845981567,25.35086226718786,18.35068242343542,19.74053715308863,0.0283634449407392,0.0731347368393484,0.58354868318859,0.2052540344010609,7.791446309496436,1.1841687344913152,4.1607843137254905,2.601992204417497,0.0029987206331621,0.105724838411819,0.0,0.0,0.5844554489869915,0.0704061251664447,0.0121457489878542,0.3803956834532374,0.0055703907887558,18.301137439611352,0.0178158801466659,0.0258898902727642,-31.0082554517134,742200000.0,-4581000000.0,-8175000000.0,14419000000.0,2202200000.0,1114000000.0,1331500000.0,55.05383753983978,41.10190621732486,47.18611759028392,1.6347634247089748,2.189679464600211,1.907340645854108,0.0305867400974369,0.1317757009345794,2009-10-23,0.61,bmo,3035185714.0,2025-04-25,2009-09-30,0.1475409836065573,21.73,8086430.703125
2009-06-30,TT,USD,1466258,2009-08-06,2009-08-06 14:39:50,2009,Q2,3473800000.0,2540400000.0,933400000.0,0.268697104,0,0.0,0.0,682800000.0,0.0,682800000.0,3223200000.0,0.0,81900000.0,102000000.0,362600000.0,0.1043813691,250600000.0,0.0721400196,-70500000.0,172100000.0,0.049542288,32800000.0,122100000.0,0.0351488284,0.38,0.38,320800000,325000000,https://www.sec.gov/Archives/edgar/data/1466258/000119312509166979/0001193125-09-166979-index.htm,https://www.sec.gov/Archives/edgar/data/1466258/000119312509166979/d10q.htm,10.8285536159601,0.3806109725685785,2.613778054862843,2.442643391521197,2.471633416458853,21.31203241895262,-15.310473815461346,20.997194513715712,14.974438902743142,5200168000.0,9129168000.0,10.647354627354629,1.4969681616673385,6.201750745378652,6.636253190403267,0.7720078979794831,0.7720078979794831,2.628006217974552,25.17696635410921,10.887499105545617,11.650290964777948,0.0234800106458099,0.1506874393288832,0.7010050624266987,0.2311699247531344,10.835631549917265,1.160992128866923,3.05982905982906,6.019382627422829,0.0110573350707131,0.4709254709254709,0.0,0.0,0.5751709822237235,0.065474060822898,0.0158040186539236,0.538235294117647,0.0041453163682422,13.409498837176264,0.0117092265112367,0.0140707107956116,-32.45370947630923,703600000.0,-4911600000.0,-8515200000.0,14376700000.0,2282550000.0,1012900000.0,1459400000.0,58.91530888364328,38.70099196976854,48.15658951346244,1.5276165347405453,2.3255217868912488,1.8689031118958288,0.0181267536632075,0.1711346633416459,2009-07-24,0.39,bmo,2494010256.0,2025-04-25,2009-06-30,0.282051282051282,15.81126984126984,13484204.142857144
2009-03-31,TT,USD,1466258,2009-03-31,2009-03-30 20:00:00,2009,Q1,2932900000.0,2206400000.0,726500000.0,0.2477070476,0,0.0,0.0,676600000.0,0.0,676600000.0,2883000000.0,4300000.0,67400000.0,102500000.0,152400000.0,0.0519622217,49900000.0,0.0170138771,-54900000.0,-5000000.0,-0.0017047973,10500000.0,-21800000.0,-0.0074329162,-0.068,-0.068,320500000,320500000,,,9.151014040561622,-0.0680187207488299,0.1276131045241809,-0.0561622464898595,1.5400936037441495,20.276755070202807,-16.241809672386896,20.276755070202807,16.284555382215288,3432555000.0000005,8090755000.0,-39.36416284403671,1.1703620989464354,83.9255501222494,-190.6975,0.5281910228199487,0.5281910228199487,2.758619455146783,53.088943569553805,197.8179706601467,-449.4863888888889,-0.0063509543182847,-0.005243907235281,0.7927431640174188,0.2530776259296739,30.56561679790026,1.0836447689615691,0.7403560830860534,-2.638709677419355,0.0167222375169516,-2.63302752293578,0.0,0.0,0.5749584901211401,1.4400977995110025,0.0200825121893006,0.5746341463414634,0.0075693000102287,,0.0088748264506431,-0.0025195321529286,-33.90397815912637,387200000.0,-5205500000.0,-8841600000.0,14027800000.0,2401600000.0,989950000.0,1587300000.0,70.30549967608852,38.07378535170413,63.61267222625091,1.2801274496966522,2.3638311549175057,1.4148124398845785,-0.0033545170572576,0.1837753510140405,2009-04-22,-0.12,bmo,4399350000.0,2025-04-25,2009-03-31,-0.6666666666666666,12.297868852459017,9309197.50819672
2008-12-31,TT,USD,1466258,2008-12-31,2008-12-30 19:00:00,2008,Q4,3670100000.0,2801700000.0,868400000.0,0.2366148061,0,0.0,0.0,688200000.0,3710000000.0,4398200000.0,7199900000.0,0.0,0.0,123300000.0,-3406500000.0,-0.928176344,-3529800000.0,-0.9617721588,-107200000.0,-3637000000.0,-0.9909811722,-361800000.0,-3290200000.0,-0.8964878341,-10.27,-10.27,320500000,320500000,,,11.451170046801872,-10.265834633385335,1.1098283931357251,0.7672386895475819,1.7166926677067085,21.09859594383775,-15.825585023400937,20.78439937597504,15.98783151326053,4313930000.0,8887830000.0,-0.3277863047839037,1.1754257377183184,12.128001124543156,17.543432289548598,0.6476011048728496,0.6476011048728496,2.4216860576006103,-2.609079700572435,24.98687095867304,36.14408296055307,-0.7626920232827143,0.0570013885250803,0.7692226859218783,0.2448851824416354,-1.3426977836489065,0.9797329172261132,0.0,-0.1081089295483557,0.0133057328236665,-0.0174457479788462,0.0,0.0,0.5655666802074124,0.3086870958673039,0.0299174409416637,0.8905109489051095,0.0,,-0.1789435639260497,-0.3619462503987767,-34.07355694227769,-111700000.0,-5072100000.0,-8762700000.0,13691000000.0,2651950000.0,1155850000.0,1705100000.0,61.602953597994606,33.61708962415676,51.88242852553807,1.4609689104733092,2.677209746774964,1.7346913503807817,-0.4939201969555949,0.3425897035881435,2009-02-11,0.28,bmo,3284657578.0,2025-04-25,2008-12-31,0.8928571428571428,13.70734375,8364087.234375
2008-09-30,TT,USD,1466258,2008-09-30,2008-09-29 20:00:00,2008,Q3,4313200000.0,3209400000.0,1103800000.0,0.2559120838,0,0.0,0.0,756400000.0,0.0,756400000.0,3965800000.0,9900000.0,83700000.0,202600000.0,551800000.0,0.1279328573,347400000.0,0.080543448,-81900000.0,260000000.0,0.0602800705,26300000.0,227700000.0,0.052791431,0.71,0.7,320200000,324100000,,,13.470331043098064,0.7111180512179888,1.5630855715178014,1.2773266708307307,2.315740162398501,33.748282323547784,-14.620237351655216,33.42535915053092,17.487195502810742,7742436000.0,12516636000.0,8.500698287220025,1.7950561068348323,15.469402597402595,18.93016136919315,0.7234028478528983,0.7234028478528983,2.9019373087266995,22.68328379847771,25.008263736263736,30.603022004889976,0.0294093486856074,0.0528257514818333,0.5153511230705984,0.2139933501712893,8.65204784342153,0.9821485853595944,4.150537634408602,2.198067632850241,0.0074007715401199,0.2516469038208169,0.0,0.0,0.6008744873928714,0.1828171828171828,0.0212139478809236,0.4516288252714708,0.0,23.12598032211187,0.0140209490342174,0.0221336573511543,-35.09056839475328,-111300000.0,-4681400000.0,-8845400000.0,17461600000.0,2931900000.0,1306850000.0,1797800000.0,58.2541964202912,35.479528883903534,50.339315759955134,1.5449530768679705,2.536674043629466,1.787866971199376,0.0212748065926673,0.2857589006870706,2008-10-24,0.97,bmo,4224268041.0,2025-04-25,2008-09-30,0.0206185567010309,27.98984375,6324861.765625
2008-06-30,TT,USD,1466258,2008-06-30,2008-06-29 20:00:00,2008,Q2,3080800000.0,2196100000.0,884700000.0,0.2871656713,0,0.0,0.0,523100000.0,0.0,523100000.0,2719200000.0,0.0,0.0,89100000.0,450700000.0,0.1462931706,361600000.0,0.1173721111,-19400000.0,342200000.0,0.1110750454,79700000.0,256100000.0,0.083127759,0.89,0.88,287400000,291100000,,,10.71955462769659,0.8910925539318023,0.5581071677105081,0.3239387613082811,2.739387613082811,37.91231732776618,-15.66562282533055,37.55219206680584,20.73312456506611,8346096000.0,13517496000.0,8.147301835220617,2.709067774603999,52.0330174563591,89.64657357679914,0.7733236970118138,0.7733236970118138,4.387657751233446,29.99222542711338,84.27366583541148,145.19329752953814,0.0306850053006818,0.0111549160230124,0.5521148946027333,0.2302105185889189,11.474151320168628,0.799888076497281,0.0,0.6263178445919563,0.005882990083028,0.1917219836001562,0.0,0.0,0.5949033561662359,0.419576059850374,0.0218449753310828,0.755331088664422,0.0,27.43912847608905,0.0123651136363583,0.0244244377896885,-38.260786360473205,-1644900000.0,-4502300000.0,-8412700000.0,15881700000.0,2394300000.0,1058300000.0,1354750000.0,89.742923915866,55.26387687263786,73.7876235144119,1.0028645833333334,1.628550241008528,1.2197167453485145,0.0237294417419504,0.2341684064022268,2008-08-01,0.89,bmo,2596179775.0,2025-04-25,2008-06-30,0.1573033707865168,33.242031250000004,6398492.5625
2008-03-31,TT,USD,1466258,2008-03-31,2008-03-30 20:00:00,2008,Q1,2163300000.0,1540900000.0,622400000.0,0.2877085934,0,0.0,0.0,375400000.0,0.0,375400000.0,1916300000.0,0.0,0.0,38100000.0,285100000.0,0.1317893958,247000000.0,0.1141774141,11900000.0,258900000.0,0.1196782693,47200000.0,181600000.0,0.0839458235,0.66,0.66,275151515,275151515,,,7.862213660717078,0.6600000003634361,-2.4920814991696485,-2.628006609376655,14.785671814309293,30.584603541070816,12.953590315503078,30.23279737347621,5.315980179138756,9514739388.7,6909139388.699999,13.098484841272027,4.398252386955114,-13.87595069082689,-13.15826218877057,1.143790949041906,1.143790949041906,3.193796232006656,24.23409115643633,-10.076038192649843,-9.554887828377815,0.0190861769914238,-0.0759978776569304,0.1758348760608756,0.1040912034500181,-9.139249386180287,2.864558735241145,0.0,-3.775881057268722,0.0051604145940468,0.270374449339207,0.0,0.0,0.3452295386454693,-0.0545428029750619,0.0172884019784588,0.9816272965879264,0.0,21.18860640163351,0.0164154789076483,0.0197371996217761,0.6307433924178102,4658600000.0,3564200000.0,1520400000.0,10445100000.0,1688650000.0,744650000.0,868100000.0,71.41589238663153,44.86274255305341,53.09234862742553,1.2602236980076895,2.006118994922536,1.695159515951595,0.0218305964946024,0.1359251102070072,2008-04-30,0.73,bmo,2044763013.0,2025-04-25,2008-03-31,0.0547945205479452,31.77360655737705,8452638.44262295
2007-12-31,TT,USD,1466258,2007-12-31,2007-12-30 19:00:00,2007,Q4,2323300000.0,1658200000.0,665100000.0,0.2862738346,0,0.0,0.0,366300000.0,0.0,366300000.0,2024500000.0,0.0,0.0,39800000.0,338600000.0,0.1457409719,298800000.0,0.1286101666,-21400000.0,277400000.0,0.1193991305,106500000.0,2518500000.0,1.0840184221,9.15,9.15,274333742,275151515,,,8.468881673330582,9.18042374823874,1.6013341880489496,1.487604102305432,17.26145666762348,29.18124450035753,11.983578746211975,28.82583798240903,5.29902005273562,9889731399.099998,6608131399.099998,0.9817084970319636,4.256760383549262,22.51247757591623,24.233598135506,1.2506141199433476,1.2506141199433476,2.84428674691172,19.51604075339633,15.042411561802863,16.192431754716978,0.2546580790080094,0.0412650236423143,0.1838288293984496,0.1011185153239381,-9.691671588895453,2.3799177921315327,0.0,0.1744292237442922,0.004944522558464,0.0194163192376414,0.0,0.0,0.3281743437069601,0.0710220805827452,0.0134291740197133,0.7839195979899497,0.0,77.16379766751557,0.015493335549401,0.2607601751861093,0.0864822527007997,4465000000.0,3287500000.0,1329900000.0,10087800000.0,1682900000.0,746900000.0,875100000.0,64.33219988809022,39.14364974068267,44.89687613074418,1.3989883783946528,2.29922351636162,2.004593810444874,0.3184789893650653,0.1137300857435174,2008-02-14,0.97,bmo,2323300000.0,2025-04-25,2007-12-31,0.0,38.98640625,4395984.171875
2007-09-30,TT,USD,1466258,2007-09-30,2007-09-29 20:00:00,2007,Q3,2239000000.0,1608200000.0,630800000.0,0.2817329165,0,0.0,0.0,354500000.0,0.0,354500000.0,1962700000.0,0.0,0.0,28400000.0,304700000.0,0.1360875391,276300000.0,0.123403305,-40900000.0,235400000.0,0.1051362215,37800000.0,266600000.0,0.1190710138,0.94,0.92,283617021,289782609,,,7.89444861985205,0.9400000009167292,0.9117929491262796,0.8035483878804298,1.5468042025587738,18.31519131568623,1.9004501143815344,18.31519131568623,8.44765942309224,12076412754.18,14034312754.18,11.324468074062263,5.393663579356856,46.69919858538282,52.98996381825362,2.324846039884493,2.324846039884493,6.268116460107191,46.05944454932721,54.27035094423821,61.58101252382624,0.0220760920835305,0.0188714980714051,0.4612378477235537,0.193384614142849,6.425664588119462,1.3149497547268658,0.0,0.9699924981245313,0.0042479502021197,0.1924231057764441,0.0,0.0,0.3757677996335548,0.1187161639597834,0.0137114783385439,1.0809859154929575,0.0,19.68162332493284,0.0239498115915061,0.0344720577206547,-17.68502814928022,1322600000.0,539000000.0,-1672800000.0,6879400000.0,1674550000.0,728850000.0,921150000.0,68.53907994640466,43.237159557269,51.65402313145132,1.3131194651340097,2.0815428423505047,1.742361863488624,0.0513235152565213,0.1082445612458499,2007-10-26,0.88,bmo,2035454545.0,2025-04-25,2007-09-30,0.0909090909090908,40.537619047619046,4228951.761904762
2007-06-30,TT,USD,1466258,2007-06-30,2007-06-29 20:00:00,2007,Q2,2224600000.0,1589700000.0,634900000.0,0.2853996224,0,0.0,0.0,360800000.0,0.0,360800000.0,1950500000.0,0.0,0.0,27000000.0,308700000.0,0.1387665198,274100000.0,0.1232131619,-22200000.0,251900000.0,0.1132338398,43900000.0,964100000.0,0.433381282,3.21,3.17,300342679,304132492,,,7.406872734194397,3.2100000013651075,0.5074203922913,0.4714614668533339,1.534580438366537,19.41915154855497,4.154920653151662,19.41915154855497,5.264653046528895,12773574137.87,13894574137.87,3.312305294541541,5.741964460069227,83.81610326686352,90.2088569058616,2.190105983449352,2.190105983449352,6.245875275496719,45.00995833453191,91.17174631148296,98.12552357252824,0.0754761345253963,0.0110853860064268,0.2711062341403196,0.1274513755108291,3.6313573048266927,1.5829863342928203,0.0,0.1580748884970438,0.004250963701617,0.0563219583030805,0.0,0.0,0.3695299968564358,0.0708661417322834,0.0048548053582666,0.4,0.0,37.450610424809376,0.0237875165547414,0.1232580735891994,-14.71768852404756,2086100000.0,1247900000.0,-909500000.0,7543900000.0,1752300000.0,803900000.0,1084400000.0,66.51083340825318,38.78656350254765,52.04566899414984,1.3531630170316302,2.320391183768793,1.7292505166974872,0.1653007338316988,0.0359589254379661,2007-07-27,0.95,bmo,2224600000.0,2025-04-25,2007-06-30,0.0,37.72555555555556,4591286.793650794
2007-03-31,TT,USD,1466258,2007-03-31,2007-03-30 20:00:00,2007,Q1,2668100000.0,1953000000.0,715100000.0,0.2680184401,0,0.0,0.0,415200000.0,0.0,415200000.0,2368200000.0,0.0,0.0,43600000.0,244600000.0,0.0916757243,299900000.0,0.1124020839,52400000.0,261000000.0,0.0978224204,44500000.0,217500000.0,0.0815186837,0.71,0.7,306338028,310714286,,,8.709659774920272,0.7100000003917242,0.1495080460594987,-0.0039172413814715,0.9962850580209388,17.582211503953403,0.3920505749289474,17.582211503953403,6.821875865832759,10308274642.2,12093474642.2,11.84859154275862,3.863526345414339,225.07149873799125,-8590.228868499998,1.913866181875569,1.913866181875569,4.532616709343728,49.44184236385936,264.04966467685585,-10077.895535166666,0.0210995542464108,-0.0001164113337733,0.3879987374909489,0.1683828861493836,7.298446443172526,1.2892543365622888,0.0,0.2105747126436781,0.0053646222980529,0.2542528735632184,0.0,0.0,0.4243010232857949,1.0262008733624457,0.0176155316517371,1.0779816513761469,0.0,16.759350492504822,0.0247613744471834,0.030440867739678,-15.340896560188082,1027200000.0,120100000.0,-2446500000.0,7442700000.0,1671150000.0,840150000.0,1284900000.0,62.76151568531914,42.52073732718894,57.58064516129032,1.4339997850155863,2.1166142841660345,1.5630252100840336,0.0403817233248547,0.1534252874409702,2007-04-27,0.7,bmo,2668100000.0,2025-04-25,2007-03-31,0.0,33.07295081967213,3350476.24590164
2006-12-31,TT,USD,1466258,2006-12-31,2006-12-30 19:00:00,2006,Q4,2890400000.0,2166900000.0,723500000.0,0.2503113756,0,0.0,0.0,398000000.0,0.0,398000000.0,2564900000.0,0.0,0.0,44900000.0,370400000.0,0.1281483532,325500000.0,0.112614171,-46800000.0,278700000.0,0.0964226405,48800000.0,221900000.0,0.0767713811,0.72,0.71,306338028,310714286,,,9.435328740837882,0.7243632187904533,1.4967126445039334,1.2815908053047858,1.1849655178951537,17.643255182148003,0.2082666667815724,17.643255182148003,6.478464371390417,9300422530.08,10922722530.08,10.478168690941866,3.2176939282037087,20.284454809334783,23.68930853306164,1.720770894404973,1.720770894404973,3.77896572449488,29.48899171187905,23.822731799520177,27.821504152012228,0.0238591310537039,0.0422131358796042,0.367192125518058,0.1633967017676746,4.379859611231102,1.1334680097409786,0.0,2.0662460567823344,0.0059244620146872,0.2483100495718792,0.0,0.0,0.4397368659383002,0.1437295528898582,0.0227996125103791,1.4677060133630289,0.0,16.957382317381615,0.0279352645350275,0.0326088553836206,-15.037881617492165,482300000.0,63800000.0,-2645200000.0,7099600000.0,1749500000.0,860150000.0,1353500000.0,46.136520896761695,31.466149799252385,54.83732521113111,1.9507322669906189,2.8602164730728616,1.641217905021586,0.0410560982830077,0.2151218391991476,2007-01-31,0.73,bmo,2929994520.0,2025-04-25,2006-12-31,-0.0136986301369863,30.0868253968254,4604571.444444444
2006-09-30,TT,USD,1466258,2006-09-30,2006-09-29 20:00:00,2006,Q3,2766000000.0,2043900000.0,722100000.0,0.2610629067,0,0.0,0.0,364400000.0,0.0,364400000.0,2408300000.0,0.0,0.0,49300000.0,307400000.0,0.1111352133,357700000.0,0.1293203181,57500000.0,326400000.0,0.1180043384,72400000.0,243800000.0,0.0881417209,0.77,0.76,316623377,320789474,,,8.735931080666859,0.7699999990840853,0.9399179644274972,0.764630844045353,0.8410623451849546,17.939294482352768,1.3337612781509811,17.939294482352768,6.567739942967004,9327724686.42,11141824686.42,9.564935076312551,3.372279351561822,31.34316090866935,38.52839606121437,1.6422050504260564,1.6422050504260564,4.028136184533623,36.24536332602472,37.43892703770161,46.02158069566295,0.0261371350673484,0.0259548826899305,0.3661091549295774,0.1765295121350775,5.901431359791802,1.1985457783053866,0.0,1.2201722017220171,0.0061644186479595,0.2358490566037736,0.0,0.0,0.4463280673010806,0.1864919354838709,0.0200650759219088,1.1257606490872212,0.0,17.629471816735386,0.0298705016088076,0.0373800251448897,-11.456118731245798,669000000.0,422300000.0,-2061400000.0,7158100000.0,2044450000.0,947700000.0,1342200000.0,65.63882863340564,42.39101717305152,61.061206516952886,1.3711396420958708,2.123091305702711,1.4739309151222326,0.0429225352112676,0.1752871203821441,2006-10-27,0.86,bmo,2798162790.0,2025-04-25,2006-09-30,-0.0116279069767441,29.45063492063492,4539623.873015873
2006-06-30,TT,USD,1466258,2006-06-30,2006-06-29 20:00:00,2006,Q2,3041900000.0,2215400000.0,826500000.0,0.2717051843,0,0.0,0.0,410000000.0,0.0,410000000.0,2625400000.0,0.0,0.0,48100000.0,281800000.0,0.0926394688,416500000.0,0.1369210033,-37000000.0,384900000.0,0.1265327591,62900000.0,313500000.0,0.1030605871,0.96,0.95,326562500,330000000,,,9.31490909090909,0.96,0.5910047846889952,0.4170717703349282,0.7940287081339713,18.56,2.510086124401914,18.56,5.018641148325359,10838609375.0,12218809375.0,8.643229166666666,3.5631050905683948,56.158597797927456,79.57862977239354,1.7882543103448276,1.7882543103448276,4.016834667477563,43.35986293470547,63.30989313471503,89.71225679148311,0.0289243748116902,0.0125661877172319,0.2704009239399439,0.1393776522914948,4.897799858055358,1.3799678225447574,0.0,0.6156299840510366,0.0048622473766382,0.1681020733652312,0.0,0.0,0.4457380492741544,0.294300518134715,0.0186725401886978,1.180873180873181,0.0,20.02238747002964,0.0374465021001332,0.0481020038665725,-9.908822966507175,1110000000.0,819700000.0,-1666400000.0,7553900000.0,1986100000.0,914450000.0,1272300000.0,61.29195568559124,37.89067437031687,52.71869639794168,1.4683819270129368,2.375254637075158,1.7071742313323572,0.0517241379310344,0.173933014354067,2006-07-28,0.95,bmo,3041900000.0,2025-04-25,2006-06-30,0.0,33.801111111111105,3790131.4285714286
2006-03-31,TT,USD,1466258,2006-03-31,2006-03-30 19:00:00,2006,Q1,2711000000.0,1998000000.0,713000000.0,0.2630025821,0,0.0,0.0,371900000.0,0.0,371900000.0,2369900000.0,0.0,0.0,48400000.0,363500000.0,0.1340833641,341100000.0,0.1258207304,-7300000.0,310000000.0,0.1143489487,47700000.0,253200000.0,0.0933972704,0.77,0.76,328831169,333157895,,,8.244352286446423,0.7699999996046604,0.070248815129809,-0.0334518167284805,2.5079739323616246,17.947203782254594,1.913748024293889,17.947203782254594,6.41666666337217,10660706498.98,11992706498.98,10.525974031378356,3.932388970483217,461.5024458432901,-969.1551362709092,1.806409532835164,1.806409532835164,4.423720582434527,32.99231499031637,519.1647835056277,-1090.2460453618182,0.0237507711167384,-0.0010318265493053,0.3575301613121865,0.1760181523933463,3.6643741403026135,1.3292318827467655,0.0,0.0912322274881516,0.0049058662298792,0.2065560821484992,0.0,0.0,0.4398201444850426,1.4761904761904765,0.0125783843600147,0.7045454545454546,0.0,17.633357745135154,0.0300618301689695,0.0377060654346175,-9.768538699565916,1091700000.0,629300000.0,-1678200000.0,7449800000.0,1789800000.0,854350000.0,1187850000.0,63.09627443747694,40.369369369369366,56.16666666666666,1.4263916657897506,2.229413077438072,1.602373887240356,0.0429036193574623,0.1037006318582895,2006-04-21,0.72,bmo,2560388888.0,2025-04-25,2006-03-31,0.0555555555555556,31.736612903225808,3024818.693548387
2005-12-31,TT,USD,1466258,2005-12-31,2005-12-30 19:00:00,2005,Q4,2713300000.0,1993700000.0,719600000.0,0.2652121033,0,0.0,0.0,373900000.0,0.0,373900000.0,2367600000.0,0.0,0.0,51600000.0,397300000.0,0.1464268603,345700000.0,0.1274094276,-21200000.0,324500000.0,0.1195960638,51600000.0,291500000.0,0.1074337523,0.89,0.87,328831169,333157895,,,8.251346757216924,0.8864731433047334,1.1750710894440788,1.0829265397283552,3.153898102646103,17.522669817227698,1.612073458887956,17.522669817227698,6.4379541831084754,10298992213.08,11535392213.08,8.832754899725558,3.7957440065897616,26.653706555590063,28.92162935433867,1.7873988568344326,1.7873988568344326,4.251425280315483,29.034463159023407,29.853499516252587,32.3936877648975,0.0283037402076862,0.0345761985864736,0.3674071502950364,0.1800721309244326,3.112006040775233,1.3276869706534988,0.0,1.4159032612678637,0.0051364248953228,0.1814751286449399,0.0,0.0,0.4450256881358239,0.0784161490683229,0.0111672133564294,0.5872093023255814,0.0,18.69494488676814,0.0306372274336886,0.0446777530845275,-9.529662317382083,1048500000.0,530100000.0,-1746200000.0,7356400000.0,1721800000.0,767700000.0,1179550000.0,55.692330372609,36.67803581281035,50.9565130160004,1.6160214413341274,2.4537846153846155,1.766211906449327,0.0505900728913571,0.0921445497157235,2006-01-26,0.77,bmo,2360923376.0,2025-04-25,2005-12-31,0.1298701298701298,30.174761904761905,2548211.3492063493
2005-09-30,TT,USD,1466258,2005-09-30,2005-09-29 20:00:00,2005,Q3,2615300000.0,1920700000.0,694600000.0,0.2655909456,0,0.0,0.0,354600000.0,0.0,354600000.0,2275300000.0,0.0,0.0,46100000.0,386100000.0,0.1476312469,340000000.0,0.130004206,-25900000.0,314100000.0,0.1201009444,58000000.0,254200000.0,0.0971972623,0.76,0.75,334473684,338933333,,,7.819150280295295,0.7600000004783635,0.8918489384055698,0.8221872546481116,2.645350119682361,16.76604249678429,0.9647993711816204,16.76604249678429,6.5299606650070565,9920489467.44,11372489467.44,9.75657894122738,3.793251048613926,33.25675315936976,36.07450715432727,1.7690519396982771,1.7690519396982771,4.348445481374986,29.45477717544677,38.12433612953403,41.35450715432727,0.0256237356870655,0.0277204064277852,0.3894753735867898,0.189263431542461,3.7606837606837606,1.3474640905046396,0.0,1.1647793830534947,0.0054331996598459,0.2120377655389457,0.0,0.0,0.4579809358752166,0.0781092859537378,0.0089091117653806,0.5054229934924078,0.0,16.932197933979726,0.029533318419133,0.0406401381317047,-9.29460268090927,1093400000.0,322700000.0,-1692000000.0,7470300000.0,1775350000.0,747800000.0,1220550000.0,60.72496463120866,33.87358775446452,57.64929452803665,1.4820922588688654,2.656937335731083,1.561163943753556,0.0453297193195192,0.0696616837574581,2005-10-20,0.72,bmo,2506329166.0,2025-04-25,2005-09-30,0.0416666666666667,30.1790625,3190023.53125
2005-06-30,TT,USD,1466258,2005-06-30,2005-06-29 20:00:00,2005,Q2,2759500000.0,2019100000.0,740400000.0,0.2683094764,0,0.0,0.0,361300000.0,0.0,361300000.0,2380400000.0,0.0,0.0,46100000.0,424800000.0,0.1539409313,379100000.0,0.1373799601,-27500000.0,351600000.0,0.1274143867,59800000.0,285400000.0,0.1034245334,0.84,0.83,339761905,343855422,,,8.121864044763935,0.8399999994113525,0.5839383317561749,0.4982901187818569,2.6948283092537992,16.35939732560659,0.8873861241153566,16.35939732560659,6.397421158796481,9404609530.4,10662609530.4,8.238095243868255,3.4080846277948904,47.40226577822581,55.54996769285293,1.6919938704999729,1.6919938704999729,3.8639643161442288,25.100304920903955,53.74299158467742,62.98056426698169,0.0303468207879823,0.0180018106496335,0.3910548189194538,0.1881448653140364,2.961393596986817,1.336220915686765,0.0,0.6799177518848526,0.0044871613078236,0.1478626489138051,0.0,0.0,0.4550238903123052,0.1466733870967742,0.0105453886573654,0.631236442516269,0.0,17.583873556110763,0.0336887719385568,0.0453303684879288,-9.223885767887957,1075100000.0,301500000.0,-1721800000.0,7404900000.0,1749650000.0,762350000.0,1229550000.0,58.25294437398079,34.442573423802685,53.97058095190927,1.54498628296288,2.613045166299987,1.667575156921044,0.0513466347624273,0.085648212974318,2005-07-21,0.81,bmo,2657296296.0,2025-04-25,2005-06-30,0.0370370370370369,29.9296875,4368012.09375
2005-03-31,TT,USD,1466258,2005-03-31,2005-03-30 19:00:00,2005,Q1,2458800000.0,1810700000.0,648100000.0,0.263583862,0,0.0,0.0,351200000.0,0.0,351200000.0,2161900000.0,0.0,0.0,51900000.0,349200000.0,0.1420204978,296900000.0,0.1207499593,-29300000.0,267600000.0,0.1088335774,35300000.0,223100000.0,0.090735318,0.65,0.64,343230769,348593750,,,7.163693415842913,0.6500000004370238,-0.2155983865187797,-0.300380995271435,2.984872256601214,16.523285533296697,1.3926490372429283,16.523285533296697,5.891662935382113,10605830762.1,11603530762.1,11.884615376624833,4.313417423987311,-143.32203732567567,-102.8693575373424,1.870088121259676,1.870088121259676,4.719184464820238,33.228896798682705,-156.80446975810813,-112.54637014645976,0.0210355987196447,-0.009721067808137,0.3565672773438189,0.1753464093092624,2.857101947308133,1.4752755587015876,0.0,-0.3185535944898838,0.0040638023523831,0.1931869116987898,0.0,0.0,0.4503147598980282,-0.3932432432432432,0.0118350414836505,0.5606936416184971,0.0,15.545193825968791,0.0278460775748206,0.0351931601280898,-8.529975353112937,1410000000.0,478000000.0,-1484600000.0,7689000000.0,1605800000.0,718000000.0,1153550000.0,62.7086383601757,37.37780968686144,62.04616998950682,1.435208965678263,2.407845744680851,1.4505327245053272,0.0393384232891929,0.0847826087526552,2005-04-21,0.59,bmo,2250427118.0,2025-04-25,2005-03-31,0.0847457627118644,30.987377049180328,4335847.8852459015
2004-12-31,TT,USD,1466258,2004-12-31,2004-12-30 19:00:00,2004,Q4,2459000000.0,1777700000.0,681300000.0,0.2770638471,0,0.0,0.0,383400000.0,0.0,383400000.0,2161100000.0,0.0,0.0,47300000.0,345200000.0,0.1403822692,297900000.0,0.1211468076,-36200000.0,261700000.0,0.1064253762,39400000.0,515200000.0,0.2095160634,1.49,1.48,345891473,348593750,,,7.109166290433532,1.489484535514988,0.797070819956293,0.6715979378884543,4.925533391220662,16.576875834114592,2.6152711778471627,16.576875834114592,5.436387268211148,10774519383.95,10951219383.95,5.228318800441576,4.381667093920292,39.08059261498005,46.38191727916487,1.879123684807632,1.879123684807632,4.45352557297682,31.72427399753765,39.72150665197678,47.14257160546706,0.0478165179940606,0.0215601264169648,0.3279500505772786,0.1647363902370648,0.5118771726535342,1.6023149918314852,0.0,1.2402159244264508,0.0040094595833529,0.0838509316770186,0.0,0.0,0.4230722057715557,0.157417482771128,0.0176494509963399,0.9175475687103594,0.0,23.57005525123945,0.0276542202811279,0.0782336684180156,-6.718581351093324,1732800000.0,904600000.0,-1071100000.0,7575200000.0,1538100000.0,671400000.0,1042650000.0,54.84180561203741,34.6290150194071,53.60409517916408,1.6410838227442606,2.5989766081871344,1.6789761994710994,0.0898531514876696,0.1254728820678386,2005-02-01,0.61,bmo,2257442622.0,2025-04-25,2004-12-31,0.0819672131147541,28.52234375,3741090.296875
2004-09-30,TT,USD,1466258,2004-09-30,2004-09-29 20:00:00,2004,Q3,2368000000.0,1738800000.0,629200000.0,0.2657094595,0,0.0,0.0,351000000.0,0.0,351000000.0,2089800000.0,0.0,0.0,25900000.0,304100000.0,0.1284206081,278200000.0,0.1174831081,-30600000.0,247600000.0,0.1045608108,42000000.0,237800000.0,0.1004222973,0.69,0.68,344637681,349705882,,,6.870984023363365,0.6900000003191757,0.669688814439301,0.6766526495981152,1.2787342310372614,14.272960477586317,0.4271152230739389,14.272960477586317,5.739650969854338,9084649271.16,10622049271.16,9.550724633263249,3.8364228341047295,39.36156529965338,38.956472003259,1.8468488048709089,1.8468488048709089,4.485662698969595,34.92946159539625,46.02274380918544,45.54909636003431,0.0261760242913192,0.0256696756296705,0.4021345801992275,0.1836727114032888,5.055573824399868,1.450294831772459,0.0,1.2014575741801146,0.0047662819672587,0.1820857863751051,0.0,0.0,0.443076408813616,0.0103986135181975,0.0010135135135135,0.0926640926640926,0.0,14.885822500521364,0.0271507416143499,0.0396472098567832,-10.774793949475304,1298200000.0,147200000.0,-1669500000.0,7067100000.0,1672750000.0,699650000.0,1038850000.0,59.96706081081081,34.099378881987576,53.131469979296064,1.500823932057295,2.639344262295082,1.6939113492450073,0.0483431591786948,0.0069638351588142,2004-10-21,0.58,bmo,2204689655.0,2025-04-25,2004-09-30,0.0689655172413793,25.54515625,3928344.8125
2004-06-30,TT,USD,1466258,2004-06-30,2004-06-29 20:00:00,2004,Q2,2713900000.0,2002600000.0,711300000.0,0.2620951398,0,0.0,0.0,376800000.0,0.0,376800000.0,2379400000.0,0.0,0.0,52300000.0,378000000.0,0.1392829507,334500000.0,0.1232543572,-25400000.0,293300000.0,0.1080732525,42900000.0,286200000.0,0.1054570913,0.83,0.82,336363636,340490798,,,8.068351360073894,0.8508648657847188,0.8927837847489555,0.7619729737967276,1.16154054179626,14.15135136665011,-0.8032972981657268,14.15135136665011,6.118972979588079,8913636354.0,10581136354.0,7.786195277777778,3.28443802424555,29.68243874125874,34.77813637924307,1.8726126794117648,1.8726126794117648,3.898867443162976,27.992424216931216,35.2352192940393,41.28418397971127,0.0321081081428195,0.0287536971244048,0.4323949579831933,0.1943641754962509,4.411375661375661,1.2772962368467986,0.0,1.1992811501597445,0.003690973996851,0.1149545772187281,0.0,0.0,0.4750221920033241,0.1465201465201465,0.0162128302442978,0.8413001912045889,0.0,16.459646801444,0.0336860884938099,0.0514822276586559,-10.665020281800022,777400000.0,-270200000.0,-2248500000.0,6919400000.0,1714900000.0,718650000.0,1067350000.0,58.62154095582004,33.27923699191052,47.24258463996804,1.535271822141766,2.7043889264010805,1.9050608828006088,0.060126050420168,0.1308108109522279,2004-07-22,0.65,bmo,2463386153.0,2025-04-25,2004-06-30,0.0923076923076922,26.02774193548387,4473624.887096774
2004-03-31,TT,USD,1466258,2004-03-31,2004-03-30 19:00:00,2004,Q1,2292000000.0,1682000000.0,610000000.0,0.2661431065,0,0.0,0.0,373100000.0,0.0,373100000.0,2055100000.0,0.0,0.0,48900000.0,267400000.0,0.1166666667,236900000.0,0.1033595113,-44200000.0,190800000.0,0.0832460733,25800000.0,179500000.0,0.0783158813,0.52,0.51,348543689,351960784,,,6.575933153677042,0.5150000004733983,-0.1537827299463741,-0.2214930364153,0.6076713097507842,12.887050151121802,-1.5911922020197589,12.887050151121802,6.662866301389264,9145786399.36,11257286399.36,12.737864065961002,3.990308202164048,-170.63034327164178,-118.46873574300515,2.0361525478905533,2.0361525478905533,4.911556020663176,42.099051605684366,-210.02399998805967,-145.8197720124352,0.019626524408285,-0.0084410455950952,0.5170202818531959,0.2192089862186143,7.896409872849663,1.1694276857438086,0.0,-0.3248484848484848,0.0036300869657663,0.1849582172701949,0.0,0.0,0.4763356616952992,-0.4402985074626865,0.0102966841186736,0.4826175869120654,0.0,12.22001201977272,0.0244080291897512,0.0323557510319591,-11.7694714592867,508300000.0,-554600000.0,-2593900000.0,6694900000.0,1532550000.0,658550000.0,1046300000.0,65.26570680628272,37.28418549346017,57.9756242568371,1.378978400818242,2.4138920780711826,1.5523765574526995,0.0399625976801656,0.0677103064689259,2004-04-20,0.44,bmo,1927363636.0,2025-04-25,2004-03-31,0.1590909090909091,25.901935483870968,4341426.451612903
2003-12-31,TT,USD,1466258,2003-12-31,2003-12-30 19:00:00,2003,Q4,2665900000.0,1973300000.0,692600000.0,0.2597996924,0,0.0,0.0,428700000.0,0.0,428700000.0,2402000000.0,0.0,0.0,50300000.0,314200000.0,0.1178588844,265200000.0,0.0994786001,-38100000.0,227100000.0,0.0851869913,31100000.0,197400000.0,0.0740462883,0.57,0.56,348543689,351960784,,,7.648682458284304,0.566356546481609,0.4794233987693864,0.3824484683181281,1.318629527674506,13.238512546988048,-1.3103091934050195,12.891640680373932,6.65425905904152,9177155331.37,11038755331.37,11.622537147125126,3.4424229458606845,54.920139625194494,68.84587645438859,2.042408771141477,2.042408771141477,4.140723707329607,35.13289411639083,66.0607739758827,82.8113678272318,0.0215099334022639,0.0145251981890667,0.5161685175706051,0.217470393533929,5.92488860598345,1.1590566655748444,0.0,0.8525510204081632,0.0035958855231748,0.1671732522796352,0.0,0.0,0.4754756256504984,0.2022740873728306,0.0126786451104692,0.6719681908548708,0.0,12.81711608045718,0.0272070977637462,0.0352878083661065,-11.574732601168977,485600000.0,-456700000.0,-2512100000.0,6769600000.0,1425050000.0,642850000.0,1056200000.0,47.36486739937732,28.291187351137687,46.02391932296153,1.900142551674982,3.1812026438819925,1.955504905361213,0.0439320766474528,0.0969749304512583,2004-01-27,0.54,bmo,2567162962.0,2025-04-25,2003-12-31,0.037037037037037,23.70609375,3228094.78125
2003-09-30,TT,USD,1466258,2003-09-30,2003-09-29 20:00:00,2003,Q3,2519500000.0,1921100000.0,598400000.0,0.237507442,0,0.0,0.0,376000000.0,0.0,376000000.0,2297100000.0,0.0,0.0,42500000.0,244300000.0,0.0969636833,224300000.0,0.0890256003,-49400000.0,178200000.0,0.0707283191,24900000.0,154600000.0,0.0613613812,0.45,0.44,343555556,351363636,,,7.333602836567137,0.4499999994178525,0.3673350577395406,0.297477360546601,0.978589908177762,11.884249661210545,-2.6604139680977825,11.884249661210545,6.965103483874381,7121906675.88,9323706675.88,11.516666681565331,2.826714298821195,56.43349188494454,69.68597530215264,1.7443255225158587,1.7443255225158587,3.700617851113317,38.16498843995088,73.88040155213947,91.23000661330724,0.0217076700153329,0.0143500897514038,0.5860785226187268,0.2352253067002201,9.012689316414244,1.186841714879098,0.0,0.8363154406891982,0.004577425889391,0.2108667529107374,0.0,0.0,0.4912020289399182,0.1901743264659271,0.0095256995435602,0.5647058823529412,0.0,10.969413278024176,0.023857666082471,0.029869201491528,-11.982705353191845,503800000.0,-914000000.0,-2889700000.0,6728200000.0,1476250000.0,696200000.0,1162850000.0,51.69239928557253,31.172765603039924,51.68757482692208,1.741068343583719,2.887135557559363,1.7412308528958578,0.0378652428420975,0.0698576971929395,2003-10-22,0.38,bmo,2320592105.0,2025-04-25,2003-09-30,0.0789473684210525,21.03484375,4255281.171875
2003-06-30,TT,USD,1466258,2003-06-30,2003-06-29 20:00:00,2003,Q2,2525100000.0,1907600000.0,617500000.0,0.2445447705,0,0.0,0.0,398000000.0,0.0,398000000.0,2305600000.0,0.0,0.0,49600000.0,257600000.0,0.1020157618,219500000.0,0.0869272504,-41500000.0,178100000.0,0.0705318601,25000000.0,139300000.0,0.055166132,0.41,0.41,339756098,343950617,,,7.432096185658454,0.4099999994702082,0.316403445391582,0.2416439336432454,0.8055778884062884,11.329303646523512,-3.3385714242574096,11.329303646523512,7.462706379445175,6234524398.3,8661924398.3,11.18902440470208,2.4690207905825514,57.99557579813954,75.93817781120585,1.6196935462693547,1.6196935462693547,3.430329253613718,33.62548291265528,80.5760409144186,105.50456027161997,0.0223433242218097,0.0131686067380515,0.658708303024005,0.2479609599624464,9.423136645962732,1.1482330535374197,0.0,0.7021554539516656,0.0046194381736404,0.2067480258435032,0.0,0.0,0.4873647974651358,0.2362790697674418,0.0100590075640568,0.5120967741935484,0.0,10.223151471250464,0.0233257090301102,0.0265743337339514,-12.839357485203989,420300000.0,-1134300000.0,-3120500000.0,6647000000.0,1427150000.0,709550000.0,1213000000.0,53.655696804086965,34.2996435311386,57.67246802264626,1.6773614986050218,2.623933975240716,1.5605366492146595,0.0361893380442689,0.0747595117483366,2003-07-17,0.36,bmo,2174391666.0,2025-04-25,2003-06-30,0.1388888888888888,17.044285714285714,3548233.9523809524
2003-03-31,TT,USD,1466258,2003-03-31,2003-03-30 19:00:00,2003,Q1,2198700000.0,1689500000.0,509200000.0,0.2315913949,0,0.0,0.0,343800000.0,0.0,343800000.0,2033300000.0,0.0,0.0,51600000.0,211100000.0,0.0960112794,165400000.0,0.0752262701,-56600000.0,108700000.0,0.0494383045,15200000.0,153200000.0,0.0696775367,0.46,0.45,336703297,340444444,,,6.530081586934981,0.4549999995990535,-0.7505124014274205,-0.8238707564541609,0.8125848556808162,10.705270878294964,-3.939076367286062,10.705270878294964,7.776876625000794,5040448356.09,7533748356.09,8.225274732522847,2.29246752903534,-19.94637260027701,-18.17032572490988,1.39837657264253,1.39837657264253,3.4264557948287626,35.688054742254856,-29.813012885199843,-27.158429546106703,0.0303941215497029,-0.0550347866702846,0.7264530448051048,0.2634809470623157,11.810990052108004,1.175403378531929,0.0,-2.702673796791444,0.0057137774192653,0.1879895561357702,0.0,0.0,0.4961511757780662,-0.0977443609022556,0.0112339109473779,0.4786821705426357,0.0,10.468773114361076,0.0181751436092432,0.0305953308170071,-13.206063141104318,463100000.0,-1326300000.0,-3230300000.0,6646900000.0,1377100000.0,711200000.0,1196700000.0,55.21489971346705,36.8683042320213,64.11601065403966,1.6299948105864035,2.441121225256466,1.403705550016617,0.0425024275211541,0.0733583550267403,2003-04-17,0.3,bmo,2198700000.0,2025-04-25,2003-03-31,0.0,15.398360655737704,3410717.0327868853
2002-12-31,TT,USD,1466258,2002-12-31,2002-12-30 19:00:00,2002,Q4,1539900000.0,1105900000.0,434000000.0,0.2818364829,0,0.0,0.0,325200000.0,0.0,325200000.0,1431100000.0,0.0,0.0,16900000.0,125700000.0,0.0816286772,96700000.0,0.0627962855,-48500000.0,48200000.0,0.0313007338,-41600000.0,183400000.0,0.1190986428,0.54,0.54,336703297,340444444,,,4.573462789703541,0.5446932110082664,1.3507441241360936,1.321341382647643,1.0163250643785646,10.672007170752474,-3.870172973090905,10.33016317627564,9.645287197766882,5622945059.9,8528345059.9,7.6648651307251905,3.651500136307552,12.36355554067722,12.638671746235108,1.6166249956586738,1.6166249956586738,5.53824602889798,67.84681829673826,18.7518580912489,19.16912802854574,0.0326163599406147,0.0791222384818948,0.933701339773446,0.3004366489046773,23.11376292760541,1.082751902266923,0.0,5.064587973273942,0.0051218711357126,0.1570338058887677,0.0,0.0,0.4529677323860272,0.0217678100263852,0.0064289888953828,0.5857988165680473,0.0,11.25176961154604,0.0220593756779509,0.0310153554758844,-15.518781807473658,314300000.0,-1303100000.0,-3103900000.0,6490600000.0,1479750000.0,732200000.0,1307800000.0,82.1332554061952,59.43304096211231,96.82792295867618,1.09578026044261,1.5143091880049295,0.9294839468818288,0.052728422747398,0.0294027414884505,2003-01-23,0.47,bmo,1113970212.0,2025-04-25,2002-12-31,0.2765957446808511,15.51703125,3519325.140625
2002-09-30,TT,USD,1466258,2002-09-30,2002-09-29 20:00:00,2002,Q3,2518100000.0,1951500000.0,566600000.0,0.2250109209,0,0.0,0.0,387500000.0,0.0,387500000.0,2339000000.0,0.0,0.0,59600000.0,175000000.0,0.0694968429,168400000.0,0.0668758191,-40100000.0,109200000.0,0.0433660299,19900000.0,89300000.0,0.0354632461,0.27,0.27,338400000,339800000,,,7.441193853427896,0.2638888888888889,0.6238179669030733,0.5189125295508275,0.3377659574468085,10.639775413711584,-3.782210401891253,10.639775413711584,10.164598108747043,4521024000.0,7847824000.0,12.656842105263156,1.7954108256224932,21.416504026527708,25.74615034168565,1.255665601999722,1.255665601999722,3.11656566458838,44.84470857142857,37.1758597820938,44.691480637813214,0.0197521623419827,0.0388407581999122,0.9553395361755312,0.320192504607823,19.010285714285715,0.952940515011807,0.0,2.36394176931691,0.0063702382469104,0.322508398656215,0.0,0.0,0.4543034274756576,0.1681667456181904,0.0140979309797069,0.5956375838926175,0.0,7.948186366644439,0.0162800980756034,0.0152331889051891,-15.216459810874705,-167400000.0,-1279900000.0,-3752300000.0,6343500000.0,1557700000.0,734100000.0,1406300000.0,55.54902505857592,33.855495772482705,65.75557263643351,1.6201904516793206,2.658357172047405,1.368705288259223,0.0248021108179419,0.1049054373522458,2002-10-17,0.28,bmo,2248303571.0,2025-04-25,2002-09-30,0.107142857142857,14.6778125,4040843.796875
2002-06-30,TT,USD,1466258,2002-06-30,2002-06-29 20:00:00,2002,Q2,2587400000.0,1994900000.0,592500000.0,0.2289943573,0,0.0,0.0,378800000.0,0.0,378800000.0,2373700000.0,0.0,0.0,65300000.0,294100000.0,0.1136662286,206400000.0,0.0797711989,-74600000.0,131800000.0,0.0509391667,24400000.0,107400000.0,0.0415088506,0.32,0.32,335625000,340952381,,,7.709199255121042,0.32,0.6033519553072626,0.4734450651769087,0.3953817504655493,10.520074487895718,-3.957690875232774,10.520074487895718,10.737877094972069,5792887500.000001,9272887500.0,13.484375000000002,2.238883628352787,28.606851851851857,36.456183134046576,1.6406727937011445,1.6406727937011445,3.583863144469352,31.52970928255695,45.79203703703703,58.35674952800503,0.0185399768250289,0.0274301891759506,1.0207035232808428,0.3345773569140788,11.832709962597756,0.9319633207794334,0.0,1.885474860335196,0.0049543513489602,0.2672253258845438,0.0,0.0,0.4511070881492828,0.2153086419753086,0.016850892788127,0.667687595712098,0.0,8.7031337064789,0.0196853167575954,0.0181652120966105,-15.62368715083799,-249300000.0,-1328300000.0,-3825800000.0,6241800000.0,1529450000.0,1404750000.0,1365900000.0,54.30470742830641,33.11895333099403,62.56554213243771,1.6573148859851397,2.7174771829451028,1.4384914912027689,0.0304180355726747,0.1299068901303538,2002-07-18,0.35,bmo,2513474285.0,2025-04-25,2002-06-30,0.0285714285714286,19.29609375,3663253.359375
2002-03-31,TT,USD,1466258,2002-03-31,2002-03-30 19:00:00,2002,Q1,2305900000.0,1774300000.0,531600000.0,0.230539052,0,0.0,0.0,348200000.0,0.0,348200000.0,2122500000.0,0.0,0.0,64100000.0,210100000.0,0.0911140986,171600000.0,0.0744177978,-52400000.0,98500000.0,0.0427165098,17600000.0,80900000.0,0.0350839152,0.24,0.24,336600000,339200000,,,6.850564468211527,0.2403446226975638,-0.4741532976827095,-0.5748663101604278,0.2932263814616755,11.8048128342246,-5.026143790849673,11.8048128342246,10.968805704099822,6388668000.0,9988168000.0,19.74248454882571,2.7705746129493907,-40.02924812030075,-33.01637209302326,1.607818799546999,1.607818799546999,4.331570319614901,47.54006663493575,-62.58250626566416,-51.61843927648579,0.0126630465067209,-0.0302880036965451,0.9291808229520574,0.3311033190146087,17.13231794383627,0.9139377613154868,0.0,-1.9728059332509271,0.004476676515355,0.3535228677379481,0.0,0.0,0.5080576455712095,-0.212406015037594,0.014701418101392,0.5288611544461779,0.0,7.989838793729452,0.0155295550831756,0.0147477030771474,-15.694964349376114,-306700000.0,-1691800000.0,-3920400000.0,6959100000.0,1428750000.0,1388500000.0,1320150000.0,58.4557005941281,105.27306543425576,68.22408837287945,1.5396274287240437,0.8549195335838874,1.319182156133829,0.0203598842330439,0.1007130124777183,2002-04-18,0.29,bmo,2305900000.0,2025-04-25,2002-03-31,0.0,17.930666666666664,4753003.183333334
2001-12-31,TT,USD,1466258,2001-12-31,2001-12-30 19:00:00,2001,Q4,2535600000.0,2016200000.0,519400000.0,0.2048430352,0,0.0,0.0,401100000.0,0.0,401100000.0,2417300000.0,0.0,0.0,85000000.0,203300000.0,0.0801782616,82400000.0,0.0324972393,-37000000.0,45400000.0,0.0179050323,-54700000.0,100100000.0,0.0394778356,0.3,0.3,327266667,337083333,,,7.747810136740874,0.3058667749991171,1.499694437258409,1.2839682203259644,0.3709513135353928,12.305255640349095,-5.079038495539786,11.967610499116306,10.585862690379036,5308265338.74,8658665338.74,13.257405940909091,2.0934947699716044,10.81553655,12.632711420133267,1.355324857973753,1.355324857973753,3.4148388305489825,42.59058208922774,17.64194241797066,20.606057445835315,0.0188573844019184,0.0791595696871741,0.8845427156206914,0.3131321348192738,16.480078701426464,1.11813398807436,0.0,4.903096903096903,0.0053878241148338,0.2857142857142857,0.0,0.0,0.5142312246355197,0.1438467807660961,0.027843508439817,0.8305882352941176,0.0,9.075303004623663,0.0207008904737916,0.0186253349211074,-16.034935815812858,336800000.0,-1662200000.0,-3848800000.0,7659100000.0,1436300000.0,1303850000.0,1311300000.0,48.26549929010885,31.31832159507985,57.820156730483085,1.8646859832328284,2.8737172177879136,1.5565506060372114,0.0255578818362865,0.2157262169324442,2002-01-24,0.26,bmo,2340553846.0,2025-04-25,2001-12-31,0.0769230769230769,15.76671875,2738272.78125
2001-09-30,TT,USD,1466258,2001-09-30,2001-09-29 20:00:00,2001,Q3,2383100000.0,1868200000.0,514900000.0,0.2160631111,0,0.0,0.0,364700000.0,0.0,364700000.0,2232900000.0,0.0,0.0,107300000.0,231500000.0,0.0971423776,124600000.0,0.0522848391,-93300000.0,31300000.0,0.013134153,-2600000.0,33900000.0,0.0142251689,0.1,0.1,336600000,338400000,,,7.079916815210933,0.1007130124777183,0.732620320855615,0.5739750445632799,0.3520499108734403,11.822341057635176,-4.384729649435532,11.48544266191325,11.45068330362448,4281552000.0,8030552000.0,31.57486725663717,1.796631278586715,17.362335766423357,22.161242236024844,1.107488877392654,1.107488877392654,3.369792287356804,34.68920950323974,32.56509326845093,41.56600414078675,0.0079176896601979,0.0451238242581194,0.996973616140714,0.3537937618182152,16.194384449244062,1.110893169877408,0.0,7.274336283185841,0.0066798207752702,0.8436578171091446,0.0,0.0,0.5007526940941052,0.2165450121654501,0.022407788175066,0.4976700838769804,0.0,5.101617824546565,0.0150184917806722,0.0062328779716486,-14.84863339275104,316600000.0,-1475900000.0,-3743200000.0,7382000000.0,1435050000.0,1737300000.0,1217050000.0,57.13230665939323,91.82582164650466,63.94229739856547,1.575290851401375,0.9801164681811028,1.4075190235817072,0.008768753233316,0.1586452762923351,2001-10-18,0.22,bmo,2274777272.0,2025-04-25,2001-09-30,0.0454545454545455,15.704067796610168,2721247.745762712
2001-06-30,TT,USD,1466258,2001-06-30,2001-06-29 20:00:00,2001,Q2,2285600000.0,1697500000.0,588100000.0,0.2573066153,0,0.0,0.0,319100000.0,85300000.0,404400000.0,2101900000.0,0.0,0.0,85300000.0,285900000.0,0.1250875044,175400000.0,0.0767413371,-78400000.0,97000000.0,0.042439622,34100000.0,62900000.0,0.027520126,0.19,0.19,336770000,336770000,,,6.786827805327078,0.1867743563856638,0.032366303411824,-0.0881907533331353,0.1885559877661312,11.78578852035514,-3.5323811503399947,11.453811206461385,11.672357989132047,5381584600.0,9254884600.0,21.389445945945948,2.3545609905495275,493.7233577981651,-181.19813468013467,1.395168796826796,1.395168796826796,4.049214473223661,32.3710549143057,849.0719816513762,-311.61227609427607,0.0116880072832079,-0.0055188206090823,1.0190807041194618,0.3736739039507206,13.547743966421828,1.2894166765134507,0.0,0.1732909379968203,0.0053144198457829,0.4546899841017488,0.0,0.0,0.49038936841705,3.7247706422018334,0.0177633881694084,0.4759671746776084,0.0,6.937849801315887,0.0127516971676212,0.0117331045160327,-14.596386257683283,734800000.0,-1189600000.0,-3276800000.0,7366600000.0,1342000000.0,1547050000.0,1106650000.0,53.446359817990896,83.16053019145802,58.68159057437408,1.6839313342665585,1.082244182339815,1.5337007589447054,0.0163067430586161,0.1205570567449594,2001-07-19,0.28,bmo,2285600000.0,2025-04-25,2001-06-30,0.0,17.833809523809524,2762279.238095238
2001-03-31,TT,USD,1466258,2001-03-31,2001-03-30 19:00:00,2001,Q1,2119600000.0,1552800000.0,566800000.0,0.2674089451,0,0.0,0.0,306400000.0,84900000.0,391300000.0,1944100000.0,0.0,0.0,84900000.0,260400000.0,0.1228533686,68900000.0,0.0325061332,8600000.0,77500000.0,0.0365635025,28200000.0,49300000.0,0.0232591055,0.16,0.16,319796000,319796000,,,6.6279753342756,0.1541607774956535,-0.4587299403369648,-0.5713017048368335,0.2526610714330385,11.075498130057913,-4.728952207031983,10.72652566010832,11.950430899698558,4924858400.0,8670358400.0,24.973926977687626,2.3234848084544253,-33.57095023858214,-26.955984674329503,1.4356932046759758,1.4356932046759758,4.09056350254765,33.29630721966206,-59.10264758009544,-47.456805692391896,0.0100104400971203,-0.037097513301093,1.114100807509547,0.3670229623440606,14.383640552995391,0.9737443609022556,0.0,-2.975659229208925,0.0055433065852208,0.5537525354969574,0.0,0.0,0.4853880357640189,-0.2453987730061349,0.0169843366672957,0.4240282685512367,0.0,6.099689709383664,0.0049981515004482,0.0092003359149015,-16.39083978536317,-87300000.0,-1512300000.0,-3633100000.0,6471300000.0,1325100000.0,1103500000.0,1064700000.0,56.33279864125306,88.42349304482227,64.13253477588871,1.5976483002939623,1.0178290508652337,1.4033438770899231,0.0143719208232516,0.1125717644998686,2001-04-18,0.25,bmo,2034816000.0,2025-04-25,2001-03-31,0.04,16.700806451612905,3129977.7741935486
2000-12-31,TT,USD,1466258,2000-12-31,2000-12-30 19:00:00,2000,Q4,2379800000.0,1708400000.0,671400000.0,0.2821245483,0,0.0,0.0,296800000.0,78100000.0,374900000.0,2083300000.0,0.0,0.0,78100000.0,374600000.0,0.1574081856,296500000.0,0.1245903017,-133900000.0,162600000.0,0.0683250693,56500000.0,106100000.0,0.0445835785,0.33,0.33,319796000,319796000,,,7.441619032132984,0.3317740059287796,1.618844513377278,1.4224693241941735,0.6253986916659371,11.275000312699346,-4.689239390111196,10.929467535553917,11.450737345057474,5039984960.0,8627484960.0,11.875553628652217,2.117818707454408,9.73533892215569,11.079325038469994,1.441973266193637,1.441973266193637,3.6252983275905537,23.03119316604378,16.665027931234306,18.96567368652451,0.0210516501223844,0.0902582058498841,1.0476939803158618,0.3478083297715724,9.57688200747464,0.8376947511722886,0.0,-30.27485380116959,0.0053968415016857,0.2563619227144204,0.0,0.0,0.4849028826518497,0.1213057755456828,0.0263887721657282,0.8040973111395646,0.0,9.032582554625977,0.0222689493814827,0.0195640949992624,-16.318918935821586,-643800000.0,-1499600000.0,-3600000000.0,5989500000.0,1402600000.0,1051650000.0,992200000.0,50.05252542230439,35.89674549285881,53.88726293608054,1.7981110691348696,2.507191077194012,1.670153485189168,0.0303559166857404,0.1963751891831042,2001-01-24,0.46,bmo,2172860869.0,2025-04-25,2000-12-31,0.0869565217391303,14.54873015873016,2707091.412698413
2000-09-30,TT,USD,1466258,2000-09-30,2000-09-29 20:00:00,2000,Q3,2255900000.0,1585300000.0,670600000.0,0.2972649497,0,0.0,0.0,310800000.0,83600000.0,394400000.0,1979700000.0,0.0,0.0,83600000.0,363900000.0,0.1613103418,276200000.0,0.1224345051,-69900000.0,187300000.0,0.0830267299,56600000.0,251900000.0,0.111662751,0.78,0.78,321800000,324200000,,,7.010254816656309,0.7827843380981976,0.3166563082660037,0.1637663144810441,0.5087010565568676,12.160658794282163,-3.8623368551895583,11.813238036047236,12.635487880671224,4228452000.0,8236552000.0,4.196558157999206,1.87439691475686,41.496094210009815,80.23628083491461,1.1123114560042089,1.1123114560042089,3.651115740945964,22.63410827150316,80.82975466143277,156.2913092979127,0.0595726284701824,0.01246318983874,1.0696041036432986,0.3832544724489604,11.014289640010992,0.8624808267746235,0.0,0.4045256053989678,0.0064799127434815,0.1087733227471218,0.0,0.0,0.4860029784907723,0.4828263002944062,0.0218094773704508,0.5885167464114832,0.0,14.424368222871426,0.0213663763380752,0.0461930609550355,-15.352315102548166,-546900000.0,-1242900000.0,-3266100000.0,6046100000.0,1505900000.0,1442950000.0,954350000.0,59.11299259718959,80.7235223616981,54.585882798208544,1.522507930080313,1.1149166608059635,1.6487779511180447,0.0662633171116664,0.1528899937849596,2000-10-18,0.42,bmo,2202188095.0,2025-04-25,2000-09-30,0.0238095238095238,15.923492063492064,3422406.603174603
2000-06-30,TT,USD,1466258,2000-06-30,2000-06-29 20:00:00,2000,Q2,2185800000.0,1501400000.0,684400000.0,0.3131119041,0,0.0,0.0,269600000.0,66300000.0,335900000.0,1837300000.0,0.0,0.0,66300000.0,414800000.0,0.1897703358,348500000.0,0.159438192,-77700000.0,276500000.0,0.1264983073,93100000.0,175400000.0,0.0802452191,0.55,0.54,323000000,325600000,,,6.7671826625387,0.5430340557275541,0.2879256965944272,0.1987616099071207,0.2718266253869969,11.59938080495356,-4.275232198142415,11.255727554179566,15.226315789473684,5042030000.0,9879730000.0,7.186473774230331,2.30672065147772,54.21537634408602,78.53629283489097,1.3868494883925624,1.3868494883925624,4.519960655137707,23.818056894889104,106.2336559139785,153.8898753894081,0.034787575639177,0.0127329666820705,1.3527615799317856,0.4399567029860626,11.662729026036644,0.8537439942932673,0.0,0.5302166476624858,0.0054541523949679,0.1567844925883694,0.0,0.0,0.4586889234787898,0.3096774193548387,0.0131759538841614,0.4343891402714932,0.0,11.727125655419002,0.0239424282500042,0.0289864652707772,-17.718343653250773,-697100000.0,-1380900000.0,-3362800000.0,5861900000.0,1354700000.0,1399050000.0,891100000.0,63.00164699423552,87.75809244704942,56.77900626082323,1.4285340827396902,1.0255464480874317,1.5850929054054057,0.0482451314776102,0.0891640866873065,2000-07-19,0.55,bmo,2146058181.0,2025-04-25,2000-06-30,0.0181818181818181,17.5115873015873,2107106.0
2000-03-31,TT,USD,1466258,2000-03-31,2000-03-30 19:00:00,2000,Q1,1976700000.0,1368900000.0,607800000.0,0.3074821672,0,0.0,0.0,269500000.0,69000000.0,338500000.0,1707400000.0,0.0,0.0,69000000.0,338300000.0,0.1711438256,269300000.0,0.1362371629,-60700000.0,216500000.0,0.1095259776,76900000.0,136000000.0,0.0688015379,0.39,0.39,324000000,324000000,,,6.100925925925926,0.419753086419753,0.1898148148148148,0.0484567901234567,0.2654320987654321,11.193827160493829,-0.2709876543209876,10.898148148148149,9.333333333333334,5559840000.0,8497840000.0,10.22029411764706,2.812687813021703,90.4039024390244,354.1299363057325,1.5745794392523365,1.5745794392523365,4.29900338948753,25.119243275199526,138.17626016260164,541.2636942675159,0.0244611355722466,0.0028238222682667,0.8564146134239592,0.3354930327505103,8.684599467927875,1.523246241171628,0.0,0.4522058823529412,0.0049821577599355,0.2036764705882353,0.0,0.0,0.4121105884441288,0.7447154471544716,0.0231699296807811,0.663768115942029,0.0,10.145292244805484,0.02279891222939,0.0256652198528024,-12.342052469135805,1207600000.0,-87800000.0,-1871300000.0,6157100000.0,1083900000.0,1279250000.0,788550000.0,53.69403551373502,87.7120315581854,54.89809335963182,1.6761638259984737,1.0260850011243534,1.6394011976047904,0.0385160011328235,0.141358024691358,2000-04-19,0.41,bmo,1880275609.0,2025-04-25,2000-03-31,0.048780487804878,17.029682539682543,3117357.222222222
1999-12-31,TT,USD,1466258,1999-12-31,1999-12-30 19:00:00,1999,Q4,1887500000.0,1263800000.0,623700000.0,0.3304370861,0,0.0,0.0,272800000.0,67900000.0,340700000.0,1604500000.0,0.0,0.0,67900000.0,350900000.0,0.1859072848,283000000.0,0.1499337748,-64100000.0,218900000.0,0.1159735099,77700000.0,165900000.0,0.0878940397,0.51,0.51,324000000,324000000,,,5.825617283950617,0.5120370370370371,1.0873456790123457,0.8827160493827161,0.6895061728395062,11.053086419753086,-0.4478395061728395,9.515432098765432,8.051851851851852,6920640000.0,9306540000.0,10.42893309222423,3.666564238410596,19.64416690320749,24.19804195804196,2.244774570223808,2.244774570223808,4.930617218543047,26.52191507552009,26.41652001135396,32.54034965034965,0.023971771396865,0.0413256577426365,0.8461887771650989,0.3105640341896621,6.799373040752351,1.6494910575651274,0.0,2.123568414707655,0.0040169695288297,0.1675708257986739,0.0,0.0,0.4435965810337849,0.1881918819188192,0.0351258278145695,0.9764359351988218,0.0,10.470229572675413,0.0255068301285301,0.0354949827766961,-10.75054012345679,1129400000.0,-145100000.0,-1950700000.0,6095900000.0,1047650000.0,1233050000.0,763000000.0,47.13377483443709,87.19417629371736,52.84776072163317,1.909458775923116,1.0321790264619406,1.7030049858509635,0.053811222834901,0.2046296296296296,2000-01-26,0.48,bmo,2044791666.0,2025-04-25,1999-12-31,-0.0833333333333333,19.58484375,2666840.703125
1999-09-30,TT,USD,1466258,1999-09-30,1999-09-29 20:00:00,1999,Q3,1846100000.0,1268000000.0,578100000.0,0.3131466334,0,0.0,0.0,248500000.0,56700000.0,305200000.0,1573200000.0,0.0,0.0,56700000.0,339600000.0,0.1839553654,272900000.0,0.1478251449,-65900000.0,207000000.0,0.1121282704,73500000.0,137500000.0,0.074481339,0.42,0.42,327380952,331325301,,,5.638996370198105,0.4200000004887272,0.7529454554216093,0.6454254552964951,0.1942690911351494,10.410196375750049,-1.11154909220253,9.078109101472709,7.253323644803867,6976488087.12,9289288087.12,12.684523794763637,3.779041269227019,28.302182909208923,33.01698100861334,2.34740514371467,2.34740514371467,5.031844475987215,27.3536162753828,37.684738690141984,43.96255602044486,0.0197090568037882,0.0302874451101123,0.7989905787348587,0.2954511521425372,6.810365135453475,1.597685366810514,0.0,1.791424418604651,0.0040134806582259,0.2036363636363636,0.0,0.0,0.4693176728213806,0.1427991886409736,0.0190672227939981,0.6208112874779541,0.0,9.262188246237672,0.0260117532200764,0.0322376441901903,-10.212720011883892,914100000.0,-363900000.0,-2185600000.0,5937500000.0,1199900000.0,1367900000.0,844850000.0,53.95807377715183,88.1332807570978,55.639589905362776,1.6679616913624864,1.0211806394459209,1.617553259344304,0.0462651413189771,0.1075200001251141,1999-10-20,0.41,bmo,1801073170.0,2025-04-25,1999-09-30,0.024390243902439,23.72328125,1869327.28125
1999-06-30,TT,USD,1466258,1999-06-30,1999-06-29 20:00:00,1999,Q2,2249300000.0,1548100000.0,701200000.0,0.3117414307,0,0.0,0.0,312300000.0,69600000.0,381900000.0,1930000000.0,0.0,0.0,69600000.0,374400000.0,0.166451785,319300000.0,0.141955275,-62600000.0,258300000.0,0.1148357267,91800000.0,166500000.0,0.0740230294,0.51,0.5,329702970,336363636,,,6.822201207347328,0.505000000454955,0.5453393398306361,0.410066066435495,0.2405195197362037,10.336879889192383,-1.19107207314511,8.746660668540535,7.533750757537914,8265653457.9,10670253457.9,12.410891077927928,3.674767019917307,45.97137629532814,61.13649007322485,2.866236721651987,2.866236721651987,4.743810722402525,28.499608594818376,59.34512490489433,78.92199303180473,0.0201435979439551,0.016356843495632,0.8613288022747764,0.2933901868606931,6.422542735042735,1.4321028527285768,0.0,1.07987987987988,0.0030003677418023,0.1489489489489489,0.0,0.0,0.4489381304481349,0.2480533926585094,0.0198283910549948,0.6408045977011494,0.0,9.969149007604758,0.0296063748746801,0.0356882582415227,-10.785920430137466,783100000.0,-392700000.0,-2462700000.0,5925200000.0,1265250000.0,1469750000.0,923150000.0,51.73609567420975,86.86066791550932,52.65938892836379,1.7395978344934262,1.0361421591593605,1.7090969308898212,0.0577363201331576,0.135273273395141,1999-07-22,0.49,bmo,2203395918.0,2025-04-25,1999-06-30,0.0204081632653061,25.26650793650793,2205247.365079365
1999-03-31,TT,USD,1466258,1999-03-31,1999-03-30 19:00:00,1999,Q1,2083300000.0,1458200000.0,625100000.0,0.3000528008,0,0.0,0.0,300200000.0,78200000.0,378400000.0,1836600000.0,0.0,0.0,78200000.0,311700000.0,0.1496183939,246700000.0,0.1184178947,-61900000.0,187700000.0,0.0900974416,66600000.0,121100000.0,0.0581289301,0.37,0.37,327200000,327200000,,,6.367053789731052,0.3701100244498777,0.277200488997555,-0.351161369193154,0.2221882640586797,10.086491442542789,-1.315403422982885,8.483190709046454,8.009474327628363,6298600000.0,8846600000.0,13.002890173410403,3.0233763740219843,69.44432194046307,-54.818102697998256,2.26919335663076,2.26919335663076,4.246435942975087,28.38177735001604,97.53693495038588,-76.99390774586597,0.019226494776617,-0.018242149048995,0.9441582303563064,0.3090994869375479,8.174526788578762,1.2640991769129153,0.0,0.7489677952105698,0.0039215063664941,0.203963666391412,0.0,0.0,0.4400188712626054,2.266813671444322,0.0986895790332645,2.629156010230179,0.0,8.404972529200116,0.0228512095819599,0.0255065504022915,-11.32984413202934,519800000.0,-430400000.0,-2690200000.0,5585000000.0,1100750000.0,1364700000.0,940650000.0,53.46085537368598,89.20998491290632,58.04759292278151,1.6834747474747476,1.0088556800885569,1.5504518872939923,0.0436286342183953,0.628361858190709,1999-04-21,0.34,bmo,1899479411.0,2025-04-25,1999-03-31,0.0882352941176469,19.05032786885246,1658745.426229508
1998-12-31,TT,USD,1466258,1998-12-31,1998-12-30 19:00:00,1998,Q4,2082400000.0,1413000000.0,669400000.0,0.3214560123,0,0.0,0.0,306400000.0,68700000.0,375100000.0,1788100000.0,0.0,0.0,68700000.0,363000000.0,0.1743180945,294300000.0,0.1413273146,-62300000.0,232000000.0,0.1114099116,82300000.0,149700000.0,0.0718882059,0.46,0.45,327297297,331780822,,,6.362411236167343,0.4573823290694637,0.7821635019491163,0.5957886050003034,0.2196779523052401,9.910255995789663,-1.621461603454672,8.272295630965752,7.591568958175661,5999359454.009999,8412159454.009999,10.018970364078156,2.8809832184066457,23.43499786722656,30.765945918,2.215829899911357,2.215829899911357,4.039646299466961,23.17399298625344,32.85999786722656,43.13927925133333,0.0249526638881322,0.032503469994561,0.9177100646352724,0.2990191948974066,6.646831955922865,1.3130679359584596,0.0,1.7100868403473617,0.00410043775316,0.1643286573146292,0.0,0.0,0.4542150550574643,0.23828125,0.029293123319247,0.8879184861717613,0.0,9.226648441061952,0.0280112712141141,0.0330084671017816,-11.612072677764887,578800000.0,-530700000.0,-2638300000.0,5700700000.0,1100900000.0,1424700000.0,949950000.0,41.66346523242413,81.78343949044586,59.92356687898089,2.1601659751037343,1.1004672897196262,1.5019132653061225,0.0552908587257617,0.1863748969488128,1999-01-28,0.44,bmo,1987745454.0,2025-04-25,1998-12-31,0.0454545454545455,17.24875,1947466.78125
1998-09-30,TT,USD,1466258,1998-09-30,1998-09-29 20:00:00,1998,Q3,2020000000.0,1413700000.0,606300000.0,0.3001485149,0,0.0,0.0,285700000.0,70400000.0,356100000.0,1769800000.0,0.0,0.0,70400000.0,307400000.0,0.1521782178,250200000.0,0.1238613861,-70600000.0,185200000.0,0.0916831683,65800000.0,119400000.0,0.0591089109,0.37,0.36,327123288,331666667,,,6.175041869840829,0.3649999996331658,0.790833332538526,0.6049706861591584,0.2971356780933309,9.446285585146112,-2.1783835824002846,7.806231147933436,8.201800661773735,4815254799.360001,7401054799.360001,10.082191790954775,2.3837895046336635,18.613277152531893,24.33175745002527,1.8856730887218047,1.8856730887218047,3.6638885145346536,24.076300583474303,28.60863857502899,37.39795249802931,0.0247961956272531,0.0410985520488558,1.0506735588972431,0.3174847351730013,8.411841249186727,1.4202118899928635,0.0,2.1666666666666665,0.0050879965901817,0.2051926298157454,0.0,0.0,0.449981066881242,0.2350212601468883,0.03009900990099,0.8636363636363636,0.0,8.00678919654892,0.0234272587672755,0.0256879154923517,-11.786381897702128,765500000.0,-712600000.0,-2773500000.0,5887200000.0,1279000000.0,1531450000.0,931250000.0,55.14950495049505,99.6576359906628,61.05892339251609,1.6319276135078364,0.9030918615050466,1.4739860285684496,0.0467575187969924,0.1858626463793675,1998-10-21,0.35,bmo,1962285714.0,2025-04-25,1998-09-30,0.0285714285714286,16.50578125,2090108.9375
1998-06-30,TT,USD,1466258,1998-06-30,1998-06-29 20:00:00,1998,Q2,2186200000.0,1522600000.0,663600000.0,0.3035403897,0,0.0,0.0,303200000.0,74100000.0,377300000.0,1899900000.0,0.0,0.0,74100000.0,360400000.0,0.1648522551,286300000.0,0.1309578264,-67900000.0,218400000.0,0.0998993688,77500000.0,140900000.0,0.0644497301,0.43,0.43,327674419,331529412,,,6.671866563987102,0.4299999994811923,0.6353867983817193,0.4513626680146795,0.3311213622690516,9.134982245898176,-2.448466994916682,7.5434634401533796,8.802334978733876,5599955820.71,8375755820.71,9.93604652361604,2.561502067839173,26.897002020701247,37.863122520013526,2.265537592325431,2.265537592325431,3.8311937703366574,23.240165984211988,40.22937473924112,56.63120906497634,0.025160912784154,0.0264109226456804,1.1668824338538717,0.3401016425530911,7.701997780244173,1.4184328317963653,0.0,1.4776437189496097,0.0043928917990787,0.1745919091554293,0.0,0.0,0.4475573950263539,0.2896253602305475,0.0275821059372427,0.8137651821862348,0.0,8.543009346560952,0.0264499726082524,0.0300740645877355,-12.015127735680826,775900000.0,-802300000.0,-2857200000.0,5862000000.0,1321500000.0,1506650000.0,911750000.0,54.34909889305644,88.51635360567451,53.39944831209773,1.6559612179972731,1.016761268781302,1.685410670799203,0.0570029937697224,0.1840241303670397,1998-07-23,0.4,bmo,2022235000.0,2025-04-25,1998-06-30,0.0749999999999999,18.089841269841276,1565638.5873015872
1998-03-31,TT,USD,1466258,1998-03-31,1998-03-30 19:00:00,1998,Q1,2002900000.0,1414700000.0,588200000.0,0.2936741724,0,0.0,0.0,305200000.0,69400000.0,374600000.0,1789300000.0,0.0,0.0,69400000.0,283000000.0,0.1412951221,213600000.0,0.1066453642,-60000000.0,153600000.0,0.0766888012,54500000.0,99100000.0,0.0494782565,0.3,0.3,330333333,330333333,,,6.063269430941745,0.3000000003027245,0.5330978814662946,0.2470232091291858,0.3214934412931316,8.846518676938969,-2.703027247934437,7.245408685414136,9.008779020190492,6140896660.47,9010596660.47,15.49166665103431,3.0660026264266813,34.87164486354344,75.25608652536765,2.565762789533718,2.565762789533718,4.498775106330821,31.839564171272087,51.16749949159569,110.4239786822304,0.016137708461685,0.0132879617605801,1.2433776217932648,0.3491938701274318,10.140282685512368,1.3516444353935444,0.0,1.7769929364278507,0.0040059296484102,0.248234106962664,0.0,0.0,0.4476778296683955,0.5366269165247018,0.047181586699286,1.361671469740634,0.0,6.993318859875908,0.0196692934317195,0.021053749734438,-12.234762878138003,690700000.0,-892900000.0,-2945000000.0,5800200000.0,1302150000.0,1443150000.0,887450000.0,59.4398122722053,96.43175231497844,58.534671661836434,1.5141366797701843,0.9333025465100936,1.5375502662754048,0.0414055318793348,0.2860746723371086,1998-04-22,0.29,bmo,1933834482.0,2025-04-25,1998-03-31,0.0344827586206896,16.965737704918034,1542465.0655737706
1997-12-31,TT,USD,1466258,1997-12-31,1997-12-30 19:00:00,1997,Q4,1932500000.0,1366500000.0,566000000.0,0.2928848642,0,0.0,0.0,299100000.0,62500000.0,361600000.0,1728100000.0,0.0,0.0,62500000.0,266900000.0,0.1381112549,204400000.0,0.1057697283,-58800000.0,145600000.0,0.0753428202,51600000.0,94000000.0,0.0486416559,0.28,0.28,329733223,330333333,,,5.860798564420062,0.2850789469886084,0.9186214153494626,0.7048122051080064,0.3181359738202662,7.488781317010328,-4.135767659663461,7.1008919838205085,10.472405445174084,5180108933.33,8528308933.33,13.776885460984044,2.6805220871047863,17.10171321667217,22.289625358562823,2.212398109391817,2.212398109391817,4.413096472615782,31.95319945046834,28.15552635632222,36.69668215718588,0.0181463365365123,0.0448639213945261,1.4748014008712735,0.4103213080469604,12.544773323342076,1.0932640261190825,0.0,3.222340425531915,0.0047489348808319,0.2617021276595744,0.0,0.0,0.4554636627216122,0.2327500825354902,0.0364812419146183,1.128,0.0,6.748857919093906,0.0188169713615677,0.0205123728887531,-13.504477830552124,217100000.0,-1363700000.0,-3401400000.0,5333300000.0,1226150000.0,1318050000.0,817300000.0,59.68175937904269,90.2634467618002,56.29857299670691,1.5079984393289114,0.9970813571689164,1.598619560131025,0.0401469206457674,0.2138092102414563,1998-01-29,0.36,bmo,1825138888.0,2025-04-25,1997-12-31,0.0555555555555556,15.90375,1666938.109375
1997-09-30,TT,USD,1466258,1997-09-30,1997-09-29 20:00:00,1997,Q3,1694000000.0,1201200000.0,492800000.0,0.2909090909,0,0.0,0.0,263500000.0,49600000.0,313100000.0,1514300000.0,0.0,0.0,49600000.0,229300000.0,0.1353600945,179700000.0,0.1060802834,-23100000.0,156600000.0,0.0924439197,59500000.0,97100000.0,0.0573199528,0.3,0.29,323666667,334827586,,,5.233779603260783,0.2999999996910402,0.6784757974475017,0.5542739438164017,0.640473737754404,7.370236861616646,2.863439749883172,7.051699271831412,3.714624095041582,5405233338.9,6400233338.9,13.916666680998969,3.1908107077331755,24.613995168032787,30.129505790969898,2.368223509858044,2.368223509858044,3.778177886009445,27.91205119450501,29.144960559653917,35.67577111984392,0.0179640718377868,0.0331900565159522,0.526770066596565,0.2068437532257509,4.339293501962494,1.7019894998618403,0.0,2.261585993820803,0.0045326442845085,0.2523171987641606,0.0,0.0,0.2509548222826274,0.1830601092896175,0.0237308146399055,0.8104838709677419,0.0,6.899200680936993,0.0245047679957396,0.02230184432348,-6.03027805764132,1016200000.0,926800000.0,-963300000.0,3630200000.0,1193800000.0,1267050000.0,795750000.0,62.20306965761511,94.82517482517484,58.42657342657343,1.446873932353946,0.9491150442477876,1.540394973070018,0.0425429372590255,0.1242018536311,1997-10-22,0.28,bmo,1573000000.0,2025-04-25,1997-09-30,0.0714285714285712,16.2825,1438470.46875
1997-06-30,TT,USD,1466258,1997-06-30,1997-06-29 20:00:00,1997,Q2,1837400000.0,1311400000.0,526000000.0,0.2862740829,0,0.0,0.0,272300000.0,44100000.0,316400000.0,1627800000.0,0.0,0.0,44100000.0,253700000.0,0.1380755415,209600000.0,0.1140742353,-29700000.0,179900000.0,0.0979100903,68300000.0,111600000.0,0.0607379993,0.34,0.34,328235294,328235294,,,5.597813622078069,0.3400000001218638,0.4055017922600364,0.2982616488524235,0.5282795700818206,7.128422941623091,2.6499283163619816,6.799390683440642,4.060197134071755,5241917645.18,6401217645.18,11.742647054614697,2.85289955653641,39.38330311930879,53.54359188130746,2.3487398714849004,2.3487398714849004,3.4838454583541965,25.231445191880173,48.09329560616079,65.3852670600613,0.0212899186050008,0.018676371249369,0.5971413209068913,0.2257397903009976,4.569570358691368,1.7666225718860962,0.0,1.1926523297491038,0.0042541683234007,0.1998207885304659,0.0,0.0,0.2489963920930941,0.2644628099173554,0.0191575051703494,0.7981859410430839,0.0,7.212166023252959,0.0280514833634994,0.025170850531159,-6.312697134879103,1101100000.0,869800000.0,-1026500000.0,3734400000.0,1176000000.0,1215000000.0,798550000.0,59.60161097202569,87.05581820954704,55.70611560164709,1.510026298487837,1.0338194718171068,1.6156215350498953,0.0500044806882337,0.1072401434076129,1997-07-23,0.32,bmo,1722562500.0,2025-04-25,1997-06-30,0.0625,13.47109375,1846042.6875
1997-03-31,TT,USD,1466258,1997-03-31,1997-03-30 19:00:00,1997,Q1,1639400000.0,1172300000.0,467100000.0,0.2849213127,0,0.0,0.0,244400000.0,56100000.0,300500000.0,1472800000.0,0.0,0.0,56100000.0,222700000.0,0.1358423814,166600000.0,0.1016225448,-35000000.0,131600000.0,0.0802732707,53800000.0,77800000.0,0.0474563865,0.24,0.24,324166667,324166667,,,5.057275059067069,0.2399999997532133,0.1477634959920169,0.0240616966333555,1.4378406154880816,6.852030841283259,3.234755780735469,6.52257068738039,4.125347039459798,3656600003.76,4527800003.76,11.75000001208226,2.2304501669879224,76.33820467139874,468.7948722769231,1.7293794947786605,1.7293794947786605,2.761864098914237,20.3313875337225,94.5260961118998,580.4871799692309,0.0212765957228026,0.0021331291341627,0.6324725690503216,0.2362512145570179,3.911989223170184,1.98808095952024,0.0,0.615681233933162,0.00607121368954,0.2853470437017995,0.0,0.0,0.2071548449783588,0.837160751565762,0.0244601683542759,0.714795008912656,0.0,5.934802581016173,0.0218918624942658,0.017335502127944,-5.333984570350658,1318100000.0,1048600000.0,-787200000.0,3603700000.0,1100700000.0,1128450000.0,780250000.0,62.320361107722334,89.1708607011857,60.2968523415508,1.44415081042988,1.0092983211364617,1.4926152279093456,0.0367953083617101,0.1237017993586614,1997-04-24,0.22,bmo,1415845454.0,2025-04-25,1997-03-31,0.1363636363636363,11.973934426229508,1528750.1147540985
1996-12-31,TT,USD,1466258,1996-12-31,1996-12-30 19:00:00,1996,Q4,1740400000.0,1228400000.0,512000000.0,0.2941852448,0,0.0,0.0,256000000.0,48100000.0,304100000.0,1532500000.0,0.0,0.0,48100000.0,256000000.0,0.1470926224,207900000.0,0.1194552976,-34400000.0,173500000.0,0.0996897265,64200000.0,109300000.0,0.0628016548,0.34,0.34,321129051,324166667,,,5.419628011169877,0.3403616074585541,0.5897940389080526,0.4294223757413962,0.5732897706598336,6.86390718353289,3.195600014400441,6.510778123278545,4.1294924762194745,3696195377.01,4838195377.01,8.454243771752058,2.123761995524017,19.515287101425557,26.803447258955764,1.7678378501100056,1.7678378501100056,2.779932990697541,18.899200691445312,25.544854155279832,35.08481056569978,0.0295709476506128,0.0373086338611117,0.6342548306868184,0.2358936957449836,4.4609375,1.965276701286622,0.0,1.7328453796889296,0.0059791211626582,0.202195791399817,0.0,0.0,0.2095488828803187,0.2719112988384372,0.0295908986439898,1.0706860706860706,0.0,7.061191501900664,0.0291454722490449,0.0245971734629579,-6.3715817476756405,1245400000.0,1026200000.0,-881800000.0,3568800000.0,1075750000.0,1138400000.0,849900000.0,55.13560101126178,80.25561706284599,56.78850537284273,1.6323391483774152,1.1214168340332298,1.5848277641594632,0.0522766405203749,0.1603716631666563,1997-01-27,0.31,bmo,1571974193.0,2025-04-25,1996-12-31,0.0967741935483871,11.54609375,1331135.796875
1996-09-30,TT,USD,1466258,1996-09-30,1996-09-29 20:00:00,1996,Q3,1595800000.0,1153900000.0,441900000.0,0.2769144003,0,0.0,0.0,240400000.0,52800000.0,293200000.0,1447100000.0,0.0,0.0,52800000.0,201500000.0,0.126268956,148700000.0,0.093182103,-18700000.0,130000000.0,0.0814638426,48100000.0,81900000.0,0.0513222208,0.25,0.25,327600000,327600000,,,4.871184371184371,0.25,0.351953601953602,0.2182539682539682,0.3516483516483517,6.446581196581197,2.4606227106227108,6.101343101343101,3.5680708180708183,4022928000.0,5076628000.0,12.28,2.5209474871537787,34.890962705984386,56.26472727272727,2.012671602961777,2.012671602961777,3.181243263566863,25.194183622828785,44.029731136166525,71.00179020979022,0.020358306188925,0.0177731244506488,0.584800880528317,0.2048330003855185,5.2292803970223325,1.6563645163520708,0.0,1.407814407814408,0.0054935111938369,0.2698412698412698,0.0,0.0,0.2288227666211054,0.3798785776235906,0.0274470485023185,0.8295454545454546,0.0,5.8583320958319645,0.0219892965284134,0.0186102526813306,-6.725198412698413,949300000.0,806100000.0,-1199100000.0,3542500000.0,1130000000.0,1211350000.0,936950000.0,61.20879809499937,92.1448999046711,72.12323424906837,1.4703768543259927,0.9767225325884544,1.247864172163945,0.0409745847508505,0.1336996336996337,1996-10-25,0.23,bmo,,2025-04-25,1996-09-30,0.0869565217391303,11.265,1346620.90625
1996-06-30,TT,USD,1466258,1996-06-30,1996-06-29 20:00:00,1996,Q2,1761900000.0,1288300000.0,473600000.0,0.2688007265,0,0.0,0.0,247600000.0,49700000.0,297300000.0,1585600000.0,0.0,0.0,49700000.0,226000000.0,0.1282706169,176300000.0,0.1000624326,-29800000.0,146500000.0,0.0831488734,54200000.0,92300000.0,0.0523866281,0.29,0.28,318275862,323859649,,,5.535763814850653,0.2900000000628385,0.2375297942009815,0.0725785482280776,0.2312459372115375,6.400422536598142,2.3457638141594286,6.056067173576612,4.48039003347354,3612431033.7,4964831033.7,9.784482756500545,2.050304236165503,47.78347928174603,156.38229583116882,1.874153584280156,1.874153584280156,2.817884689085646,21.96827891017699,65.67236817063491,214.92775037662332,0.0255506607984879,0.0063945857469671,0.7398184176394293,0.2503599143228344,5.984070796460177,1.7589469052508069,0.0,0.819068255687974,0.0055087556867812,0.2156013001083423,0.0,0.0,0.2265704554232943,0.6944444444444444,0.0297973778307508,1.056338028169014,0.0,6.286162447483351,0.0249354623560099,0.0209520350486913,-7.004851030770282,1034900000.0,746600000.0,-1260200000.0,3620000000.0,1151050000.0,1260400000.0,968100000.0,60.00510812191384,86.71660327563455,66.3106419312272,1.499872307823274,1.037863530169983,1.3572482090181206,0.0478858625162127,0.1649512459729038,1996-07-23,0.26,bmo,,2025-04-25,1996-06-30,0.1153846153846152,10.61888888888889,1473202.0476190476
1996-03-31,TT,USD,1466258,1996-03-31,1996-03-30 19:00:00,1996,Q1,1604900000.0,1156800000.0,448100000.0,0.2792074273,0,0.0,0.0,245500000.0,52000000.0,297500000.0,1454300000.0,0.0,0.0,52000000.0,202600000.0,0.1262383949,150600000.0,0.0938376223,-32300000.0,118300000.0,0.0737117577,43800000.0,74500000.0,0.0464203377,0.23,0.23,323913043,323913043,,,4.954724839530466,0.2300000003395973,0.0166711409642124,-0.129046980056311,0.2630335574353515,6.0593422908258745,2.0490067144347752,5.688255041955813,4.024845643526618,3456152168.81,4674652168.809999,11.597826069832216,2.1535000117203564,640.0281794092592,-82.68306623947369,1.875794935582089,1.875794935582089,2.9127373473798985,23.07330784210266,865.6763275574073,-111.83378394282296,0.0215557638556323,-0.0120943748881266,0.7075712347354138,0.2300146438716279,6.01431391905232,1.6942804946599213,0.0,0.07248322147651,0.0057289144206915,0.2657718120805369,0.0,0.0,0.2291854125866723,8.74074074074074,0.0294099320829958,0.9076923076923076,0.0,5.425561711526738,0.0223434122540881,0.0170523472727688,-7.041859070800061,988100000.0,663700000.0,-1293900000.0,3563300000.0,1118650000.0,1204650000.0,949800000.0,63.222630693501145,99.54616182572612,76.78941908713692,1.423540890544616,0.9041031652989449,1.1720364741641338,0.0404341926729986,0.1457181210205234,1996-04-24,0.19,bmo,,2025-04-25,1996-03-31,0.0,10.336984126984127,1387807.5714285714
1995-12-31,TT,USD,1466258,1995-12-31,1995-12-30 19:00:00,1995,Q4,1630000000.0,1155500000.0,474500000.0,0.2911042945,0,0.0,0.0,257000000.0,47500000.0,304500000.0,1460000000.0,0.0,0.0,47500000.0,217500000.0,0.1334355828,170000000.0,0.1042944785,-18200000.0,151800000.0,0.0931288344,56200000.0,95600000.0,0.0586503067,0.3,0.3,319090909,323913043,,,5.108262109717454,0.299601139686496,0.6866381768338,4.080028491190891,0.4302849004074885,6.162193733949343,2.2335327641690976,5.626923078526189,4.574871796175177,3072845453.67,4395345453.67,8.035683717756276,1.885181259920245,14.024853736513007,2.36027763550964,1.7114149004010026,1.7114149004010026,2.69653095317178,20.20848484445977,20.06091033167504,3.376100663391965,0.0311112294586184,0.4236789710478599,0.8130325814536341,0.2623982168856614,6.080459770114943,1.7646704784832985,0.0,2.2918410041841004,0.0064435391556552,0.207112970711297,0.0,0.0,0.2253338845649165,4.942035600182565,0.6642944785276074,22.79578947368421,0.0,6.158833717777302,0.0243904598664227,0.0221825185047683,-6.803625358063711,1016400000.0,712700000.0,-1251400000.0,3548400000.0,1126350000.0,1147500000.0,915150000.0,61.28282208588957,87.99826914755518,71.08091735179576,1.4686007748445806,1.022747388918393,1.2661626123164584,0.0532442216652742,3.393390314357091,1996-01-25,0.29,bmo,,2025-04-25,1995-12-31,-0.0344827586206894,9.399047619047618,1331046.9206349207
1995-09-30,TT,USD,1466258,1995-09-30,1995-09-29 20:00:00,1995,Q3,1521300000.0,1109900000.0,411400000.0,0.2704266088,0,0.0,0.0,239100000.0,53200000.0,292300000.0,1402200000.0,0.0,0.0,53200000.0,172300000.0,0.1132583974,119100000.0,0.0782883061,-21000000.0,98100000.0,0.0644843226,36300000.0,61800000.0,0.0406231513,0.2,0.2,316923077,316923077,,,4.80021844543684,0.1949999999526699,0.2757766989621901,0.0709951456138361,0.589101941604587,5.937402911180242,1.904247572353338,5.448956309357049,5.179174756024472,3074153846.9,4528853846.9,12.435897438915855,2.020741370472622,35.17338497597253,136.6290598622222,1.780157419016735,1.780157419016735,2.976963023006639,26.284700214161344,51.81754973569794,201.28239319555556,0.0201030927786257,0.0073190871766841,0.9504893161155828,0.2898617267381284,8.442832269297737,1.7221284971179531,0.0,1.4142394822006472,0.0063757381628004,0.3171521035598705,0.0,0.0,0.2257227117805993,0.7425629290617849,0.0426608821402747,1.2199248120300752,0.0,4.889508748483973,0.0166824586544002,0.0140951077659938,-7.188968444857046,1027300000.0,603500000.0,-1331100000.0,3551200000.0,1160250000.0,1211700000.0,933350000.0,67.60796687043975,94.48418776466347,74.41481214523832,1.3312040602030102,0.9525403364229316,1.2094366350659256,0.0357866697550524,0.204781553348354,1995-10-26,0.19,bmo,,2025-04-25,1995-09-30,0.0,10.333015873015873,1361970.9682539685
1995-06-30,TT,USD,1466258,1995-06-30,1995-06-29 20:00:00,1995,Q2,1392100000.0,1009000000.0,383100000.0,0.2751957474,0,0.0,0.0,222400000.0,42000000.0,264400000.0,1273400000.0,0.0,0.0,42000000.0,160700000.0,0.1154371094,118700000.0,0.085266863,-11800000.0,106900000.0,0.0767904605,40300000.0,66600000.0,0.0478413907,0.21,0.21,317142857,317142857,,,4.389504506481758,0.2100000000945946,0.323198198343783,-3.415495497034007,0.4836936939115737,5.710045047617138,1.6610810818293158,5.211216218563611,5.52779279528279,3136542855.73,4736242855.73,11.773809518506006,2.253101685029811,30.600418104682927,-2.8956267131923927,1.8978295248562955,1.8978295248562955,3.40222890290209,29.47257533123833,46.20724737297561,-4.372454630474519,0.0212335692714453,-0.3453483819043485,1.0607490772675017,0.3020867437492461,9.95457373988799,1.483492892370177,0.0,1.539039039039039,0.006248918284089,0.2942942942942942,0.0,0.0,0.221270656350697,11.56780487804878,0.8517347891674448,28.23095238095238,0.0,4.962156450960057,0.0162706086771681,0.014737121614445,-7.823682435956614,833300000.0,526800000.0,-1435600000.0,3349500000.0,1081850000.0,1094500000.0,852400000.0,76.13892680123554,112.22794846382556,84.64816650148661,1.182049758002887,0.8019392783341281,1.0632244467860903,0.0402976946814303,3.73869369537779,1995-07-25,0.2,bmo,,2025-04-25,1995-06-30,0.0999999999999999,9.45746031746032,1713677.857142857
1995-03-31,TT,USD,1466258,1995-03-31,1995-03-30 19:00:00,1995,Q1,1185600000.0,856400000.0,329200000.0,0.2776653171,0,0.0,0.0,203300000.0,36700000.0,240000000.0,1096400000.0,0.0,0.0,36700000.0,125900000.0,0.1061909582,89200000.0,0.0752361673,-16900000.0,72300000.0,0.0609817814,26000000.0,46300000.0,0.0390519568,0.14,0.14,319310345,319310345,,,3.713002157822353,0.1449999999217062,-0.0169114470751018,-0.1543952482967628,0.7679049671879563,5.525345569370764,5.116965440001638,5.025518355817755,0.996522677647666,2714137932.5,2787137932.5,14.655172421706265,2.289252642122132,-502.61813564814815,-55.05350775862069,1.6913678148563591,1.6913678148563591,2.350824841852227,22.137711934074662,-516.1366541666666,-56.534237981744425,0.0170588235202007,-0.0181641468584426,0.1982925157350283,0.0837677038909071,0.5798252581413821,1.886657352427524,0.0,-0.1166306695464362,0.0071846016985726,0.4211663066954643,0.0,0.0,0.0343284367925025,-8.12962962962963,0.037027665317139,1.1961852861035422,0.0,4.049167028785355,0.0215280564376236,0.0126219944386892,-2.103596111175164,1015400000.0,1633900000.0,126300000.0,2126400000.0,967700000.0,907300000.0,717550000.0,74.84817813765181,97.81877627276972,79.42783745913124,1.2024340770791075,0.9200687580575848,1.1331039957660758,0.0288527450613821,0.137483801221661,1995-04-25,0.15,bmo,,2025-04-25,1995-03-31,0.0,8.142380952380952,1393363.6984126985
1994-12-31,TT,USD,1466258,1994-12-31,1994-12-30 19:00:00,1994,Q4,1239700000.0,860800000.0,378900000.0,0.3056384609,0,0.0,0.0,208500000.0,34100000.0,242600000.0,1103400000.0,0.0,0.0,34100000.0,170400000.0,0.1374526095,136300000.0,0.1099459547,-15800000.0,120500000.0,0.0972009357,42400000.0,78100000.0,0.0629991127,0.24,0.24,319310345,319310345,,,3.8824298035192064,0.2445896326973058,0.3203779695894287,0.0479157667127884,0.6482721378789027,5.278250537106776,4.888347729541929,4.7956479455747045,1.409600431204319,2602379311.75,2845479311.75,8.33027948703585,2.099200864523675,25.43870294965787,170.09015109477124,1.6994575274276758,1.6994575274276758,2.2952966941598776,16.69882225205399,27.815047035679378,185.97903998366013,0.03001099787697,0.0058792351794832,0.2939332593221446,0.1251355333759626,1.426643192488263,1.925680223055476,0.0,1.3098591549295775,0.0074931428758119,0.2496798975672215,0.0,0.0,0.0346131390919958,0.8504398826979472,0.0701782689360329,2.5513196480938416,0.0,5.137288177137661,0.0328281300354185,0.0224916484276005,-2.044406046412308,962800000.0,1560900000.0,91400000.0,2046600000.0,920400000.0,885450000.0,685750000.0,68.92473985641688,92.40473977695169,71.02346654275094,1.305772066568359,0.9739760126725504,1.2671868099514203,0.0510024162476327,0.2724622028766403,1995-01-26,0.24,bmo,,2025-04-25,1994-12-31,0.0416666666666667,8.54888888888889,1113095.634920635
1994-09-30,TT,USD,1466258,1994-09-30,1994-09-29 20:00:00,1994,Q3,1113700000.0,807400000.0,306300000.0,0.275029182,0,0.0,0.0,184500000.0,32800000.0,217300000.0,1024700000.0,0.0,0.0,32900000.0,121900000.0,0.1094549699,89000000.0,0.0799138008,-12800000.0,76200000.0,0.06842058,27800000.0,48400000.0,0.0434587411,0.16,0.16,312258065,312258065,,,3.5666012341426634,0.154999999759814,0.4176033051380114,0.3019938011849269,0.7605888417966082,5.171683876283548,4.762727265347014,4.679462802666122,1.0231921471748056,2857161294.75,2939161294.75,14.758064538997935,2.5654676257071025,21.91074612538344,30.29863515111347,1.955352651758828,1.955352651758828,2.6390960714285714,24.111249341673503,22.53958048121165,31.16820036850477,0.0169398906841326,0.0330047870147461,0.2186558992608814,0.0902542372881356,0.6726825266611977,1.8701347305389224,0.0,2.6942148760330578,0.0068249559574501,0.402892561983471,0.0,0.0,0.0360734463276836,0.276840490797546,0.0324144742749393,1.0972644376899696,0.0,4.039755747444321,0.0228756004075081,0.0141839814787679,-2.1551084677348524,930000000.0,1487200000.0,73700000.0,2003600000.0,894200000.0,868400000.0,697950000.0,72.03555715183623,98.8840723309388,77.15878127322269,1.249382993044649,0.910156690339308,1.16642588847154,0.0331234601697235,0.1156095039530844,1994-10-25,0.14,bmo,,2025-04-25,1994-09-30,0.0714285714285712,9.37890625,749060.8125
1994-06-30,TT,USD,1466258,1994-06-30,1994-06-29 20:00:00,1994,Q2,1143800000.0,832100000.0,311700000.0,0.272512677,0,0.0,0.0,186100000.0,33700000.0,219800000.0,1051900000.0,0.0,0.0,33700000.0,125600000.0,0.1098094072,91900000.0,0.0803462144,-10700000.0,81200000.0,0.0709914321,29600000.0,51600000.0,0.045112782,0.17,0.17,312727273,312727273,,,3.65749999681032,0.1649999998561046,0.1934593021568668,0.0748255813300939,0.8205232550983809,5.085261623472156,4.754622088876783,4.5979360425018,1.003430231683055,2839563638.84,2896763638.84,13.757575769573643,2.482570063682462,46.93493617917356,121.34887345470086,1.9747991090061896,1.9747991090061896,2.5325788064696626,23.063404767834395,47.8803907246281,123.79331789914532,0.0181718061515533,0.0082407027896579,0.2182349259336532,0.088138640002247,0.4554140127388535,1.8304613175372464,0.0,1.1724806201550388,0.0064798688602438,0.3565891472868217,0.0,0.0,0.0290424964188411,0.6132231404958678,0.0324357405140758,1.1008902077151337,0.0,4.131565991594646,0.0238745379948336,0.0149266684023257,-2.202558137614048,925300000.0,1486900000.0,69500000.0,1951100000.0,863150000.0,835450000.0,719350000.0,70.58052107011716,91.90361735368344,76.1122461242639,1.2751393534002229,0.9792868071083912,1.182464118232201,0.0358856665971208,0.1186337208267729,1994-07-21,0.15,bmo,,2025-04-25,1994-06-30,0.0666666666666667,9.24016129032258,1098321.8548387096
1994-03-31,TT,USD,1466258,1994-03-31,1994-03-30 19:00:00,1994,Q1,1010300000.0,744100000.0,266200000.0,0.2634860932,0,0.0,0.0,174300000.0,31800000.0,206100000.0,950200000.0,0.0,0.0,31800000.0,91900000.0,0.0909630803,60100000.0,0.059487281,-8100000.0,52000000.0,0.0514698604,19000000.0,33000000.0,0.0326635653,0.11,0.11,314285714,314285714,,,3.2145909120132643,0.1050000000954545,0.0273636363885123,-0.0878181818980165,0.7235454552032231,4.844954549859049,4.513090913193719,4.3775454585250415,0.9965454554514048,3026571425.82,3112371425.82,22.92857140772728,2.995715555597348,351.9269099790698,-109.65838499347826,2.199862934888792,2.199862934888792,3.0806408253192124,33.86693608073994,361.9036541651163,-112.7670806456522,0.0109034268011894,-0.0091192296882675,0.2276493676406454,0.0911710767618548,0.9336235038084876,1.8606410135199016,0.0,0.2606060606060606,0.0061125271461213,0.5606060606060606,0.0,0.0,0.0303612493814222,4.209302325581396,0.035830941304563,1.1383647798742138,0.0,3.2158904140482125,0.0160415480380991,0.009906934854398,-2.213670456557882,910300000.0,1418400000.0,55400000.0,1893700000.0,813400000.0,791800000.0,724350000.0,73.87607641294665,99.32535949469155,88.89934148635936,1.2182563607862051,0.9061130053580126,1.0123809523809524,0.0239860444832097,0.1151818182865289,1994-04-26,0.1,bmo,,2025-04-25,1994-03-31,0.0,10.00952380952381,1457916.9047619049
1993-12-31,TT,USD,1466258,1993-12-31,1993-12-30 19:00:00,1993,Q4,1088700000.0,771200000.0,317500000.0,0.2916322219,0,0.0,0.0,176600000.0,28400000.0,205000000.0,976200000.0,0.0,0.0,28400000.0,140900000.0,0.1294204097,112500000.0,0.1033342519,-8700000.0,103800000.0,0.0953430697,36100000.0,46700000.0,0.0428951961,0.15,0.15,310452171,314285714,,,3.5068203791043877,0.1504257478682601,0.3282309145133986,0.1723292828897627,0.7344126448386151,4.819099815539702,4.477984468660714,4.347851701768257,1.6781973156180634,3070371971.19,3363371971.19,16.436680787955034,2.820218582887848,30.13122641010795,57.390130302616825,2.274686598896133,2.274686598896133,3.089346901065491,23.87063144918382,33.00659441795878,62.86676581663552,0.0152098835053852,0.017424598876619,0.3859831086086828,0.1543566497792788,2.0794889992902768,1.8570731231084645,0.0,1.505169867060561,0.0059927592398091,0.3940042826552462,0.0,0.0,0.0313749888898764,0.4749754661432777,0.0444566914668871,1.704225352112676,0.0,3.8360981461404897,0.0286853580893105,0.0142839664770294,-2.242615980933179,877900000.0,1390200000.0,23000000.0,1858900000.0,791700000.0,782050000.0,733650000.0,65.92725268669055,88.97302904564316,83.28967842323652,1.365141065830721,1.011542497376705,1.0805660641726216,0.0345977181804711,0.1559016316236358,1994-01-28,0.2,bmo,,2025-04-25,1993-12-31,0.0999999999999999,9.64453125,1132574.359375
1993-09-30,TT,USD,1466258,1993-09-30,1993-09-29 20:00:00,1993,Q3,973500000.0,704500000.0,269000000.0,0.2763225475,0,0.0,0.0,172800000.0,31600000.0,204400000.0,908900000.0,0.0,0.0,31600000.0,96200000.0,0.0988186954,64600000.0,0.0663585003,-9600000.0,55000000.0,0.0564971751,19800000.0,35200000.0,0.0361581921,0.11,0.11,320000000,320000000,,,3.0421875,0.11,0.115,0.0134375,0.6921875,4.5690625,4.2446875,4.1503125,0.9959375,3132799999.9999995,3229999999.9999995,22.25,3.218079096045197,85.13043478260869,728.5581395348836,2.358858519689782,2.358858519689782,3.3179250128402664,33.57588357588357,87.77173913043477,751.1627906976743,0.0112359550561797,0.0013725740551583,0.239966869964611,0.0953877465505372,1.0103950103950103,1.8414088529271777,0.0,1.0454545454545454,0.005873340143003,0.5227272727272727,0.0,0.0,0.0310676124629613,0.8831521739130435,0.0333846944016435,1.0284810126582278,0.0,3.20499975624024,0.0180494193661049,0.0108732585796805,-2.160234375,883900000.0,1358300000.0,55400000.0,1847500000.0,783300000.0,797300000.0,753800000.0,72.65639445300462,102.41731724627395,96.27253371185238,1.2387072146583535,0.8787576400149681,0.9348460721868364,0.0265040283111211,0.1015625,1993-10-22,0.11,bmo,,2025-04-25,1993-09-30,0.0,9.2221875,1281737.546875
1993-06-30,TT,USD,1466258,1993-06-30,1993-06-29 20:00:00,1993,Q2,1006800000.0,720200000.0,286600000.0,0.2846642829,0,0.0,0.0,184600000.0,32600000.0,217200000.0,937400000.0,0.0,0.0,32600000.0,102000000.0,0.1013110846,69400000.0,0.0689312674,-13200000.0,56200000.0,0.0558204211,20200000.0,36000000.0,0.0357568534,0.12,0.12,313043478,313043478,,,3.2161666693468054,0.1150000000958333,0.1236250001030208,0.0319444444710648,0.6459166672049306,4.653347226100012,4.308986114701933,4.207402781283947,1.2627638899411922,2742260867.28,2935360867.28,19.043478245,2.7237394390941594,70.85945393488372,274.226086728,2.0820445427682026,2.0820445427682026,2.915535227731426,28.77804771843137,75.84911801757106,293.536086728,0.0131278538922184,0.0036466260811717,0.3001290714448409,0.1204154989642987,1.8931372549019607,2.095823363062867,0.0,1.075,0.006709791989356,0.5111111111111111,0.0,0.0,0.0328378213719995,0.7416020671834626,0.0285061581247516,0.8803680981595092,0.0,3.299493098287133,0.0188099839274921,0.0113385826771653,-2.11272569620505,1007500000.0,1348900000.0,100800000.0,1937200000.0,778600000.0,817200000.0,784600000.0,69.78843861740167,99.08497639544572,94.22382671480143,1.2896118867682849,0.9083112624542816,0.9551724137931036,0.0273327765545516,0.091680555631956,1993-07-22,0.12,bmo,,2025-04-25,1993-06-30,-0.0833333333333333,8.575396825396826,1192949.3333333333
1993-03-31,TT,USD,1466258,1993-03-31,1993-03-30 19:00:00,1993,Q1,952100000.0,697100000.0,255000000.0,0.2678290096,0,0.0,0.0,178900000.0,30900000.0,209800000.0,906900000.0,0.0,0.0,30900000.0,76100000.0,0.0799285789,45200000.0,0.0474740048,-6700000.0,38500000.0,0.0404369289,13900000.0,24600000.0,0.0258376221,0.08,0.08,307500000,307500000,,,3.096260162601626,0.08,-0.040650406504065,-0.1134959349593495,0.7411382113821138,4.688130081300813,4.331707317073171,4.230569105691057,1.2865040650406503,2475375000.0,2643075000.0,25.15625,2.5999107236634806,-198.03000000000003,-70.92765042979943,1.9028172803443768,1.9028172803443768,2.7760476840668,34.73160315374507,-211.446,-75.73280802292264,0.0099378881987577,-0.0140988739079937,0.3040971635021908,0.1174479707864501,2.203679369250985,1.9494464583129223,0.0,-0.508130081300813,0.0073928192698076,0.7439024390243902,0.0,0.0,0.03253866935843,-1.792,0.0235269404474319,0.7249190938511327,0.0,2.75953336458248,0.0123023679336509,0.0075490226163807,-2.305121951219512,969100000.0,1332000000.0,63100000.0,1908400000.0,799800000.0,832300000.0,792750000.0,73.40090326646362,108.64294936164109,105.24745373691005,1.2261429491307148,0.8284016636957814,0.8551275760549558,0.0189099853947267,0.0728455284552845,1993-04-20,0.09,bmo,,2025-04-25,1993-03-31,-0.111111111111111,8.471451612903227,1469452.8709677418
1992-12-31,TT,USD,1466258,1992-12-31,1992-12-30 19:00:00,1992,Q4,1091600000.0,798100000.0,293500000.0,0.2688713815,0,0.0,0.0,253200000.0,29900000.0,283100000.0,1081200000.0,0.0,0.0,29900000.0,40300000.0,0.0369182851,10400000.0,0.0095272994,15100000.0,25500000.0,0.0233602052,10700000.0,-335200000.0,-0.3070721876,-1.09,-1.09,307500000,307500000,,,3.549918699186992,-1.090081300813008,0.2969105691056911,0.1684552845528455,0.7050406504065041,4.681626016260163,4.31349593495935,4.206178861788618,1.1564227642276423,2315475000.0,2454275000.0,-1.7269354116945108,2.121175338951997,25.36117196056955,44.70028957528957,1.790223442090614,1.790223442090614,2.248328142176621,60.900124069478906,26.88143483023001,47.379826254826256,-0.1447651129897753,0.0223712197281335,0.2749342817380547,0.1049710709646947,3.444168734491315,1.822189294313762,0.0,6.168918918918919,0.0048002656042496,-0.0331589946300715,0.0,0.0,0.0334159877199197,0.4326396495071193,0.0361854159032612,1.3210702341137124,0.0,,0.0026155119297047,-0.1023698998289763,-2.369837398373984,887800000.0,1326400000.0,19600000.0,1848100000.0,747300000.0,721700000.0,760650000.0,67.86277024551119,92.81919558952512,86.86505450444807,1.3262058073138137,0.9696270198031832,1.0360898351291703,-0.2591618988711922,0.1284552845528455,1992-12-30,,bmo,,2025-04-25,1992-12-31,,7.8109375,1176707.59375
1992-09-30,TT,USD,1466258,1992-09-30,1992-09-29 20:00:00,1992,Q3,904000000.0,661000000.0,243000000.0,0.2688053097,0,0.0,0.0,166500000.0,29000000.0,195500000.0,856500000.0,0.0,0.0,29000000.0,76500000.0,0.0846238938,47500000.0,0.0525442478,8600000.0,56100000.0,0.0620575221,20200000.0,35900000.0,0.0397123894,0.12,0.12,312173913,312173913,,,2.8958217274228164,0.1150000000160167,0.0438857938779785,-0.0695125348286229,0.5564206128908664,5.402116992395838,4.648050139923127,5.402116992395838,1.182994429134122,2350669564.89,2546269564.89,16.36956521511142,2.60029819125,171.58172006496352,-108.32578640046084,1.3938979867706358,1.3938979867706358,2.816669872665929,33.28456947568628,185.8590923277372,-117.33961128525344,0.0152722443580367,-0.0092314123278383,0.2189871916508539,0.1201757240481614,2.556862745098039,2.1118125531139977,0.0,0.38268156424581,0.0077424748556063,0.5069637883008357,0.0,0.0,0.0766026684022128,2.583941605839416,0.0391592920353982,1.2206896551724138,0.0,3.73871337759008,0.0135138101590409,0.0126515365097265,-1.0691956826001665,915800000.0,1451000000.0,352900000.0,1941600000.0,678900000.0,645450000.0,760000000.0,66.8528761061947,84.45839636913767,102.25416036308624,1.3462397617274755,1.0656134128647428,0.8801597869507324,0.0212879506641366,0.1133983287066014,1993-01-27,0.19,bmo,,2025-04-25,1992-09-30,0.0,7.05109375,973985.515625
1992-06-30,TT,USD,1466258,1992-06-30,1992-06-29 20:00:00,1992,Q2,926900000.0,674400000.0,252500000.0,0.2724134211,0,0.0,0.0,154200000.0,28900000.0,183100000.0,857500000.0,0.0,0.0,28900000.0,98300000.0,0.1060524328,69400000.0,0.0748732334,-9400000.0,60000000.0,0.064731902,21400000.0,38600000.0,0.0416441903,0.13,0.13,308800000,308800000,,,3.001619170984456,0.125,0.1272668393782383,0.0294689119170984,0.7011010362694301,5.414183937823834,4.727655440414508,5.414183937823834,1.199158031088083,2195568000.0,2349368000.0,14.22,2.3687215449347288,55.86687022900763,241.2712087912088,1.3132172976852683,1.3132172976852683,2.534650987161506,23.89997965412004,59.78035623409669,258.1723076923077,0.0175808720112517,0.0041447133498028,0.2214845385489562,0.1185263427437424,1.5645981688708035,2.047586905163685,0.0,1.0181347150259068,0.008334973000153,0.4740932642487047,0.0,0.0,0.0678573714871006,0.7684478371501272,0.0325817240263243,1.0449826989619375,0.0,3.902229148208692,0.0199737544550321,0.0132545841631756,-1.0899449481865284,931200000.0,1459900000.0,367800000.0,1928600000.0,662300000.0,662100000.0,759850000.0,66.63825655410508,89.49288256227759,102.62455516014236,1.3505755500509982,1.005666567253206,0.8769830949284786,0.0230875052335666,0.0977979274611399,1992-06-29,,bmo,,2025-04-25,1992-06-30,,7.724920634920635,967712.7301587302
1992-03-31,TT,USD,1466258,1992-03-31,1992-03-30 19:00:00,1992,Q1,861200000.0,631800000.0,229400000.0,0.2663725035,0,0.0,0.0,152800000.0,28800000.0,181600000.0,813400000.0,0.0,0.0,28800000.0,76600000.0,0.0889456572,47800000.0,0.055503948,-6200000.0,41600000.0,0.0483046911,15200000.0,26400000.0,0.0306549001,0.085,0.085,310588235,310588235,,,2.772803032928791,0.0850000000804924,0.0817803031077465,-0.0038636363672951,0.3911931821886299,5.253257580732251,4.53172348913989,5.253257580732251,1.1983712132560334,2500235291.75,2750935291.75,23.676470565814395,2.9031993633882958,98.43446030511812,-2083.5294097916667,1.532382502911253,1.532382502911253,3.1943047976660472,35.9129933648825,108.3045390452756,-2292.446076458333,0.0105590062211791,-0.0004799548282354,0.228119637165972,0.1254000875981267,3.272845953002611,2.1585271317829458,0.0,0.9621212121212122,0.0068793525380409,0.6515151515151515,0.0,0.0,0.0755028469391193,1.047244094488189,0.0308871342313051,0.9236111111111112,0.0,3.169677449310024,0.0138255391206487,0.0096209912536443,-1.162069129888323,896700000.0,1407500000.0,334200000.0,1885900000.0,645300000.0,637750000.0,748800000.0,66.70575940548073,93.1054131054131,106.93732193732194,1.3492088359705467,0.9666462668298652,0.8416144931397362,0.016180436381466,0.0856439394750416,1992-03-30,,bmo,,2025-04-25,1992-03-31,,7.775079365079365,1429467.396825397
1991-12-31,TT,USD,1466258,1991-12-31,1991-12-30 19:00:00,1991,Q4,933900000.0,657900000.0,276000000.0,0.2955348538,0,0.0,0.0,142300000.0,26100000.0,168400000.0,826300000.0,0.0,0.0,26100000.0,133700000.0,0.1431630796,107600000.0,0.1152157619,-23400000.0,84200000.0,0.090159546,29500000.0,54700000.0,0.0585715815,0.18,0.18,310588235,310588235,,,3.00687500284742,0.1761174244092021,0.3686553033794084,0.2356818184050017,0.4407765155689171,5.25808712619137,4.559412883105504,5.25808712619137,1.2102840920551932,2208282350.85,2447282350.85,10.092698130027422,2.3645811659171216,19.286308741048035,30.16779167827869,1.352202774386137,1.352202774386137,2.620497216886176,18.304280859012717,21.37364498558952,33.43281900068306,0.0247703831799159,0.0331479350780593,0.2301757393913416,0.1261578735400725,1.787584143605086,2.160693641618497,0.0,2.093235831809872,0.0077435749977433,0.3126142595978062,0.0,0.0,0.0728285675929654,0.3606986899563318,0.0442231502302173,1.582375478927203,0.0,4.56463767944841,0.031757604246894,0.0198001882284804,-1.1169933722698802,903600000.0,1416100000.0,335600000.0,1903700000.0,655250000.0,614650000.0,744400000.0,62.86219081272085,85.07523939808482,102.1751025991792,1.4317032040472175,1.0578871201157742,0.8808408086758602,0.0334945808584899,0.1329734849744067,1991-12-30,,bmo,,2025-04-25,1991-12-31,,6.245625,1149217.0
1991-09-30,TT,USD,1466258,1991-09-30,1991-09-29 20:00:00,1991,Q3,865500000.0,628800000.0,236700000.0,0.2734835355,0,0.0,0.0,147000000.0,27000000.0,174000000.0,802800000.0,0.0,0.0,27000000.0,89700000.0,0.1036395147,62700000.0,0.0724436742,-8100000.0,54600000.0,0.063084922,19900000.0,34700000.0,0.0400924321,0.12,0.12,301739130,301739130,,,2.8683717620581723,0.115000000165706,0.3271037468690255,0.199178674638586,0.2594956776073425,5.187262255313058,4.486325654879432,5.187262255313058,1.2643371776143186,1937165214.6,2240365214.6,13.956521719020174,2.2382035986135183,19.62680055319149,32.23236629950083,1.2376470831842574,1.2376470831842574,2.588521334026574,24.97620083166109,22.698735710233027,37.27729142429284,0.0179127726114806,0.0310247156757922,0.2437388193202146,0.1322402856251516,3.38015607580825,2.175332527206772,0.0,2.844380403458213,0.0088273317480207,0.4927953890489913,0.0,0.0,0.0733127664737079,0.3910840932117528,0.0445984979780473,1.4296296296296296,0.0,3.6636103920808303,0.0186152490880137,0.0129797261913668,-1.2487608087157938,874800000.0,1353700000.0,299400000.0,1849500000.0,670000000.0,604000000.0,750050000.0,68.44367417677644,86.93702290076335,106.18797709923663,1.3149498632634458,1.03523213697728,0.8475535786494137,0.0221696907743419,0.1279250722304395,1991-09-29,,bmo,,2025-04-25,1991-09-30,,6.43171875,1068712.1875
1991-06-30,TT,USD,1466258,1991-06-30,1991-06-29 20:00:00,1991,Q2,922600000.0,685500000.0,237100000.0,0.2569911121,0,0.0,0.0,151000000.0,27800000.0,178800000.0,864300000.0,0.0,0.0,27800000.0,86100000.0,0.093323217,58300000.0,0.063190982,-7000000.0,51300000.0,0.0556037286,18500000.0,32800000.0,0.0355517017,0.11,0.11,312380952,312380952,,,2.9534451255529817,0.1050000001280487,0.1235670733214232,0.0179268292901546,0.1440548782244571,4.906189030373401,4.2425762246860685,4.906189030373401,0.8294359766212633,2096076187.92,2310176187.92,15.976190456707318,2.2719230304790807,54.302491915025904,374.2993192714286,1.3676603079211798,1.3676603079211798,2.503984595621071,26.831314609988382,59.84912403937824,412.5314621285714,0.0156482861591726,0.0026716586125416,0.1690591152290226,0.0904963151828437,2.4866434378629503,1.8446469248291573,0.0,1.1768292682926829,0.008158100406154,0.5213414634146342,0.0,0.0,0.0724040375816422,0.8549222797927462,0.0357684803815304,1.1870503597122302,0.0,3.404536913941802,0.0187777107089139,0.0123503275849085,-1.264641769834929,741600000.0,1325300000.0,289100000.0,1689600000.0,672550000.0,611050000.0,785250000.0,66.50986342943854,78.85339168490152,99.54485776805252,1.353182751540041,1.1413586413586414,0.9041150092323924,0.0214015398668928,0.1056402440312686,1991-06-29,,bmo,,2025-04-25,1991-06-30,,6.23640625,1159928.796875
1991-03-31,TT,USD,1466258,1991-03-31,1991-03-30 19:00:00,1991,Q1,864200000.0,644200000.0,220000000.0,0.2545707012,0,0.0,0.0,147400000.0,27800000.0,175200000.0,819400000.0,0.0,0.0,27800000.0,72600000.0,0.0840083314,44800000.0,0.0518398519,300000.0,45100000.0,0.0521869938,16700000.0,28400000.0,0.0328627632,0.095,0.095,298947368,298947368,,,2.890809863226493,0.0950000001338028,-0.0692429578440041,-0.1629049298069083,0.1672535213623289,5.137693669208019,4.43823944287076,5.137693669208019,0.8841021139212706,1793684208.0,2007984208.0,15.789473661971831,2.0755429391344595,-86.65141101449275,-36.83129790554415,1.1678391874470997,1.1678391874470997,2.323517944920157,27.658184683195596,-97.00406801932368,-41.23170858316222,0.0158333333556338,-0.0271508216344847,0.1720815157236799,0.090563322368421,2.951790633608816,1.8085129427055129,0.0,-0.7288732394366197,0.0095334507176527,0.602112676056338,0.0,0.0,0.0716488486842105,-1.352657004830918,0.0323999074288359,1.0071942446043165,0.0,3.3138829540886765,0.0141401866946524,0.0104824124312553,-1.434617079485376,746500000.0,1326800000.0,287300000.0,1696300000.0,667750000.0,613200000.0,823100000.0,69.07775977782921,86.82862465072958,113.484942564421,1.302879541685512,1.0365245374094931,0.7930567524313678,0.0184907871606224,0.0936619719629041,1991-03-30,,bmo,,2025-04-25,1991-03-31,,5.715409836065573,2019962.31147541
1990-12-31,TT,USD,1466258,1990-12-31,1990-12-30 19:00:00,1990,Q4,967000000.0,695900000.0,271100000.0,0.2803516029,0,0.0,0.0,154400000.0,24200000.0,178600000.0,874500000.0,0.0,0.0,24200000.0,116700000.0,0.1206825233,92500000.0,0.0956566701,-23900000.0,68600000.0,0.0709410548,22900000.0,45700000.0,0.0472595657,0.15,0.15,298947368,298947368,,,3.234683103147441,0.1528697185251686,0.5475880289402648,0.3983978878850674,0.1682570424905028,5.206267612966574,4.495105640133952,5.206267612966574,1.9498415520420305,1440926313.76,1973526313.76,7.882529068708972,1.4900996005791107,8.80223771386683,12.098457714189756,0.9258071920842972,0.9258071920842972,2.0408751952016546,16.91110808706084,12.055750236774587,16.57033009034425,0.0317157092375868,0.0826551634616322,0.3745181187355436,0.1954400670578374,4.563838903170523,1.7597469929489835,0.0,3.582056892778993,0.0118673660385718,0.3741794310722101,0.0,0.0,0.0712824811399832,0.272449602932193,0.0461220268872802,1.8429752066115703,0.0,4.231703552072178,0.026381419692019,0.0164987905700566,-1.521003523269019,732700000.0,1343800000.0,271000000.0,1711200000.0,700350000.0,596800000.0,829850000.0,62.56256463288521,78.23106768213825,107.84739186664753,1.4385599523951205,1.1504380889403207,0.8345125314785946,0.0293626317142122,0.1491901410551973,1990-12-30,,bmo,,2025-04-25,1990-12-31,,4.38890625,1936908.09375
1990-09-30,TT,USD,1466258,1990-09-30,1990-09-29 20:00:00,1990,Q3,936600000.0,687500000.0,249100000.0,0.2659619902,0,0.0,0.0,145900000.0,25600000.0,171500000.0,859000000.0,0.0,0.0,25600000.0,103200000.0,0.1101857783,77600000.0,0.0828528721,-16500000.0,61100000.0,0.0652359599,20900000.0,40200000.0,0.0429212044,0.13,0.13,309230769,309230769,,,3.0288059724095566,0.1300000000970149,0.1160945274498217,0.0071144278660057,0.0895771144947092,4.882437814588884,4.318457714665516,4.882437814588884,0.8495273638180553,1629646152.63,1864646152.63,10.134615377052238,1.7399595906790517,45.39404324874652,740.7482511954545,1.0793788267518876,1.0793788267518876,1.990867128582105,18.068276672771315,51.94000425153203,847.5664330136364,0.0246679317072134,0.001349986312335,0.1739965558352099,0.0906643658326143,2.2771317829457365,1.813065219704224,0.0,0.8952618453865336,0.0104930754276952,0.4253731343283582,0.0,0.0,0.0601898188093183,0.9387186629526464,0.0359812086269485,1.31640625,0.0,3.779038319246055,0.0260809020297408,0.0147625867577393,-1.2958768666387142,764200000.0,1335400000.0,316400000.0,1658300000.0,707950000.0,591600000.0,830100000.0,70.00320307495195,77.06618181818182,108.10472727272727,1.2856554564172955,1.1678274163410904,0.8325260353596512,0.0266260431845277,0.1089800995838159,1990-09-29,,bmo,,2025-04-25,1990-09-30,,6.2115873015873015,1585439.984126984
1990-06-30,TT,USD,1466258,1990-06-30,1990-06-29 20:00:00,1990,Q2,932000000.0,667100000.0,264900000.0,0.2842274678,0,0.0,0.0,143000000.0,24500000.0,167500000.0,834600000.0,0.0,0.0,24500000.0,121900000.0,0.1307939914,97400000.0,0.1045064378,-14300000.0,83100000.0,0.0891630901,29200000.0,53900000.0,0.057832618,0.18,0.18,308000000,308000000,,,3.0259740259740258,0.175,0.0642857142857142,-0.073051948051948,0.1668831168831168,4.735064935064935,4.157467532467533,4.735064935064935,0.8522727272727273,2279200000.0,2490300000.0,10.571428571428571,2.44549356223176,115.11111111111111,-101.29777777777778,1.562808557323094,1.562808557323094,2.6719957081545065,20.42904019688269,125.77272727272728,-110.68,0.0236486486486486,-0.0098718848718848,0.1799917718047175,0.0920084121976866,1.7317473338802296,1.7848061363875172,0.0,0.3673469387755102,0.0069761319761319,0.2949907235621521,0.0,0.0,0.0623554153522607,2.136363636363636,0.0453862660944206,1.726530612244898,0.0,4.317906689799837,0.0332273763160211,0.020148779484879,-1.3326298701298702,746900000.0,1280500000.0,304000000.0,1607600000.0,683850000.0,606650000.0,825300000.0,66.37982832618026,80.20536651176735,112.57082896117524,1.3558335757928426,1.1221194280908326,0.799496644295302,0.0369583104772353,0.1373376623376623,1990-06-29,,bmo,,2025-04-25,1990-06-30,,7.276031746031745,1211723.5555555555
1990-03-31,TT,USD,1466258,1990-03-31,1990-03-30 19:00:00,1990,Q1,902300000.0,646500000.0,255800000.0,0.283497728,0,0.0,0.0,142900000.0,23000000.0,165900000.0,812400000.0,0.0,0.0,23000000.0,112900000.0,0.1251246814,89900000.0,0.099634268,-17500000.0,72400000.0,0.0802393882,26800000.0,45600000.0,0.0505375152,0.14,0.14,314482759,314482759,,,2.8691556982937816,0.1449999998251096,0.0089035087611909,-0.0820394735852594,0.2884100873714352,4.683245608386436,4.683245608386436,4.683245608386436,0.8833552620924443,2242262071.67,2429362071.67,12.293103463103073,2.4850516143965424,800.8078827392858,-86.90938262286822,1.5224484462724064,1.5224484462724064,2.692410585913776,21.51782171541187,867.6293113107143,-94.16132060736436,0.0203366058660742,-0.0115062375294893,0.1886203150461705,0.0974565865637607,1.6572187776793623,1.8715456034953577,0.0,0.0614035087719298,0.0075370315600143,0.3706140350877193,0.0,0.0,0.0,10.214285714285714,0.0316967749085669,1.2434782608695651,0.0,3.9088475000864418,0.0292620668979399,0.0159971934748289,-1.172321818761454,797900000.0,1472800000.0,335700000.0,1460700000.0,645900000.0,574800000.0,777900000.0,67.85658871772138,86.14385150812065,113.62412993039445,1.326326620608555,1.044764059469942,0.7920852732173487,0.030961434003259,0.0909429823464503,1990-03-30,,bmo,,2025-04-25,1990-03-31,,6.746190476190476,1874807.015873016
1989-12-31,TT,USD,1466258,1989-12-31,1989-12-30 19:00:00,1989,Q4,893000000.0,627800000.0,265200000.0,0.2969764838,0,0.0,0.0,131600000.0,19600000.0,151200000.0,779000000.0,0.0,0.0,19600000.0,133600000.0,0.1496080627,114000000.0,0.1276595745,-13600000.0,100400000.0,0.1124300112,35600000.0,64800000.0,0.0725643897,0.21,0.21,313927171,314482759,,,2.844608821706612,0.2064173030756869,0.3185452207958131,0.2226631093362734,0.4344956811654892,4.704594365933365,4.704594365933365,4.704594365933365,1.2305401879342264,2059362241.76,2309262241.76,7.9450703771604925,2.3061167320940648,20.5936224176,29.461548523032903,1.3943816384047667,1.3943816384047667,2.585959957178052,17.28489701916168,23.0926224176,33.03665581917025,0.031466052298123,0.0339425471549197,0.2615613785632067,0.148886148153858,1.870508982035928,2.3666913397483347,0.0,1.5432098765432098,0.0084492177467182,0.2685185185185185,0.0,0.0,0.0,0.301,0.0337066069428891,1.5357142857142858,0.0,4.674394915315064,0.0363256920479031,0.0249749479688583,-0.4869760062915994,923200000.0,1476900000.0,481000000.0,1529700000.0,620700000.0,532150000.0,738200000.0,61.629339305711085,76.09429754698948,106.02739726027396,1.4603434178250203,1.1827430293896006,0.8488372093023255,0.0438756855575868,0.0958821114595397,1989-12-30,,bmo,,2025-04-25,1989-12-31,,,
1989-09-30,TT,USD,1466258,1989-09-30,1989-09-29 20:00:00,1989,Q3,845300000.0,620300000.0,225000000.0,0.2661776884,0,0.0,0.0,129000000.0,21000000.0,150000000.0,770300000.0,0.0,0.0,21000000.0,96000000.0,0.113569147,75000000.0,0.0887258961,-7500000.0,67500000.0,0.0798533065,23200000.0,44300000.0,0.0524074293,0.14,0.14,328148148,328148148,,,2.5759706557905058,0.1350000000609481,0.2276410836242172,0.1362189616867805,0.2044808127333999,4.334627541460328,4.334627541460328,4.334627541460328,0.9279345376649816,1978733332.44,2216133332.44,11.166666661625282,2.3408651750147875,26.4890673686747,44.266964931543626,1.3911229839988752,1.3911229839988752,2.621712211569857,23.084722212916667,29.667112884069613,49.57792690022371,0.0223880597116,0.0225902092349553,0.2140748031496063,0.1223284589426321,2.472916666666667,2.507509490014854,0.0,1.6862302483069975,0.0087935042659557,0.3927765237020316,0.0,0.0,0.0,0.4016064257028112,0.0354903584526203,1.4285714285714286,0.0,3.628557724927352,0.0261361558021675,0.0177968825325405,-0.4841563207603414,913400000.0,1422400000.0,452500000.0,1512500000.0,633300000.0,533950000.0,743900000.0,67.06613036791671,77.40609382556828,106.9031113977108,1.3419590411176376,1.1626991565135896,0.8418838219326819,0.031144544431946,0.0914221219374366,1989-09-29,,bmo,,2025-04-25,1989-09-30,,,
1989-06-30,TT,USD,1466258,1989-06-30,1989-06-29 20:00:00,1989,Q2,907400000.0,662100000.0,245300000.0,0.270332819,0,0.0,0.0,129000000.0,20000000.0,149000000.0,811100000.0,0.0,0.0,20000000.0,116300000.0,0.1281683932,96300000.0,0.106127397,-15700000.0,80600000.0,0.0888252149,28200000.0,52400000.0,0.0577474102,0.17,0.17,317575758,317575758,,,2.857270988549447,0.1649999997795801,,,0.1039122136016439,4.377538162091075,4.377538162091075,4.377538162091075,0.9462309147664856,1692678790.14,1960178790.14,8.075757586545802,1.865416343553009,0.0,0.0,1.217579334009495,1.217579334009495,2.160214668437294,16.854503784522787,0.0,0.0,0.0309568479886641,,0.2161559487843475,0.1215221611129084,2.300085984522786,2.432359048075387,0.0,0.0,0.0058127579737335,0.1877696972205343,0.0,0.0,0.0,0.0,,0.0,,4.03132861536404,0.0339020674125839,0.0211905532190229,-0.6189861632952475,896800000.0,1390200000.0,440300000.0,1483500000.0,,,,63.15076041437073,72.64159492523788,102.08427729950158,1.425160986335794,1.2389595808383234,0.8816245006657789,0.0376924183570709,,1989-06-29,,bmo,,2025-04-25,1989-06-30,,,
1989-03-31,TT,USD,1466258,1989-03-31,1989-03-30 19:00:00,1989,Q1,801800000.0,0.0,801800000.0,1.0,0,0.0,0.0,0.0,0.0,0.0,0.0,0.0,0.0,0.0,801800000.0,1.0,801800000.0,1.0,-801800000.0,0.0,0.0,0.0,0.0,0.0,0.13,0.13,307688000,307688000,,,2.605886482410754,0.0,,,,,,,,1461518000.0,,0.0,1.8227962085308056,0.0,0.0,0.0,0.0,,,0.0,0.0,0.0,,0.0,0.0,,0.0,0.0,0.0,0.0056528421052631,0.0,0.0,0.0,0.0,0.0,,0.0,,,0.0,0.0,,,,,,,,,,0.0,0.0,0.0,0.0,0.0,0.0,,1989-03-30,,bmo,,2025-04-25,1989-03-31,,,
1988-12-31,TT,USD,1466258,1988-12-31,1988-12-30 19:00:00,1988,Q4,815100000.0,0.0,815100000.0,1.0,0,0.0,0.0,0.0,-2735900000.0,-2735900000.0,-2735900000.0,0.0,0.0,0.0,-1920800000.0,-2.3565206723,-1920800000.0,-2.3565206723,1920800000.0,0.0,0.0,0.0,0.0,0.0,0.18,0.18,307688000,307688000,,,2.649112087569226,0.0,,,0.8316866436130106,4.045331634642885,4.045331634642885,4.045331634642885,1.425469956579392,1363057840.0,1545757840.0,0.0,1.672258422279475,0.0,0.0,1.095089451273399,1.095089451273399,1.8964026990553309,-0.8047468971261974,0.0,0.0,0.0,,0.3523740660400096,0.1766269329896907,-0.0951166180758017,2.427110721589249,0.0,0.0,0.0060611738148984,0.0,0.0,0.0,0.0,0.0,,0.0,,0.0,,0.0,-0.5601453420347885,977000000.0,1244700000.0,423100000.0,1550200000.0,,,,64.50496871549504,0.0,0.0,1.3952413557001029,0.0,0.0,0.0,,1988-12-30,,bmo,,2025-04-25,1988-12-31,,,
1988-09-30,TT,USD,1466258,1988-09-30,1988-09-29 20:00:00,1988,Q3,715400000.0,0.0,715400000.0,1.0,0,0.0,0.0,0.0,0.0,0.0,0.0,0.0,0.0,0.0,715400000.0,1.0,715400000.0,1.0,-715400000.0,0.0,0.0,0.0,0.0,0.0,0.09,0.09,311166000,311166000,,,2.2990943740640044,0.0,,,,,,,,1418916959.9999998,,0.0,1.9833896561364268,0.0,0.0,0.0,0.0,,,0.0,0.0,0.0,,0.0,0.0,,0.0,0.0,0.0,0.0058883771929824,0.0,0.0,0.0,0.0,0.0,,0.0,,,0.0,0.0,,,,,,,,,,0.0,0.0,0.0,0.0,0.0,0.0,,1988-09-29,,bmo,,2025-04-25,1988-09-30,,,
1988-06-30,TT,USD,1466258,1988-06-30,1988-06-29 20:00:00,1988,Q2,779800000.0,0.0,779800000.0,1.0,0,0.0,0.0,0.0,0.0,0.0,0.0,0.0,0.0,0.0,779800000.0,1.0,779800000.0,1.0,-779800000.0,0.0,0.0,0.0,0.0,0.0,0.13,0.13,310152000,310152000,,,2.514251076891331,0.0,,,,,,,,1677922320.0,,0.0,2.1517341882533985,0.0,0.0,0.0,0.0,,,0.0,0.0,0.0,,0.0,0.0,,0.0,0.0,0.0,0.0049632162661737,0.0,0.0,0.0,0.0,0.0,,0.0,,,0.0,0.0,,,,,,,,,,0.0,0.0,0.0,0.0,0.0,0.0,,1988-06-29,,bmo,,2025-04-25,1988-06-30,,,
1988-03-31,TT,USD,1466258,1988-03-31,1988-03-30 19:00:00,1988,Q1,711000000.0,0.0,711000000.0,1.0,0,0.0,0.0,0.0,0.0,0.0,0.0,0.0,0.0,0.0,711000000.0,1.0,711000000.0,1.0,-711000000.0,0.0,0.0,0.0,0.0,0.0,0.11,0.11,316432000,316432000,,,2.246928249987359,0.0,,,,,,,,1585324320.0,,0.0,2.2297107172995783,0.0,0.0,0.0,0.0,,,0.0,0.0,0.0,,0.0,0.0,,0.0,0.0,0.0,0.0053594810379241,0.0,0.0,0.0,0.0,0.0,,0.0,,,0.0,0.0,,,,,,,,,,0.0,0.0,0.0,0.0,0.0,0.0,,1988-03-30,,bmo,,2025-04-25,1988-03-31,,,
1987-12-31,TT,USD,1466258,1987-12-31,1987-12-30 19:00:00,1987,Q4,743100000.0,0.0,743100000.0,1.0,0,0.0,0.0,0.0,-2379300000.0,-2379300000.0,-2379300000.0,0.0,0.0,0.0,-1636200000.0,-2.2018570852,-1636200000.0,-2.2018570852,1636200000.0,0.0,0.0,0.0,0.0,0.0,0.14,0.14,310152000,316432000,,,2.3959219995357115,0.0,,,0.5664964275581006,3.661430524388042,3.661430524388042,3.661430524388042,1.208439732776187,1423597680.0,1622697680.0,0.0,1.9157551877270893,0.0,0.0,1.253608383233533,1.253608383233533,2.183686825460907,-0.991747756997922,0.0,0.0,0.0,,0.3300457907713984,0.1667111466951338,-0.1216843906612883,2.4181494661921707,0.0,0.0,0.0058498910675381,0.0,0.0,0.0,0.0,0.0,,0.0,,0.0,,0.0,-0.8087969769661327,797000000.0,1135600000.0,246400000.0,1336700000.0,,,,60.04844570044408,0.0,0.0,1.4987898346107302,0.0,0.0,0.0,,1987-12-30,,bmo,,2025-04-25,1987-12-31,,,
1987-09-30,TT,USD,1466258,1987-09-30,1987-09-29 20:00:00,1987,Q3,631100000.0,0.0,631100000.0,1.0,0,0.0,0.0,0.0,0.0,0.0,0.0,0.0,0.0,0.0,631100000.0,1.0,631100000.0,1.0,-631100000.0,0.0,0.0,0.0,0.0,0.0,0.07,0.07,316432000,316432000,,,1.994425342569652,0.0,,,,,,,,1835305600.0,,0.0,2.9081058469339247,0.0,0.0,0.0,0.0,,,0.0,0.0,0.0,,0.0,0.0,,0.0,0.0,0.0,0.0046294827586206,0.0,0.0,0.0,0.0,0.0,,0.0,,,0.0,0.0,,,,,,,,,,0.0,0.0,0.0,0.0,0.0,0.0,,1987-09-29,,bmo,,2025-04-25,1987-09-30,,,
1987-06-30,TT,USD,1466258,1987-06-30,1987-06-29 20:00:00,1987,Q2,664300000.0,0.0,664300000.0,1.0,0,0.0,0.0,0.0,0.0,0.0,0.0,0.0,0.0,0.0,664300000.0,1.0,664300000.0,1.0,-664300000.0,0.0,0.0,0.0,0.0,0.0,0.065,0.065,300660000,300660000,,,2.2094724938468704,0.0,,,,,,,,1223686200.0,,0.0,1.842068643685082,0.0,0.0,0.0,0.0,,,0.0,0.0,0.0,,0.0,0.0,,0.0,0.0,0.0,0.0065972972972972,0.0,0.0,0.0,0.0,0.0,,0.0,,,0.0,0.0,,,,,,,,,,0.0,0.0,0.0,0.0,0.0,0.0,,1987-06-29,,bmo,,2025-04-25,1987-06-30,,,
1987-03-31,TT,USD,1466258,1987-03-31,1987-03-30 19:00:00,1987,Q1,609400000.0,0.0,609400000.0,1.0,0,0.0,0.0,0.0,0.0,0.0,0.0,0.0,0.0,0.0,609400000.0,1.0,609400000.0,1.0,-609400000.0,0.0,0.0,0.0,0.0,0.0,0.06,0.06,300660000,300660000,,,2.0268742100711767,0.0,,,,,,,,1235712600.0,,0.0,2.0277528716770594,0.0,0.0,0.0,0.0,,,0.0,0.0,0.0,,0.0,0.0,,0.0,0.0,0.0,0.0065330900243308,0.0,0.0,0.0,0.0,0.0,,0.0,,,0.0,0.0,,,,,,,,,,0.0,0.0,0.0,0.0,0.0,0.0,,1987-03-30,,bmo,,2025-04-25,1987-03-31,,,
1986-12-31,TT,USD,1466258,1986-12-31,1986-12-30 19:00:00,1986,Q4,768400000.0,0.0,768400000.0,1.0,0,0.0,0.0,0.0,-2584100000.0,-2584100000.0,-2584100000.0,0.0,0.0,0.0,-1815700000.0,-2.362961999,-1815700000.0,-2.362961999,1815700000.0,0.0,0.0,0.0,0.0,0.0,0.16,0.15,300660000,300660000,,,2.555710769640125,0.0,,,0.7689749218386217,3.6835628284440896,3.6835628284440896,3.6835628284440896,1.7671123528237878,865900800.0,1166000800.0,0.0,1.1268880791254554,0.0,0.0,0.7818517381489842,0.7818517381489842,1.5174398750650702,-0.6421770116208625,0.0,0.0,0.0,,0.4797291196388262,0.2255763596994013,-0.1652806080299609,2.0270042194092825,0.0,0.0,0.0093232638888888,0.0,0.0,0.0,0.0,0.0,,0.0,,0.0,,0.0,-1.0020454999002195,730200000.0,1107500000.0,193400000.0,1246700000.0,,,,65.18089536699635,0.0,0.0,1.3807726864330638,0.0,0.0,0.0,,1986-12-30,,bmo,,2025-04-25,1986-12-31,,,
1986-09-30,TT,USD,1466258,1986-09-30,1986-09-29 20:00:00,1986,Q3,644800000.0,0.0,644800000.0,1.0,0,0.0,0.0,0.0,0.0,0.0,0.0,0.0,0.0,0.0,644800000.0,1.0,644800000.0,1.0,-644800000.0,0.0,0.0,0.0,0.0,0.0,0.055,0.055,300390000,300390000,,,2.146542827657379,0.0,,,,,,,,817060800.0,,0.0,1.267153846153846,0.0,0.0,0.0,0.0,,,0.0,0.0,0.0,,0.0,0.0,,0.0,0.0,0.0,0.0098716911764705,0.0,0.0,0.0,0.0,0.0,,0.0,,,0.0,0.0,,,,,,,,,,0.0,0.0,0.0,0.0,0.0,0.0,,1986-09-29,,bmo,,2025-04-25,1986-09-30,,,
1986-06-30,TT,USD,1466258,1986-06-30,1986-06-29 20:00:00,1986,Q2,726000000.0,0.0,726000000.0,1.0,0,0.0,0.0,0.0,0.0,0.0,0.0,0.0,0.0,0.0,726000000.0,1.0,726000000.0,1.0,-726000000.0,0.0,0.0,0.0,0.0,0.0,0.055,0.055,298230000,298230000,,,2.434362740166985,0.0,,,,,,,,882760800.0,,0.0,1.2159239669421489,0.0,0.0,0.0,0.0,,,0.0,0.0,0.0,,0.0,0.0,,0.0,0.0,0.0,0.0090712837837837,0.0,0.0,0.0,0.0,0.0,,0.0,,,0.0,0.0,,,,,,,,,,0.0,0.0,0.0,0.0,0.0,0.0,,1986-06-29,,bmo,,2025-04-25,1986-06-30,,,
1986-03-31,TT,USD,1466258,1986-03-31,1986-03-30 19:00:00,1986,Q1,660300000.0,0.0,660300000.0,1.0,0,0.0,0.0,0.0,0.0,0.0,0.0,0.0,0.0,0.0,660300000.0,1.0,660300000.0,1.0,-660300000.0,0.0,0.0,0.0,0.0,0.0,0.05,0.05,298230000,298230000,,,2.214062971532039,0.0,,,,,,,,1022928900.0,,0.0,1.5491880963198543,0.0,0.0,0.0,0.0,,,0.0,0.0,0.0,,0.0,0.0,,0.0,0.0,0.0,0.0078282798833819,0.0,0.0,0.0,0.0,0.0,,0.0,,,0.0,0.0,,,,,,,,,,0.0,0.0,0.0,0.0,0.0,0.0,,1986-03-30,,bmo,,2025-04-25,1986-03-31,,,
1985-12-31,TT,USD,1466258,1985-12-31,1985-12-30 19:00:00,1985,Q4,726900000.0,0.0,726900000.0,1.0,0,0.0,0.0,0.0,-2434300000.0,-2434300000.0,-2434300000.0,0.0,0.0,0.0,-1707400000.0,-2.3488788004,-1707400000.0,-2.3488788004,1707400000.0,0.0,0.0,0.0,0.0,0.0,0.11,0.11,298230000,298230000,,,2.437380545216779,0.0,,,0.2565134292324715,3.5382087650471115,3.5382087650471115,3.5382087650471115,1.7774871743285383,826097100.0,1279697100.0,0.0,1.1364659513000412,0.0,0.0,0.7828820128885519,0.7828820128885519,1.7604857614527445,-0.7495004685486705,0.0,0.0,0.0,,0.5023692191053829,0.2363563402889245,-0.2656670961696146,2.1790633608815426,0.0,0.0,0.0096935018050541,0.0,0.0,0.0,0.0,0.0,,0.0,,0.0,,0.0,-1.1149113100627033,770400000.0,1055200000.0,236200000.0,1322800000.0,,,,71.09368551382583,0.0,0.0,1.2659352142110762,0.0,0.0,0.0,,1985-12-30,,bmo,,2025-04-25,1985-12-31,,,
1985-09-30,TT,USD,1466258,1985-09-30,1985-09-29 20:00:00,1985,Q3,612200000.0,0.0,612200000.0,1.0,0,0.0,0.0,0.0,0.0,0.0,0.0,0.0,0.0,0.0,612200000.0,1.0,612200000.0,1.0,-612200000.0,0.0,0.0,0.0,0.0,0.0,0.055,0.055,297980000,297980000,,,2.0545003020336936,0.0,,,,,,,,786667200.0,,0.0,1.284983992159425,0.0,0.0,0.0,0.0,,,0.0,0.0,0.0,,0.0,0.0,,0.0,0.0,0.0,0.0101708333333333,0.0,0.0,0.0,0.0,0.0,,0.0,,,0.0,0.0,,,,,,,,,,0.0,0.0,0.0,0.0,0.0,0.0,,1985-09-29,,bmo,,2025-04-25,1985-09-30,,,
