date,symbol,reportedCurrency,cik,fillingDate,acceptedDate,calendarYear,period,revenue,costOfRevenue,grossProfit,grossProfitRatio,researchAndDevelopmentExpenses,generalAndAdministrativeExpenses,sellingAndMarketingExpenses,sellingGeneralAndAdministrativeExpenses,otherExpenses,operatingExpenses,costAndExpenses,interestIncome,interestExpense,depreciationAndAmortization,ebitda,ebitdaratio,operatingIncome,operatingIncomeRatio,totalOtherIncomeExpensesNet,incomeBeforeTax,incomeBeforeTaxRatio,incomeTaxExpense,netIncome,netIncomeRatio,eps,epsdiluted,weightedAverageShsOut,weightedAverageShsOutDil,link,finalLink,revenuePerShare,netIncomePerShare,operatingCashFlowPerShare,freeCashFlowPerShare,cashPerShare,bookValuePerShare,tangibleBookValuePerShare,shareholdersEquityPerShare,interestDebtPerShare,marketCap,enterpriseValue,peRatio,priceToSalesRatio,pocfratio,pfcfRatio,pbRatio,ptbRatio,evToSales,enterpriseValueOverEBITDA,evToOperatingCashFlow,evToFreeCashFlow,earningsYield,freeCashFlowYield,debtToEquity,debtToAssets,netDebtToEBITDA,currentRatio,interestCoverage,incomeQuality,dividendYield,payoutRatio,salesGeneralAndAdministrativeToRevenue,researchAndDdevelopementToRevenue,intangiblesToTotalAssets,capexToOperatingCashFlow,capexToRevenue,capexToDepreciation,stockBasedCompensationToRevenue,grahamNumber,roic,returnOnTangibleAssets,grahamNetNet,workingCapital,tangibleAssetValue,netCurrentAssetValue,investedCapital,averageReceivables,averagePayables,averageInventory,daysSalesOutstanding,daysPayablesOutstanding,daysOfInventoryOnHand,receivablesTurnover,payablesTurnover,inventoryTurnover,roe,capexPerShare,report_date,epsEstimated,time,revenueEstimated,updatedFromDate,fiscalDateEnding,surprise(%),QuarterAvgPrice,QuarterAvgVolume
2025-03-31,TYL,USD,860731,2025-04-25,2025-04-25 14:11:46,2025,Q1,565165000.0,298084000.0,267081000.0,0.4725717268,47844000,79452000.0,36473000.0,115925000.0,14139000.0,177908000.0,461853000.0,0.0,1246000.0,36909000.0,133445000.0,0.2361168862,89173000.0,0.1577822406,6117000.0,95290000.0,0.1686056284,14238000.0,81052000.0,0.1434129856,1.88,1.84,42611000,43497000,https://www.sec.gov/Archives/edgar/data/860731/000086073125000027/0000860731-25-000027-index.htm,https://www.sec.gov/Archives/edgar/data/860731/000086073125000027/tyl-20250331.htm,13.263359226490811,1.902137945600901,1.317922602144986,1.263124545305203,18.948229330454577,82.4365539414705,1.8280490953040296,82.4365539414705,15.05123090281852,24773609290.0,24707982290.0,76.41270199995066,43.83429492272168,441.1412317034082,460.2792354569608,7.052575249722151,7.052575249722151,43.71817485159201,185.1548000299749,439.9726181487945,459.05992401018153,0.0032717073661413,0.0021725942057916,0.1822248615311737,0.1232830277492838,-0.4917906253512683,0.9395619035419202,71.56741573033707,0.6928638404974584,0.0,0.0,0.1405819539426539,0.0846549237833199,0.6615409001385557,0.0415791160653869,0.0041315368078348,0.0632637026199571,0.0666354073589128,59.39804870973918,0.0207839837770259,0.0461223734938045,-10.61045856703668,-94362000.0,77895000.0,-212492000.0,3534708000.0,573753500.0,163990000.0,0.0,89.1572726548884,51.67895626736088,0.0,1.0094521436111403,1.741521239987614,0.0,0.0230739623947819,0.0547980568397831,2025-04-23,2.56,amc,586241810.0,2025-05-11,2025-03-31,0.0859374999999999,593.8598333333333,260263.35
2024-12-31,TYL,USD,860731,2025-02-19,2025-02-19 17:12:51,2024,Q4,541131000.0,304312000.0,236819000.0,0.4376370971,29435000,80348000.0,41536000.0,121884000.0,13814000.0,165133000.0,469445000.0,0.0,1259000.0,36341000.0,114367000.0,0.2113480839,71686000.0,0.1324743916,5081000.0,76767000.0,0.1418639849,11546000.0,65221000.0,0.1205271921,1.52,1.49,42864000,43912000,https://www.sec.gov/Archives/edgar/data/860731/000086073125000007/0000860731-25-000007-index.htm,https://www.sec.gov/Archives/edgar/data/860731/000086073125000007/tyl-20241231.htm,12.624370100783874,1.521579880552445,5.243887644643523,5.155211832773423,17.916620007465472,79.05053191489361,0.5786440836132886,79.05053191489361,14.922242441209406,24717096960.0,24610743960.0,94.74362919918433,45.67673439518342,109.96421721373468,111.85573332488585,7.294574571880363,7.294574571880363,45.48019603386241,215.19095508319708,109.49106195556426,111.37443923013218,0.0026386998483498,0.0089400871128839,0.1883968407713089,0.1232367087740093,-0.9299273391800082,1.3520735130306014,56.93884034948372,3.4463439689670503,0.0,0.0,0.1484816061175574,0.0543953312598982,0.6493454169534258,0.0169103188091149,0.007024177140101,0.0978051102591153,0.0634837035763983,52.02247807866421,0.0147680517279611,0.0359068176763216,-13.598579227323627,375172000.0,24803000.0,-350814000.0,3933999000.0,603571000.0,151101500.0,0.0,97.73430093637216,46.37848655327427,0.0,0.9208640071881478,1.9405549143268903,0.0,0.0192481928165972,0.0886758118701007,2025-02-12,2.44,amc,540712260.0,2025-05-11,2024-12-31,-0.0040983606557376,604.28046875,254041.171875
2024-09-30,TYL,USD,860731,2024-10-23,2024-10-23 16:39:39,2024,Q3,543337000.0,305877000.0,237460000.0,0.4370399954,30120000,72460000.0,38203000.0,110663000.0,13850000.0,154633000.0,460510000.0,0.0,1235000.0,36927000.0,124258000.0,0.2286941622,82827000.0,0.1524413025,3269000.0,86096000.0,0.1584578264,10199000.0,75897000.0,0.1396867874,1.78,1.74,42714000,43694000,https://www.sec.gov/Archives/edgar/data/860731/000086073124000052/0000860731-24-000052-index.htm,https://www.sec.gov/Archives/edgar/data/860731/000086073124000052/tyl-20240930.htm,12.720349299995318,1.776864728192162,6.17399447487943,5.921079739663811,12.742449782272791,76.67537575502178,-4.406517769349628,76.67537575502178,15.055110736526666,24933016080.0,25036549080.0,82.12780505158307,45.88867697211859,94.54495017367168,98.58337088247735,7.612874332236577,7.612874332236577,46.07922721993901,201.4884279483011,94.93754296288432,98.99273299514064,0.0030440360587133,0.0101436985877883,0.1959716186805214,0.12845551333051,0.8332099341692285,1.2123351294738336,67.0663967611336,3.474656442283621,0.0,0.0,0.1333610632075489,0.0554352087194503,0.6931504963066205,0.0409645224408075,0.0198826879082411,0.2925501665448046,0.0573989991478585,55.36641437504798,0.0182712657100957,0.0495031229291353,-16.68033899892307,216929000.0,-188220000.0,-482832000.0,3880274000.0,660166500.0,147915000.0,0.0,102.61719706186032,42.77778322659107,0.0,0.8770459784215862,2.103895835912674,0.0,0.0231738639777815,0.2529147352156202,2024-10-23,2.46,amc,546023647.0,2025-04-25,2024-09-30,0.024390243902439,563.0596875,239907.453125
2024-06-30,TYL,USD,860731,2024-07-31,2024-07-31 16:10:54,2024,Q2,540976000.0,317005000.0,223971000.0,0.4140128213,28951000,75420000.0,41565000.0,116985000.0,1883000.0,145936000.0,462941000.0,0.0,1253000.0,36482000.0,114517000.0,0.2116859158,78035000.0,0.1442485434,630000.0,78665000.0,0.1454131052,10927000.0,67738000.0,0.1252144273,1.59,1.57,42527000,43275000,https://www.sec.gov/Archives/edgar/data/860731/000086073124000042/0000860731-24-000042-index.htm,https://www.sec.gov/Archives/edgar/data/860731/000086073124000042/tyl-20240630.htm,12.720765631246032,1.5928233827921086,1.5120746819667503,1.1434853152115128,6.066969219554636,73.64986949467398,-8.280198462153455,73.64986949467398,15.169774496202413,21243087040.0,21636237040.0,78.40166169653665,39.26807666144154,330.3540532470764,436.8398906002591,6.782360965841535,6.782360965841535,39.99481869805685,188.93471746552916,336.4679808410052,444.9245725801477,0.0031887079251924,0.0022891682319256,0.2055714553904271,0.1335978432523515,3.4331147340569523,1.055705679548521,62.27853152434158,0.9493046738905784,0.0,0.0,0.1394146875277276,0.0535162373192156,0.7229495138374915,0.2437639960189102,0.028975407411789,0.4296639438627268,0.0562076691017716,51.37609143454608,0.0174329804879562,0.0507309927286425,-21.251022879582383,55000000.0,-352132000.0,-645039000.0,3743522000.0,621633000.0,147806000.0,0.0,116.59343482890183,42.71213387801454,0.0,0.7719131024150109,2.107129563159714,0.0,0.0216269681632944,0.3685893667552378,2024-07-24,2.3,amc,541006331.0,2025-04-25,2024-06-30,0.0434782608695652,460.7642857142857,241412.52380952385
2024-03-31,TYL,USD,860731,2024-04-24,2024-04-24 16:28:55,2024,Q1,512359000.0,306811000.0,205548000.0,0.4011796416,29433000,72710000.0,36427000.0,109137000.0,1845000.0,138570000.0,445381000.0,0.0,2184000.0,40097000.0,108920000.0,0.2125853162,66978000.0,0.1307247438,-339000.0,66639000.0,0.1300630983,12469000.0,54170000.0,0.1057266487,1.28,1.26,42332000,43100000,https://www.sec.gov/Archives/edgar/data/860731/000086073124000025/0000860731-24-000025-index.htm,https://www.sec.gov/Archives/edgar/data/860731/000086073124000025/tyl-20240331.htm,12.103349711801949,1.2796466030426157,1.6970377019748653,1.3505385996409336,4.652367003685155,71.41488708305774,-11.34411320041576,71.41488708305774,15.298119625814984,17639321080.0,18096500080.0,81.40724146206388,34.42765927796721,245.53962443797937,308.5361648388169,5.8347778316218095,5.8347778316218095,35.31996135522163,166.14487770840984,251.90356324559085,316.5328589669588,0.0030709798724294,0.0032411111369145,0.2134922853263251,0.1400412909777152,4.197383400661035,0.9444350889251654,30.66758195970696,1.3261768506553442,0.0,0.0,0.1419122138968965,0.0574460485714118,0.760151928232245,0.2041787886802433,0.0286283640962684,0.3658129037085069,0.0524358896789165,45.3451309117793,0.0144874325089072,0.0490048407772383,-23.19392539922517,-48504000.0,-480219000.0,-761199000.0,3659845000.0,581072500.0,145753500.0,0.0,95.28414646761352,42.58361010524395,0.0,0.9445432775177393,2.113489198721481,0.0,0.0179184852810079,0.3464991023339318,2024-04-24,2.04,amc,508274125.0,2025-04-25,2024-03-31,0.0784313725490196,427.1224590163935,201785.60655737703
2023-12-31,TYL,USD,860731,2024-02-27,2024-02-27 13:31:50,2023,Q4,480935000.0,287343000.0,193592000.0,0.4025325668,26163000,80015000.0,39666000.0,119681000.0,652000.0,145844000.0,433187000.0,0.0,3750000.0,44311000.0,92711000.0,0.1927724121,47748000.0,0.0992816077,-3098000.0,44650000.0,0.0928399888,5747000.0,38903000.0,0.080890349,0.92,0.91,42191000,42972000,https://www.sec.gov/Archives/edgar/data/860731/000086073124000008/0000860731-24-000008-index.htm,https://www.sec.gov/Archives/edgar/data/860731/000086073124000008/tyl-20231231.htm,11.398995046336896,0.9220686876348037,3.494086416534332,3.184636533857932,4.168614159417885,69.63558578843829,-13.986584816667062,69.63558578843829,16.606361546301343,17640900920.0,18172296920.0,113.36465645322984,36.68042650254193,119.66504263358182,131.2928478822295,6.004401273657716,6.004401273657716,37.78534920519405,196.0101489575131,123.2697068898853,135.2477759502244,0.0022052728585927,0.0076165611160861,0.2371988379830462,0.1490141581721838,5.73174704188284,0.8596067674985866,12.7328,3.7893992751201706,0.0,0.0,0.1663738343019327,0.0544002827824965,0.7544060797196633,0.0885638893222719,0.0271471196731367,0.2946446706235472,0.0570409722727603,38.00918108844345,0.0111014940833751,0.0338711081702305,-26.024792017254864,-140553000.0,-590108000.0,-878083000.0,3596309000.0,625475000.0,139500000.0,30175000.0,115.96860282574568,45.835499733767655,0.0,0.7760721247563352,1.963543552983142,0.0,0.0132413431608971,0.3094498826764001,2024-02-14,1.86,amc,484690000.0,2025-04-25,2023-12-31,0.0161290322580644,399.79047619047617,221406.22222222225
2023-09-30,TYL,USD,860731,2023-11-01,2023-11-01 16:40:20,2023,Q3,494684000.0,269524000.0,225160000.0,0.4551592532,28282000,78519000.0,35898000.0,114417000.0,787000.0,142699000.0,412223000.0,5021000.0,5808000.0,44139000.0,108861000.0,0.220061696,63935000.0,0.1292441235,-5021000.0,58914000.0,0.1190942096,11903000.0,47011000.0,0.0950323843,1.12,1.1,42087000,42841000,https://www.sec.gov/Archives/edgar/data/860731/000086073123000037/0000860731-23-000037-index.htm,https://www.sec.gov/Archives/edgar/data/860731/000086073123000037/tyl-20230930.htm,11.753843229500797,1.11699574690522,4.217359279587521,3.864993941121962,3.400313636039632,67.7846128258132,-15.7375911801744,67.7846128258132,18.880010454534656,16251474180.0,16908783180.0,86.42378475250473,32.852233304493375,91.55966433046378,99.90701302054516,5.696573070237457,5.696573070237457,34.18097852366359,155.32452558767602,95.2628970793708,103.94786359780164,0.0028927221911877,0.0100093073525715,0.2764935848384651,0.1700931701595862,6.038057706616694,0.926248083130004,11.008092286501377,3.775626980919359,0.0,0.0,0.1587255702630366,0.0571718511211197,0.7580059985824041,0.0835511786181097,0.0299787338988121,0.3359840503862797,0.054541889367758,41.27457201741931,0.0134915361397474,0.0418906997674273,-27.035889942262457,-67043000.0,-662348000.0,-942587000.0,3656406000.0,634986000.0,125597500.0,30175000.5,114.84531539326116,44.29842982443122,20.152194238731987,0.7836627875661787,2.031674719774463,4.466014913007457,0.0164786033339981,0.3523653384655594,2023-11-01,1.97,amc,495850000.0,2025-04-25,2023-09-30,0.0862944162436549,392.6479365079365,198585.88888888888
2023-06-30,TYL,USD,860731,2023-07-26,2023-07-26 16:40:35,2023,Q2,504279000.0,281102000.0,223177000.0,0.4425665158,28153000,77681000.0,37103000.0,114784000.0,643000.0,142937000.0,424039000.0,5744000.0,6387000.0,40401000.0,102918000.0,0.2040894029,61874000.0,0.1226979509,-5744000.0,56130000.0,0.111307431,7000000.0,49130000.0,0.0974262264,1.17,1.15,41980000,42751000,https://www.sec.gov/Archives/edgar/data/860731/000086073123000028/0000860731-23-000028-index.htm,https://www.sec.gov/Archives/edgar/data/860731/000086073123000028/tyl-20230630.htm,12.012363030014292,1.1703191996188662,-0.4569795140543116,-0.7910433539780848,3.2840400190566936,65.94213911386375,-17.414268699380656,65.94213911386375,22.1849690328728,17483410600.0,18289584600.0,88.96504477915734,34.67011436129603,-911.3537635529608,-526.4818899060467,6.31568835340437,6.31568835340437,36.268780972437874,177.71026059581413,-953.3770120934112,-550.758389544688,0.0028100924427182,-0.0018994005666148,0.3341236036761117,0.1995314902290969,7.833168153287083,1.0031174748336782,9.6874902144982,-0.3904742519845308,0.0,0.0,0.1540436940661816,0.055828222075478,0.7548840493326681,-0.7310258548790659,0.0278100020028595,0.3726219577000744,0.051614284949403,41.67013808532546,0.0141252830330586,0.0432388380343358,-29.785362065269176,2663000.0,-731051000.0,-1010418000.0,3714510000.0,573704500.0,120447500.0,0.5,113.99510984990452,37.95085058092792,3.201684797689095e-07,0.789507550968647,2.3714883493343684,281102000.0,0.0177476681124652,0.3340638399237732,2023-07-26,1.86,amc,504279000.0,2025-04-25,2023-06-30,0.0806451612903224,385.0559677419355,257184.32258064515
2023-03-31,TYL,USD,860731,2023-04-26,2023-04-26 17:08:51,2023,Q1,471853000.0,272016000.0,199837000.0,0.4235153745,26987000,72360000.0,37103000.0,109463000.0,18407000.0,154857000.0,426873000.0,0.0,7684000.0,41916000.0,88142000.0,0.1867997024,44980000.0,0.0953262987,-6438000.0,38542000.0,0.0816822188,7667000.0,30875000.0,0.0654335143,0.74,0.73,41832000,42506000,https://www.sec.gov/Archives/edgar/data/860731/000086073123000018/0000860731-23-000018-index.htm,https://www.sec.gov/Archives/edgar/data/860731/000086073123000018/tyl-20230331.htm,11.27971409447313,0.738071332950851,1.7859294320137693,1.5206062344616562,3.816575827117996,64.21239720787914,-19.933902275769743,64.21239720787914,22.3317316886594,14835300480.0,15630952480.0,120.12389052631578,31.44051321068214,198.57447536441396,233.2227712623801,5.522921046724045,5.522921046724045,33.126741760675465,177.33830046969663,209.22449075747232,245.73105612325105,0.002081184674461,0.0042877459803227,0.3449185129701321,0.2033738436024835,9.026933811349869,0.8929796366109879,5.853722019781364,2.4197246963562757,0.0,0.0,0.1533528450597961,0.0571936598898385,0.7726712082947822,0.1485630914615374,0.0235221562647689,0.2647914877373795,0.0591201073215598,32.655013642345175,0.0095779170222888,0.0298128573318385,-31.75403399311532,-89365000.0,-833875000.0,-1123839000.0,3646953000.0,542970000.0,113587000.0,0.0,97.02485731785112,40.48471413446268,0.0,0.92759734451515,2.223061269522152,0.0,0.0114942186407002,0.2653231975521132,2023-04-26,1.71,amc,492430000.0,2025-04-25,2023-03-31,0.0292397660818713,325.3108064516129,289848.1451612903
2022-12-31,TYL,USD,860731,2023-02-22,2023-02-22 17:17:06,2022,Q4,452220000.0,258886000.0,193334000.0,0.4275220026,32667000,66883000.0,34969000.0,101852000.0,18104000.0,152623000.0,411509000.0,6380000.0,8103000.0,45851000.0,87574000.0,0.1936535315,40711000.0,0.0900247667,-7092000.0,33620000.0,0.0743443457,2543000.0,31077000.0,0.0687209765,0.75,0.73,41707000,42419000,https://www.sec.gov/Archives/edgar/data/860731/000086073123000009/0000860731-23-000009-index.htm,https://www.sec.gov/Archives/edgar/data/860731/000086073123000009/tyl-20221231.htm,10.842784184909007,0.7451267173376172,2.921739755916273,2.7502337737070515,5.05639341117798,62.92442515644856,-21.9452849641547,62.92442515644856,25.27817872299613,13446753870.000002,14319070870.000002,108.17287600154457,29.734982685418604,110.34863709101651,117.23003443646256,5.123765520279197,5.123765520279197,31.66394867542347,163.50824297165826,117.5071671713566,124.8349741072674,0.0023111154037952,0.0085302371939674,0.3986352632936656,0.2231877385775577,9.960913056386598,0.9522836477669314,5.024188572133777,3.92113138333816,0.0,0.0,0.1478992525761797,0.0722369643094069,0.7551410510308769,0.0586999515825927,0.0158175224448277,0.1698162480414035,0.0552695590641723,32.47999512063655,0.009776498743215,0.0270763123869533,-34.027819071139135,-42453000.0,-915272000.0,-1215786000.0,3720983000.0,573208000.0,106467000.0,29548000.0,114.88463579673608,36.43754393825854,0.0,0.7833945712221766,2.469979868909391,0.0,0.011841613419352,0.1715059822092214,2023-02-15,1.74,amc,454615603.0,2025-04-25,2022-12-31,-0.0459770114942529,326.65412698412695,309102.0793650793
2022-09-30,TYL,USD,860731,2022-10-27,2022-10-27 16:35:34,2022,Q3,473191000.0,268528000.0,204663000.0,0.4325166793,25190000,69931000.0,33688000.0,103619000.0,14941000.0,143750000.0,412278000.0,9127000.0,9258000.0,45220000.0,106264000.0,0.2245689373,60913000.0,0.1287281457,-9127000.0,51786000.0,0.1094399513,-1447000.0,53233000.0,0.1124979131,1.28,1.26,41600000,42407000,https://www.sec.gov/Archives/edgar/data/860731/000086073122000043/0000860731-22-000043-index.htm,https://www.sec.gov/Archives/edgar/data/860731/000086073122000043/tyl-20220930.htm,11.374783653846151,1.279639423076923,3.1100480769230767,2.7788461538461537,5.415552884615384,61.233125,-23.01067307692308,61.233125,27.543028846153845,14456000000.0,15406605000.0,67.89021847350328,30.550031594007493,111.73460712022136,125.05190311418686,5.675032917232299,5.675032917232299,32.558956108632664,144.9842373710758,119.08210824096832,133.27512975778546,0.0036824156059767,0.0079966795794133,0.4461715904460334,0.2430890540711938,8.945691861778213,1.0589745988909791,6.57949881183841,2.430409708263671,0.0,0.0,0.147785989167165,0.053234317643404,0.7495748467555423,0.1064941489279475,0.0291172063712116,0.3353616979846169,0.0568734401119209,41.988298570368805,0.0159965341980312,0.0454659980817043,-34.76852764423077,47902000.0,-957244000.0,-1267925000.0,3780842000.0,584635500.0,119559500.0,60517000.0,108.25292535149654,36.23789697908598,19.806649585890483,0.8313863085710671,2.483587832151016,4.543928523081088,0.020897829778848,0.3312019230769231,2022-10-26,1.87,amc,470787538.0,2025-04-25,2022-09-30,0.1016042780748662,371.91546875,193190.453125
2022-06-30,TYL,USD,860731,2022-07-29,2022-07-29 16:48:26,2022,Q2,468685000.0,275237000.0,193448000.0,0.4127463008,23386000,67820000.0,31881000.0,99701000.0,13604000.0,136691000.0,411928000.0,0.0,6214000.0,39739000.0,96712000.0,0.2063475469,56757000.0,0.1210983923,-5998000.0,50759000.0,0.1083008844,10813000.0,39946000.0,0.0852299519,0.96,0.94,41500000,42321000,https://www.sec.gov/Archives/edgar/data/860731/000086073122000035/0000860731-22-000035-index.htm,https://www.sec.gov/Archives/edgar/data/860731/000086073122000035/tyl-20220630.htm,11.293614457831325,0.96255421686747,1.847686746987952,1.445421686746988,6.928385542168675,59.23679518072289,-25.72534939759036,59.23679518072289,31.703204819277108,13797920000.0,14854327000.0,86.35357732939468,29.43964496410169,179.94392206471133,230.0228390430941,5.612727680247583,5.612727680247583,31.69362578277521,153.59342170568286,193.7209275029669,247.6340251729599,0.0028950740401451,0.004347394389879,0.5326667282261472,0.2735442692633411,10.923225659690628,1.148020228839648,9.133730286449952,1.9195664146597904,0.0,0.0,0.1447027321121862,0.0498970523912649,0.7365563230434803,0.2177128027230402,0.0356188058077386,0.4426120847363258,0.0550476332718136,35.81786017318298,0.0111556541024759,0.0316750943806165,-37.59368674698795,123428000.0,-1067602000.0,-1371432000.0,3867841000.0,550656000.0,129641000.0,62762000.0,115.23748359772556,42.83515661048478,20.25316363715634,0.7809958807689231,2.1010778790515885,4.443750201814718,0.016249262201489,0.4022650602409638,2022-07-27,1.83,amc,460068318.0,2025-04-25,2022-06-30,0.0273224043715846,366.3425806451613,286206.4516129032
2022-03-31,TYL,USD,860731,2022-04-27,2022-04-27 16:36:41,2022,Q1,456108000.0,263690000.0,192418000.0,0.4218693818,23941000,62689000.0,35206000.0,97895000.0,14714000.0,136550000.0,400240000.0,0.0,4804000.0,41231000.0,97463000.0,0.2136840397,55868000.0,0.1224885334,-4440000.0,51428000.0,0.1127539969,11444000.0,39984000.0,0.0876634481,0.97,0.94,41364000,42443000,https://www.sec.gov/Archives/edgar/data/860731/000086073122000017/0000860731-22-000017-index.htm,https://www.sec.gov/Archives/edgar/data/860731/000086073122000017/tyl-20220331.htm,11.026689875253844,0.9666376559326952,1.2943864229765014,0.991562711536602,6.968257421912774,57.72492989072624,-28.089618992360503,57.72492989072624,33.279542597427714,18402429960.0,19530938960.0,115.06121173469388,40.346650267042016,343.70725163893087,448.6756055101792,7.707068693581445,7.707068693581445,42.82086470748156,200.39336938120107,364.78472497712033,476.190148969889,0.0021727565374198,0.0022287817472557,0.5745074618864581,0.2903952871900327,11.578845305397946,1.1219098191686454,11.62947543713572,1.3390606242496998,0.0,0.0,0.1374433248265761,0.0524897611969095,0.7514349657881801,0.2339515511477185,0.0274627938996904,0.3283441243545047,0.0554232769431801,35.43274679819704,0.0108326795937889,0.034052903618121,-39.65148438255488,93439000.0,-1161899000.0,-1476173000.0,3862949000.0,520198000.0,124136000.0,59549500.0,98.89762950880052,43.78459554780234,21.70252948538056,0.9100319233838788,2.055517445667425,4.146982040071714,0.0167455838883225,0.3028237114398994,2022-04-27,1.77,amc,433272154.0,2025-04-25,2022-03-31,0.0734463276836157,449.6008064516129,204634.9516129032
2021-12-31,TYL,USD,860731,2022-02-23,2022-02-23 17:12:10,2021,Q4,433537000.0,246377000.0,187160000.0,0.4317047911,24238000,246855000.0,118624000.0,101036000.0,295000.0,139108000.0,385485000.0,0.0,4987000.0,40960000.0,89307000.0,0.2059962587,48052000.0,0.1108371373,-4692000.0,43360000.0,0.1000145316,-11422000.0,54782000.0,0.1263606105,1.33,1.29,41126000,42536000,https://www.sec.gov/Archives/edgar/data/860731/000086073122000011/0000860731-22-000011-index.htm,https://www.sec.gov/Archives/edgar/data/860731/000086073122000011/tyl-20211231.htm,10.541676798132569,1.3320527160433788,2.796527744006225,2.313232504984682,8.789354666147936,56.510042309001605,-27.15129115401449,56.510042309001605,33.87538296941108,22123731700.0,23202732700.0,100.96259583439816,51.03078099447106,192.3635483870968,232.5533636764984,9.519546933949275,9.519546933949275,53.51961355086186,259.8086678535837,201.74534996956783,243.895270881073,0.0024761645432537,0.004300088307435,0.5973119130889764,0.2933484300301701,12.081930867681145,1.162543505071121,9.635452175656708,2.0994122156912853,0.0,0.0,0.5693977676645823,0.0559075695961359,0.7270792350471592,0.17281975480393,0.045846144619721,0.5263771186440678,0.0562028154459711,41.15425853034187,0.0153960414111523,0.0424171799567171,-39.25751349511258,134830000.0,-1116624000.0,-1443798000.0,3796399000.0,540412000.0,110278500.0,51529500.0,111.93425243981484,43.83087707050577,20.278556845809472,0.8040434276218666,2.053347001366803,4.43818565020806,0.0235719645856855,0.4832952390215435,2022-02-16,1.74,amc,432667909.0,2025-04-25,2021-12-31,0.0057471264367816,517.67609375,156876.671875
2021-09-30,TYL,USD,860731,2021-11-01,2021-11-01 17:11:09,2021,Q3,459873000.0,263657000.0,196216000.0,0.426674321,24002000,0.0,0.0,101847000.0,445000.0,140032000.0,403689000.0,0.0,5396000.0,39870000.0,96499000.0,0.2098383684,56184000.0,0.1221728608,-4951000.0,51233000.0,0.1114068449,7063000.0,44170000.0,0.0960482568,1.08,1.04,40888000,42286000,https://www.sec.gov/Archives/edgar/data/860731/000086073121000039/0000860731-21-000039-index.htm,https://www.sec.gov/Archives/edgar/data/860731/000086073121000039/tyl-20210930.htm,11.247138524750538,1.0802680493054198,5.023160829583252,4.715833496380356,6.933158873018979,53.82442281353943,-30.898992369399338,53.82442281353943,36.21451281549599,18755734480.0,19996949480.0,106.15652297939776,40.78459592104777,91.31899526260182,97.2701857162861,8.522339414378493,8.522339414378493,43.4836345686744,207.22442180747987,97.3622940108186,103.70732171288395,0.0023550130786453,0.010280642445947,0.6703749091796383,0.3150464516079435,12.862464896009286,1.0759974271800057,10.412157153446998,4.649920760697306,0.0,0.0,0.0,0.0521926705851398,0.7397430843628509,0.0611820611820611,0.0273249353625892,0.3406527868141401,0.0640633392262646,36.16985064041429,0.0123663290515177,0.0362415457589514,-43.25689688906281,62031000.0,-1263398000.0,-1603909000.0,3743396000.0,573094000.0,103648000.0,21793500.0,105.99996085875884,34.32948869174724,16.22995027630596,0.8490569172937884,2.6216527955930755,5.545303495562193,0.0200702207815163,0.3073273332028957,2021-10-27,1.74,amc,425990000.0,2025-04-25,2021-09-30,0.1551724137931033,477.566875,154968.984375
2021-06-30,TYL,USD,860731,2021-08-03,2021-08-03 17:00:54,2021,Q2,404075000.0,222014000.0,182061000.0,0.4505623956,23428000,0.0,0.0,108922000.0,-12199000.0,143770000.0,365784000.0,492000.0,12438000.0,39876000.0,78167000.0,0.1934467611,38291000.0,0.094762111,-12199000.0,26092000.0,0.064572171,562000.0,25530000.0,0.0631813401,0.63,0.61,40765000,42094000,https://www.sec.gov/Archives/edgar/data/860731/000086073121000034/0000860731-21-000034-index.htm,https://www.sec.gov/Archives/edgar/data/860731/000086073121000034/tyl-20210630.htm,9.912302220041704,0.6262725377161781,-0.4991291549123022,-0.8212191831227769,7.957021955108549,51.71080583834171,-31.01194652275236,51.71080583834171,39.09449282472709,18440863050.0,19805339050.0,180.5803275558167,45.63722836107159,-906.3185260726398,-550.8517205842818,8.748074849465677,8.748074849465677,49.01401732351667,253.3721269845331,-973.3788298029192,-591.6103309735042,0.0013844254431464,-0.0018153705664009,0.7501213240473987,0.3407127726484986,17.45590850358847,1.2130497179995796,3.0785496060459883,-0.7969839404622013,0.0,0.0,0.0,0.0579793355193961,0.7266086662732172,-0.6453039760161203,0.0324939677040153,0.3292707392918046,0.0623027903235785,26.99377328188584,0.0095466197134714,0.0201212159424973,-43.10569115662946,163149000.0,-1264202000.0,-1604084000.0,3741284000.0,476225000.0,59556500.0,-4266500.0,134.6542102332488,43.26497428090121,-1.604898790166386,0.6683786555511446,2.08020463425375,-56.07830260166709,0.0121110574001501,0.3220900282104746,2021-07-28,1.65,amc,425990000.0,2025-04-25,2021-06-30,0.1090909090909092,424.93968253968256,242638.39682539683
2021-03-31,TYL,USD,860731,2021-05-06,2021-05-06 11:12:19,2021,Q1,294802000.0,150595000.0,144207000.0,0.4891656095,21813000,0.0,0.0,78774000.0,88000.0,105999000.0,256594000.0,0.0,0.0,21100000.0,59308000.0,0.2011790965,38208000.0,0.1296056336,88000.0,38296000.0,0.129904139,1320000.0,36976000.0,0.1254265575,0.91,0.88,40611000,42056000,https://www.sec.gov/Archives/edgar/data/860731/000086073121000025/0000860731-21-000025-index.htm,https://www.sec.gov/Archives/edgar/data/860731/000086073121000025/tyl-20210331.htm,7.259166235748935,0.9104922311688952,1.765605377853291,1.51838171923863,33.30284898180296,50.7496244859767,21.8797862648051,50.7496244859767,15.1198443771392,17240587830.0,16603867830.0,116.56606873377324,58.481922883833896,240.4444420735534,279.59372443766927,8.36518504914864,8.36518504914864,56.32210035888495,279.96000252916974,231.56447889209656,269.267921281806,0.0021447064545942,0.0035766181877337,0.2979301724945208,0.1899974936490304,-10.735819788224186,3.236571010895469,0.0,1.9391767633059285,0.0,0.0,0.0,0.073992035332189,0.3627813069537315,0.1400220353402228,0.034056756738421,0.4758293838862559,0.0872585667668469,32.24376875703989,0.0135715616662707,0.0179551190007366,10.841779320873655,1174996000.0,888560000.0,529555000.0,2535916000.0,375903500.0,13198500.0,-3526500.0,106.20721704737416,7.402237790099273,-2.7335568909990373,0.8474000402426054,12.15848538672695,-32.92413642326191,0.0179408663687843,0.247223658614661,2021-04-28,1.31,amc,288910000.0,2025-04-25,2021-03-31,0.0916030534351144,432.0226229508197,306116.24590163934
2020-12-31,TYL,USD,860731,2021-02-19,2021-02-19 16:39:35,2020,Q4,283285000.0,144616000.0,138669000.0,0.4895035035,22411000,0.0,0.0,62736000.0,376000.0,90633000.0,235249000.0,0.0,0.0,20911000.0,68947000.0,0.2433838714,48036000.0,0.1695677498,376000.0,48412000.0,0.170895035,-5682000.0,54094000.0,0.1909525743,1.34,1.29,40404000,41925000,https://www.sec.gov/Archives/edgar/data/860731/000086073121000014/0000860731-21-000014-index.htm,https://www.sec.gov/Archives/edgar/data/860731/000086073121000014/tyl-20201231.htm,7.011310761310761,1.3388278388278387,2.196836946836947,2.070958320958321,17.5515543015543,49.156296406296406,20.20824670824671,49.156296406296406,0.549029799029799,17637154080.0,17055714080.0,81.51160054719563,62.25939982702932,198.7038685909352,210.7816442187033,8.880245907706065,8.880245907706065,60.20690851968865,247.37427415261,192.15324387963184,203.83285425754408,0.0030670481050761,0.0047442461306659,0.0111690635619056,0.0085081199751157,-8.433144299244347,1.9725595762364936,0.0,1.6408659000998262,0.0,0.0,0.0,0.0791111424890128,0.4485976541015635,0.0572999402890909,0.0179536509169211,0.2432212711013342,0.0467832747939354,38.48072123615286,0.0261964193410765,0.0376264992275626,9.644793832293832,548793000.0,816494000.0,491907000.0,1905148000.0,393668000.0,12542000.0,13632000.0,128.32493778350425,8.719574597554903,-1.5427753498921282,0.7013445831693145,10.321604453643566,-58.33642597821702,0.02723614138384,0.1258786258786259,2021-02-10,1.42,amc,291480000.0,2025-04-25,2020-12-31,-0.0211267605633803,412.5640625,242703.75
2020-09-30,TYL,USD,860731,2020-11-04,2020-11-04 16:42:58,2020,Q3,285746000.0,142237000.0,143509000.0,0.5022257529,21642000,0.0,0.0,66819000.0,280000.0,93853000.0,236090000.0,0.0,0.0,20476000.0,70132000.0,0.2454347567,49656000.0,0.1737767108,280000.0,49936000.0,0.174756602,10652000.0,39284000.0,0.1374787399,0.98,0.94,40261000,41606000,https://www.sec.gov/Archives/edgar/data/860731/000086073120000034/0000860731-20-000034-index.htm,https://www.sec.gov/Archives/edgar/data/860731/000086073120000034/tyl-20200930.htm,7.097339857430267,0.975733339956782,4.217679640346738,4.107970492536201,14.263927870644048,47.14599736717915,17.786890539231514,47.14599736717915,0.4632274409478155,14033374160.0,13533339160.0,89.30718714998473,49.11135819923989,82.64259728634693,84.84968444474003,7.393204502290394,7.393204502290394,47.36142994127652,192.9695311697941,79.69788914538773,81.82633371827971,0.0027993267728849,0.0117855476604779,0.0098253821494142,0.0074834591477363,-7.129912165630525,1.851431188030913,0.0,4.322574075959678,0.0,0.0,0.0,0.0757385930161752,0.4742976282048967,0.0260117308960708,0.0154577841859553,0.2157159601484665,0.0644768430704191,32.17208779711236,0.0198426190831582,0.0299846733468891,7.021627629716102,455554000.0,716118000.0,396581000.0,1823735000.0,408542500.0,9856500.0,31543000.0,120.76358024259308,7.006404803250913,18.819786694038825,0.7452577989092872,12.845389686625124,4.78220085398245,0.0206959953006751,0.1097091478105362,2020-11-04,1.34,amc,253361453.0,2025-04-25,2020-09-30,0.1194029850746268,345.798125,278856.75
2020-06-30,TYL,USD,860731,2020-07-29,2020-07-29 17:12:56,2020,Q2,271091000.0,139888000.0,131203000.0,0.4839813937,21949000,0.0,0.0,62521000.0,470000.0,89862000.0,229750000.0,0.0,0.0,20285000.0,61626000.0,0.2273258795,41341000.0,0.1524986075,470000.0,41811000.0,0.1542323426,-12081000.0,53892000.0,0.198796714,1.35,1.3,39963000,41416000,https://www.sec.gov/Archives/edgar/data/860731/000086073120000026/0000860731-20-000026-index.htm,https://www.sec.gov/Archives/edgar/data/860731/000086073120000026/tyl-20200630.htm,6.783549783549783,1.3485474063508749,0.996271551184846,0.7886044591246903,10.101543928133523,45.775542376698446,15.894327252708756,45.775542376698446,0.5090458674273703,13862365440.0,13531372440.0,64.30623023825429,51.13546904913848,348.17816446476115,439.86563350785343,7.577845766314187,7.577845766314187,49.91450265777912,219.57246032518745,339.8646817702316,429.3629205140409,0.0038876481963528,0.0022734215265356,0.0111204770276298,0.0085381659332929,-5.370996008178366,1.7681755829903978,0.0,0.7387738439842648,0.0,0.0,0.0,0.0809654322718201,0.5011940757056589,0.208444265836138,0.0306133364811078,0.4091200394380084,0.0678222441910649,37.268431698879255,0.0280340350545064,0.0453463452067519,4.812977003728449,379680000.0,635185000.0,320674000.0,1765449000.0,384233500.0,10799000.0,15061500.0,143.9735734495059,5.558732700446072,21.4519472721034,0.6251147196229356,16.19074074074074,4.195423327235102,0.0294599984256513,0.2076670920601556,2020-07-29,1.2,amc,235731304.0,2025-04-25,2020-06-30,0.1499999999999999,335.5522222222222,500827.1587301588
2020-03-31,TYL,USD,860731,2020-04-29,2020-04-29 16:53:24,2020,Q1,276541000.0,147410000.0,129131000.0,0.4669506511,22361000,0.0,0.0,67485000.0,990000.0,95238000.0,242648000.0,990000.0,990000.0,19985000.0,53878000.0,0.1948282533,33893000.0,0.1225604883,990000.0,34883000.0,0.1261404276,-12667000.0,47550000.0,0.1719455705,1.2,1.16,39500000,41144000,https://www.sec.gov/Archives/edgar/data/860731/000086073120000017/0000860731-20-000017-index.htm,https://www.sec.gov/Archives/edgar/data/860731/000086073120000017/tyl-20200331.htm,7.001037974683545,1.2037974683544304,1.4355949367088607,1.165620253164557,9.554911392405064,43.36283544303797,12.81767088607595,43.36283544303797,0.5800253164556962,11714120000.0,11434056000.0,61.58843322818086,42.35943314011304,206.57637639755936,254.42248381912168,6.839036169338266,6.839036169338266,41.34669361866776,212.2212405805709,201.63749867738863,248.33968984839927,0.0040592037643459,0.0039304702359204,0.0127981027911669,0.0098771005904362,-5.198114258138758,1.6002965925559762,34.23535353535353,1.1925552050473187,0.0,0.0,0.0,0.0808596193692797,0.5436365897441443,0.1880577011251014,0.0385620938667322,0.5336002001501126,0.0625657678246625,34.27100245626723,0.0258526978061805,0.0469471052740703,3.04723417721519,267165000.0,506298000.0,205676000.0,1667151000.0,357686000.0,13967500.0,-2774000.0,108.96066044456336,7.911403568278949,-1.9659453225697032,0.8259861828369688,11.375983948140146,-45.77950310559006,0.0277610413630758,0.2699746835443038,2020-04-29,1.25,amc,276541000.0,2025-04-25,2020-03-31,0.0,309.8824193548387,304572.6451612903
2019-12-31,TYL,USD,860731,2020-02-19,2020-02-19 16:54:07,2019,Q4,288837000.0,146562000.0,142275000.0,0.4925788594,21170000,0.0,0.0,70265000.0,2633000.0,97118000.0,243680000.0,0.0,0.0,20125000.0,65282000.0,0.2260167499,45157000.0,0.1563407735,2633000.0,47790000.0,0.1654566416,1000000.0,46790000.0,0.1619944813,1.2,1.15,39076000,40736000,https://www.sec.gov/Archives/edgar/data/860731/000086073120000008/0000860731-20-000008-index.htm,https://www.sec.gov/Archives/edgar/data/860731/000086073120000008/tyl12312019-10k.htm,7.391672637936329,1.1974101750435049,1.9498669259903776,1.70247722387143,7.6549800388985565,41.38238304841847,10.185970928447128,41.38238304841847,0.5939451325621865,11723581520.0,11514108520.0,62.63935413549904,40.58891873271084,153.86691060858607,176.22555872891803,7.249944974144403,7.249944974144403,39.86368962425174,176.37493520419105,151.11766855222922,173.07681988996782,0.0039911011767332,0.0056745457765196,0.0143526082552388,0.010589912274698,-3.2087405410373457,1.3351136236404744,0.0,1.6284035050224408,0.0,0.0,0.0,0.0732939339489054,0.556225229442776,0.1268751722599189,0.0334687038017982,0.4803478260869565,0.0540027766525756,33.39031217162836,0.0261779180442052,0.0481090045785295,0.2260786672126113,170604000.0,398027000.0,105141000.0,1580488000.0,364278500.0,12018500.0,11108000.0,118.5838033215966,9.19699512834159,-1.4295656445736276,0.758956935762315,9.785804900847968,-62.95618556701031,0.0289352639175589,0.2473897021189477,2020-02-12,1.43,amc,288837000.0,2025-04-25,2019-12-31,0.0,278.52015625,303573.3125
2019-09-30,TYL,USD,860731,2019-10-30,2019-10-30 16:41:08,2019,Q3,275400000.0,144683000.0,130717000.0,0.474644154,21130000,0.0,0.0,63888000.0,499000.0,90664000.0,235347000.0,0.0,0.0,19803000.0,59856000.0,0.2173420479,40053000.0,0.1454357298,499000.0,40552000.0,0.1472476398,162000.0,40390000.0,0.1466594045,1.04,1.0,38765000,40280000,https://www.sec.gov/Archives/edgar/data/860731/000086073119000047/0000860731-19-000047-index.htm,https://www.sec.gov/Archives/edgar/data/860731/000086073119000047/tyl930201910q-document.htm,7.104346704501483,1.0419192570617826,3.3554237069521475,3.1983490261834127,5.014033277440991,39.20023216819296,8.151089900683607,39.20023216819296,0.633225848058816,10175812500.0,10038921500.0,62.98472703639514,36.94921023965141,78.2315507445819,82.07359417344173,6.696388911007327,6.696388911007327,36.45214778503994,167.71788124832932,77.17913402473995,80.96949203122983,0.0039692162173782,0.012184186766413,0.0161536249413495,0.0119444948612931,-2.28700547981823,1.1950278305586666,0.0,3.220425847982174,0.0,0.0,0.0,0.0767247639796659,0.5856777978958575,0.0468121747018981,0.0221096586782861,0.3074786648487603,0.0540559186637618,30.31465367590388,0.0250725714084277,0.0474356670648021,-1.750586869598865,92992000.0,315977000.0,34314000.0,1486734000.0,364682500.0,8561000.0,10802500.0,113.72091503267974,5.6357692334275615,15.267584996164029,0.791411148724374,15.969426048565122,5.894841916558018,0.0265794154634419,0.1570746807687346,2019-10-30,1.36,amc,277440000.0,2025-04-25,2019-09-30,-0.0073529411764705,244.91328125,213590.0625
2019-06-30,TYL,USD,860731,2019-08-02,2019-08-02 16:21:41,2019,Q2,275124000.0,147264000.0,127860000.0,0.4647359009,20101000,0.0,0.0,65827000.0,-247000.0,91194000.0,238458000.0,0.0,0.0,19436000.0,56102000.0,0.2039153255,36666000.0,0.1332708161,-247000.0,36419000.0,0.1323730391,4420000.0,31999000.0,0.1163075559,0.83,0.8,38402000,39813000,https://www.sec.gov/Archives/edgar/data/860731/000086073119000027/0000860731-19-000027-index.htm,https://www.sec.gov/Archives/edgar/data/860731/000086073119000027/tyl630201910q-document.htm,7.164314358627155,0.8332638925055986,0.6379094838810478,0.2922504036248112,1.8798760481224936,37.01968647466278,5.422660278110515,37.01968647466278,1.036612676423103,8468025020.0,8496646020.0,66.15851292227882,30.778939750803275,345.6760019594236,754.5241931747305,5.956560441183711,5.956560441183711,30.88296920661229,151.44996648960822,346.8443491039719,757.0744025661588,0.0037788031948918,0.0013253385498381,0.0280016600662619,0.0204203175182912,0.5101600655948094,0.9996429610430828,0.0,0.765555173599175,0.0,0.0,0.0,0.0730616013143164,0.6224323918107386,0.5418622688492468,0.0482473357467905,0.6829594566783289,0.0547607624198543,26.34504281932985,0.0213665699836923,0.0434744212966107,-4.454071402531119,-162000.0,208241000.0,-74231000.0,1403726000.0,340179500.0,7036500.0,-2999500.0,124.75869062677192,4.927069752281616,-1.796161994784876,0.7213926304279994,18.266435127759863,-50.10683906090507,0.0225086696257113,0.3456590802562366,2019-07-31,1.3,amc,273007661.0,2025-04-25,2019-06-30,0.0,216.9253968253968,200893.4126984127
2019-03-31,TYL,USD,860731,2019-05-08,2019-05-08 16:45:02,2019,Q1,247066000.0,131018000.0,116048000.0,0.4697044514,18941000,0.0,0.0,57766000.0,586000.0,81557000.0,212575000.0,0.0,0.0,17308000.0,51799000.0,0.209656529,34491000.0,0.1396023735,586000.0,35077000.0,0.1419742093,7729000.0,27348000.0,0.1106910704,0.71,0.69,38308000,39585000,https://www.sec.gov/Archives/edgar/data/860731/000086073119000020/0000860731-19-000020-index.htm,https://www.sec.gov/Archives/edgar/data/860731/000086073119000020/tyl331201910q-document.htm,6.449462253315234,0.7138978803383106,0.6253785110159757,0.2857627649577112,2.69640806097943,35.468962096689985,3.512060144095228,35.468962096689985,2.8644930562806725,7924775960.0,7995071960.0,72.44383464970015,32.07554240567298,330.7916667362357,723.9221668036905,5.832423272946727,5.832423272946727,32.36006556952393,154.34799822390394,333.72592394707186,730.3436521421394,0.0034509492934611,0.0013813639723387,0.0807605547766505,0.0574728356226516,1.3570918357497248,0.9972581684763746,0.0,0.876005557993272,0.0,0.0,0.0,0.0766637254822598,0.6411793419794249,0.543056309220687,0.0526579942201678,0.7516755257684308,0.0583487812973051,23.86896267790254,0.017720953396041,0.0399184349077575,-5.861908739688838,-1106000.0,134540000.0,-148283000.0,1407783000.0,301294500.0,6460500.0,-3233000.0,108.91097925250742,4.129127295486117,-2.102001251736403,0.8263629674225701,21.796373315588088,-42.816339869281045,0.0201273969729419,0.3396157460582646,2019-05-01,1.22,amc,247066000.0,2025-04-25,2019-03-31,0.0,198.06754098360653,298745.868852459
2018-12-31,TYL,USD,860731,2019-02-20,2019-02-20 16:43:24,2018,Q4,241981000.0,126110000.0,115871000.0,0.4788433803,17335000,0.0,0.0,55134000.0,1180000.0,76944000.0,203054000.0,0.0,0.0,16132000.0,55059000.0,0.2275343932,38927000.0,0.160868002,1180000.0,40107000.0,0.165744418,8555000.0,31552000.0,0.1303904026,0.82,0.79,38614000,39891000,https://www.sec.gov/Archives/edgar/data/860731/000086073119000009/0000860731-19-000009-index.htm,https://www.sec.gov/Archives/edgar/data/860731/000086073119000009/tyl12312018-10k.htm,6.2666649401771375,0.8171129642098721,1.8348267467757808,1.7321696793908945,5.574377168902471,34.309991194903404,7.620966488838246,34.309991194903404,0.0,7175253480.0,7040974480.0,56.85260427231237,29.652135828846067,101.27386704304868,107.27586460544808,5.415915117681602,5.415915117681602,29.09722036027622,127.88053687862111,99.37860945659844,105.26828454385073,0.0043973359391339,0.0093217612710735,0.0,0.0,-2.4388201747216622,1.2240046048379107,0.0,2.2454994929006085,0.0,0.0,0.0,0.0716378558647166,0.5754278564102105,0.0559491884262526,0.0163814514362697,0.2457227870071907,0.0610543803025857,25.11554535867872,0.0224011212408426,0.0414943325359386,-0.6439180090122754,94956000.0,294276000.0,52741000.0,1280703000.0,299206500.0,5753500.0,14692000.0,112.92130373872328,4.931409087304734,-2.4307350725557053,0.7970152399961793,18.250361794500723,-37.02583675866119,0.0238155981902802,0.1026570673848863,2019-02-20,1.26,amc,241981000.0,2025-04-25,2018-12-31,0.0,197.58492063492065,311143.49206349207
2018-09-30,TYL,USD,860731,2018-10-31,2018-10-31 16:34:30,2018,Q3,236067000.0,124441000.0,111626000.0,0.472857282,17050000,0.0,0.0,52605000.0,1041000.0,74041000.0,198482000.0,0.0,0.0,15978000.0,53563000.0,0.2268974486,37585000.0,0.1592132742,1041000.0,38626000.0,0.1636230392,-298000.0,38924000.0,0.1648853927,1.0,0.96,38761000,40528000,https://www.sec.gov/Archives/edgar/data/860731/000086073118000043/0000860731-18-000043-index.htm,https://www.sec.gov/Archives/edgar/data/860731/000086073118000043/tyl930201810q-document.htm,6.0903227470911485,1.0042052578622842,2.892675627563788,2.673176646629344,7.012228786667011,36.68961069115864,10.05696447460076,36.68961069115864,0.0,9294887800.0,9075435800.0,59.69895051896003,39.37393960189268,82.89902874521732,89.70600588717849,6.535910179548085,6.535910179548085,38.44432216277582,169.43479267404737,80.94178536071992,87.58804999276167,0.0041876783063481,0.0111475256323158,0.0,0.0,-4.097081940892034,1.5154569587797642,0.0,2.8805621210564176,0.0,0.0,0.0,0.0722252580835101,0.5536285638590556,0.0758809521686005,0.0360406155879474,0.5324821629740893,0.0613215739599351,28.7921473532644,0.0258077007339615,0.0467660041763084,1.7234591470808287,204656000.0,389818000.0,159198000.0,1393462000.0,303578500.0,4718000.0,15423000.0,112.3933459568682,3.324708094599047,23.71485282181917,0.8007591484511744,27.0700456819665,3.7950899664531854,0.0273702892711335,0.2194989809344444,2018-10-31,1.23,amc,236100000.0,2025-04-25,2018-09-30,0.0,237.85031746031743,154001.0634920635
2018-06-30,TYL,USD,860731,2018-08-01,2018-08-01 16:38:21,2018,Q2,236060000.0,126784000.0,109276000.0,0.4629162077,15831000,0.0,0.0,52262000.0,558000.0,72134000.0,198918000.0,0.0,0.0,15537000.0,52679000.0,0.2231593663,37142000.0,0.1573413539,558000.0,37700000.0,0.1597051597,-1461000.0,39161000.0,0.1658942642,1.02,0.97,38390000,40224000,https://www.sec.gov/Archives/edgar/data/860731/000086073118000034/0000860731-18-000034-index.htm,https://www.sec.gov/Archives/edgar/data/860731/000086073118000034/tyl630201810q-document.htm,6.148997134670487,1.0200833550403752,0.5886689241990102,0.4308934618390205,4.93969783797864,34.91245115915603,7.995545715029956,34.91245115915603,0.0,8526419000.0,8433172000.0,54.43182630678481,36.11971109040075,377.2918713217399,515.4406359569581,6.361627231141941,6.361627231141941,35.72469711090401,160.08603048653163,373.165715297137,509.8036513118123,0.004592901193338,0.0019400876264701,0.0,0.0,-1.7700981415744417,1.342637516649638,0.0,0.577079236995991,0.0,0.0,0.0,0.0670634584427687,0.5872054071040409,0.2680207088809239,0.0256587308311446,0.3898435991504151,0.054786918580022,28.3073529670312,0.027838960925008,0.0539096582000195,0.0900690283928106,128106000.0,306949000.0,82518000.0,1315910000.0,268077500.0,5630000.0,-2021000.0,119.0873930356689,3.435054896516911,-1.3799848561332662,0.7557475036257055,26.200454639388305,-65.21810699588477,0.0292183253014834,0.1577754623599895,2018-07-26,1.13,amc,226095762.0,2025-04-25,2018-06-30,0.0442477876106195,224.90390625,223310.453125
2018-03-31,TYL,USD,860731,2018-05-10,2018-05-10 16:13:37,2018,Q1,221174000.0,118369000.0,102805000.0,0.4648150325,13048000,0.0,0.0,47604000.0,599000.0,63967000.0,182336000.0,0.0,0.0,14112000.0,52950000.0,0.2394042699,38838000.0,0.1755993019,599000.0,39437000.0,0.1783075768,1612000.0,37825000.0,0.1710191976,1.0,0.95,38002000,39836000,https://www.sec.gov/Archives/edgar/data/860731/000086073118000024/0000860731-18-000024-index.htm,https://www.sec.gov/Archives/edgar/data/860731/000086073118000024/tyl331201810q-document.htm,5.820062101994632,0.9953423504026104,1.1744381874638177,0.940371559391611,8.126782800905216,33.18809536340193,10.063101942003051,33.18809536340193,0.0,8016901920.0,7806285920.0,52.986793919365496,36.24703590837983,179.62631175640252,224.3368569509738,6.356496137848136,6.356496137848136,35.294772079900895,147.42749612842303,174.9072599762497,218.44319229908217,0.0047181567614837,0.0044575822875977,0.0,0.0,-3.977639282341832,1.6668366979712033,0.0,1.1799339061467284,0.0,0.0,0.0,0.0589942759998914,0.5405899519200011,0.1993009343281575,0.0402172045538806,0.6303146258503401,0.0477316501939649,27.262687486725792,0.0285209381672249,0.0506475386568259,2.92685911267828,213087000.0,382418000.0,168226000.0,1246137000.0,231134000.0,7297500.0,-2047500.0,91.06938428567553,4.882105956796121,-1.595181170745719,0.9882574775918,18.434667497274567,-56.41992373689228,0.0299909452321334,0.2340666280722067,2018-05-02,1.12,amc,219242477.0,2025-04-25,2018-03-31,0.0089285714285712,200.0604918032787,220792.3934426229
2017-12-31,TYL,USD,860731,2018-02-21,2018-02-21 16:45:40,2017,Q4,217851000.0,112351000.0,105500000.0,0.4842759501,12017000,0.0,0.0,45725000.0,914000.0,61241000.0,173592000.0,0.0,0.0,13829000.0,58088000.0,0.266640961,44259000.0,0.2031617941,914000.0,45173000.0,0.2073573222,-16625000.0,61798000.0,0.2836709494,1.64,1.56,37694000,39499000,https://www.sec.gov/Archives/edgar/data/860731/000086073118000011/0000860731-18-000011-index.htm,https://www.sec.gov/Archives/edgar/data/860731/000086073118000011/tyl12312017-10k.htm,5.779460922162678,1.6394651668700588,1.4159813232875258,1.2747652146230168,6.853451477688757,30.962328221998195,7.233591553032313,30.962328221998195,0.0,6673722700.0,6487796700.0,26.99813383928283,30.63434503399112,125.03695994304344,138.88832074254438,5.718239233515039,5.718239233515039,29.780890149689466,111.68910446219527,121.55350357852136,135.01897359056002,0.0092598992763064,0.0072000294528269,0.0,0.0,-3.200764357526511,1.2994690172896342,0.0,0.863684908896728,0.0,0.0,0.0,0.055161555375004,0.562679605835963,0.0997302057181399,0.0244341315853496,0.3849157567430761,0.045811127789177,33.79552216812437,0.0501520116826702,0.0888973921149201,0.3631081869793601,114490000.0,272663000.0,74302000.0,1161236000.0,224136000.0,6368500.0,10611000.0,98.51660079595688,6.547872293081503,-1.599718738596007,0.9135516174213516,13.744922926351848,-56.25988983475213,0.0529503193401731,0.1412161086645089,2018-02-21,1.04,amc,211596261.0,2025-04-25,2017-12-31,0.0288461538461538,177.53222222222223,189462.6031746032
2017-09-30,TYL,USD,860731,2017-10-25,2017-10-25 16:28:45,2017,Q3,214146000.0,110717000.0,103429000.0,0.482983572,11834000,0.0,0.0,44656000.0,75000.0,59982000.0,170699000.0,0.0,0.0,13730000.0,52407000.0,0.2447255611,43447000.0,0.2028849477,75000.0,43522000.0,0.203235176,5259000.0,38263000.0,0.1786771642,1.04,0.99,37391000,39342000,https://www.sec.gov/Archives/edgar/data/860731/000086073117000033/0000860731-17-000033-index.htm,https://www.sec.gov/Archives/edgar/data/860731/000086073117000033/tyl9302017q3-document.htm,5.727207081918109,1.0233211200556285,2.482041132892942,2.278489476077131,4.3998288358161055,28.824529967104382,4.73884089754219,28.824529967104382,0.0,6517999120.0,6393396120.0,42.58682748346968,30.43717426428698,70.23251858716031,76.50682692646282,6.047626802551175,6.047626802551175,29.85531422487462,121.99507928330183,68.88990065297503,75.044264569517,0.0058703597983916,0.0130707289816264,0.0,0.0,-2.377602228709905,1.1124714382328302,0.0,2.425476308705538,0.0,0.0,0.0,0.0552613637424934,0.6031592948447477,0.0820097838501821,0.0355411728446947,0.5543335761107064,0.0457211435189076,25.76192697660292,0.0336891510456929,0.0645756333012674,-2.189350378433313,40412000.0,177190000.0,-15619000.0,1090142000.0,227921500.0,7005500.0,10217500.0,88.17601075901487,3.709186484460381,18.874337274311983,1.0206857763838977,24.264080648696037,4.768379344502347,0.0355017452573721,0.2035516568158113,2017-10-25,1.02,amc,208565714.0,2025-04-25,2017-09-30,0.0294117647058823,171.8436507936508,169205.38095238095
2017-06-30,TYL,USD,860731,2017-07-26,2017-07-26 16:31:33,2017,Q2,209123000.0,113260000.0,95863000.0,0.4584048622,11874000,0.0,0.0,43451000.0,-101000.0,58788000.0,172048000.0,0.0,0.0,13267000.0,45073000.0,0.215533442,37075000.0,0.1772880075,-101000.0,36974000.0,0.1768050382,5396000.0,31578000.0,0.1510020419,0.86,0.81,37154000,39201000,https://www.sec.gov/Archives/edgar/data/860731/000086073117000027/0000860731-17-000027-index.htm,https://www.sec.gov/Archives/edgar/data/860731/000086073117000027/tyl6302017q2-document.htm,5.628546051569145,0.8499219464929751,0.0375733433816009,-0.2397319265758734,2.859476772352909,27.388760294988423,3.041583678742531,27.388760294988423,0.0,6526843180.0,6471771180.0,51.67239201342707,31.210546807381306,4675.389097421203,-732.7768249691254,6.4139449214919,6.4139449214919,30.947199399396528,143.58421183413574,4635.939240687679,-726.5938228359718,0.0048381735441052,-0.0013646719791419,0.0,0.0,-1.2218401260177931,0.9796875260719392,0.0,0.0442079929064538,0.0,0.0,0.0,0.0567799811594133,0.6288420857985595,7.380372492836676,0.0492676558771632,0.776588527926434,0.0425634674330418,22.885845852705263,0.0293479169772885,0.0591443565817716,-3.5401369973623296,-7304000.0,113007000.0,-68629000.0,1045247000.0,204880000.0,7789000.0,9330500.0,105.88663131267244,7.507681440932368,-2.212254988521985,0.8499656555721294,11.987722269263337,-40.68247126436781,0.0310317786325105,0.2773052699574743,2017-07-26,0.94,amc,215683516.0,2025-04-25,2017-06-30,-0.0319148936170211,166.1679365079365,173815.55555555556
2017-03-31,TYL,USD,860731,2017-04-26,2017-04-26 16:49:39,2017,Q1,199542000.0,105194000.0,94348000.0,0.4728227641,11599000,0.0,0.0,43142000.0,-190000.0,58199000.0,163393000.0,0.0,0.0,13099000.0,44388000.0,0.2224494091,36149000.0,0.1811598561,-190000.0,35959000.0,0.1802076756,3653000.0,32306000.0,0.1619007527,0.89,0.84,36845000,38932000,https://www.sec.gov/Archives/edgar/data/860731/000086073117000019/0000860731-17-000019-index.htm,https://www.sec.gov/Archives/edgar/data/860731/000086073117000019/tyl3312017q1-document.htm,5.415714479576605,0.8768082507802958,1.307612973266386,0.7696838105577419,2.274039896865246,26.24065680553671,1.5828470620165558,26.24065680553671,0.0,5694763200.0,5631032200.0,44.06892837243856,28.53917070090507,118.20011208202745,200.8097323600973,5.890096469208356,5.890096469208356,28.21978430606088,126.8593358565378,116.87731584300214,198.5624387319722,0.0056729312291685,0.0049798383188259,0.0,0.0,-1.4357709290799314,0.8427593911464879,0.0,1.4913328793412988,0.0,0.0,0.0,0.0581281133796393,0.6701554421726055,0.4113825525643952,0.0993274598831323,1.5130926024887397,0.0434795682112036,22.752594332124985,0.0314259405471463,0.0722464241307439,-4.655780974352015,-50670000.0,58320000.0,-117269000.0,999956000.0,183476000.0,6712500.0,9588500.0,73.84445379920017,5.244595699374489,18.347529326767685,1.218778058061482,17.1605220228385,4.905292608999767,0.0334141122029876,0.5379291627086443,2017-04-26,0.88,amc,195262222.0,2025-04-25,2017-03-31,0.0227272727272727,152.10806451612905,236908.90322580645
2016-12-31,TYL,USD,860731,2017-02-22,2017-02-22 16:17:30,2016,Q4,193281000.0,100464000.0,92817000.0,0.4802179211,11793000,0.0,0.0,42162000.0,-285000.0,57413000.0,157877000.0,0.0,0.0,12780000.0,48184000.0,0.2492950678,35404000.0,0.1831737212,-285000.0,35119000.0,0.1816991841,3923000.0,31196000.0,0.1614023106,0.85,0.8,36653000,38975000,https://www.sec.gov/Archives/edgar/data/860731/000086073117000006/0000860731-17-000006-index.htm,https://www.sec.gov/Archives/edgar/data/860731/000086073117000006/tyl12312016-10k.htm,5.273265489864404,0.8511172346056257,1.4133904455296975,1.189752544130085,2.175292609063378,24.97817368291818,-0.0537745887103374,24.97817368291818,0.2728289635227676,5232948810.0,5206797810.0,41.93605598474164,27.074305337824203,101.01242756490686,119.9997433957072,5.715790185958876,5.715790185958876,26.93900492029739,108.0607216088328,100.50763073062446,119.4000598514034,0.0059614571310893,0.0083333511531139,0.0109226946287649,0.0073640685005651,-0.5427320272289556,0.7827364239656321,0.0,1.6606295678933196,0.0,0.0,0.0,0.0610147919350582,0.6756503392994562,0.1582279702731396,0.0424097557442273,0.6413928012519562,0.0434548662310315,21.870881726312444,0.0315613961391301,0.070827723527582,-5.767638392491747,-78541000.0,-1971000.0,-159460000.0,963223000.0,204669000.0,6643500.0,9558000.0,94.63221941111648,6.535176779741997,-2.031772575250836,0.951050293019205,13.77162440027416,-44.2962962962963,0.034074438163895,0.2236379013996126,2017-02-08,0.88,amc,192720000.0,2025-04-25,2016-12-31,0.0227272727272727,155.19095238095238,292790.8888888889
2016-09-30,TYL,USD,860731,2016-10-26,2016-10-26 16:49:07,2016,Q3,194497000.0,101017000.0,93480000.0,0.4806243798,11070000,0.0,0.0,42007000.0,-526000.0,56535000.0,157552000.0,0.0,0.0,12671000.0,49616000.0,0.2550990504,36945000.0,0.189951516,-526000.0,36419000.0,0.1872471041,14155000.0,22264000.0,0.1144696319,0.97,0.91,36433000,39062000,https://www.sec.gov/Archives/edgar/data/860731/000156459016026222/0001564590-16-026222-index.htm,https://www.sec.gov/Archives/edgar/data/860731/000156459016026222/tyl-10q_20160930.htm,5.338484341119315,0.6110943375511212,1.8414898580956824,1.6337111958938326,1.2921801663327204,24.21582082178245,-1.1417121840090028,24.21582082178245,0.9332198830730382,6238422590.0,6249108590.0,70.05055908641754,32.074646858306295,92.98449255488812,104.81044656507788,7.070997149350244,7.070997149350244,32.12958857977244,125.94946368107064,93.14376876183094,104.9899798390484,0.0035688508879934,0.0095410336733856,0.0385376110081552,0.0251336890489559,0.2153740728797162,0.7957915820162299,0.0,3.0134297520661155,0.0,0.0,0.0,0.0569160449775574,0.6829348165166776,0.1128318254311308,0.0389209088057913,0.5974271959592771,0.039363075008869,18.24714764354241,0.0224894393224748,0.0519077206439504,-7.085863091153625,-71165000.0,-41596000.0,-193184000.0,973649000.0,207796000.0,6283000.0,22180000.0,95.3732448315398,5.33850737994595,19.051842759139557,0.9436608784672188,16.858644859813083,4.723952487841377,0.0252353344554578,0.2077786622018499,2016-10-26,0.9,amc,186223404.0,2025-04-25,2016-09-30,0.0444444444444443,166.6653125,221603.75
2016-06-30,TYL,USD,860731,2016-07-28,2016-07-27 17:48:01,2016,Q2,188972000.0,102036000.0,86936000.0,0.4600469911,10336000,0.0,0.0,42232000.0,-720000.0,56021000.0,158057000.0,0.0,0.0,12674000.0,30915000.0,0.163595665,30915000.0,0.163595665,-720000.0,30195000.0,0.1597855767,11323000.0,18872000.0,0.0998666469,0.69,0.65,36160000,38739000,https://www.sec.gov/Archives/edgar/data/860731/000156459016021582/0001564590-16-021582-index.htm,https://www.sec.gov/Archives/edgar/data/860731/000156459016021582/tyl-10q_20160630.htm,5.225995575221239,0.5219026548672566,0.383766592920354,0.2389380530973451,1.769054203539823,22.934402654867256,-3.0856194690265486,22.934402654867256,3.7334070796460175,6028233600.0,6121906600.0,79.85684612123782,31.90014181995216,434.4046695971752,697.7122222222222,7.268992461184507,7.268992461184507,32.39583959528396,198.0238266213812,441.1549037976508,708.5540046296296,0.0031306019726906,0.0014332556721093,0.1627863230548843,0.095537885371522,3.0300177907164807,0.9178902331907176,0.0,0.7353221704111912,0.0,0.0,0.0,0.0546959337891327,0.6658523536288827,0.3773870433090726,0.0277131003534915,0.4132081426542528,0.0381643841415659,16.41079908934426,0.0182262069654491,0.039968824655631,-9.711691095132744,-28979000.0,-111576000.0,-259793000.0,1027791000.0,173407500.0,6445000.0,21980000.0,99.76859005566962,5.798541691167824,20.265788545219337,0.9020875202283718,15.52114390021296,4.4409818941504176,0.0227563221384576,0.1448285398230088,2016-07-27,0.83,amc,182482758.0,2025-04-25,2016-06-30,0.0481927710843373,147.65359375,374211.046875
2016-03-31,TYL,USD,860731,2016-04-27,2016-04-27 16:48:34,2016,Q1,179293000.0,97175000.0,82118000.0,0.4580100729,9956000,0.0,0.0,40759000.0,-467000.0,54077000.0,151252000.0,0.0,0.0,12176000.0,28041000.0,0.1563976285,28041000.0,0.1563976285,-467000.0,27574000.0,0.1537929534,10495000.0,17079000.0,0.0952574836,0.5,0.47,36549000,39071000,https://www.sec.gov/Archives/edgar/data/860731/000156459016016779/0001564590-16-016779-index.htm,https://www.sec.gov/Archives/edgar/data/860731/000156459016016779/tyl-10q_20160331.htm,4.905551451476101,0.4672904867438233,1.1018085310131605,0.6442857533721853,1.4685217105803168,21.669238556458453,-4.094585351172399,21.669238556458453,3.8304741579796975,4700566890.000001,4805225890.000001,68.80623704549448,26.21723597686469,116.7262699279861,199.61639587226097,5.935141637068193,5.935141637068193,26.8009676339846,171.36428408401986,119.32520213558485,204.0608922201461,0.0036333915460992,0.0050096085325572,0.1767701319083977,0.1062208224678283,3.732356192717806,0.7785587053478963,0.0,2.357866385619767,0.0,0.0,0.0,0.0555292175377733,0.7144427693589346,0.4152470821951825,0.0932663294160954,1.3733574244415243,0.0361419575778195,15.094076759754094,0.016889849139325,0.0453785799498893,-9.818490245971162,-64148000.0,-149653000.0,-300484000.0,991785000.0,167386000.0,6552500.0,9526500.0,68.93676830662658,5.849652688448675,19.434628248006177,1.3055442285847436,15.385528815706143,4.630909264201296,0.0215646934490251,0.4575227776409751,2016-04-27,0.75,amc,170445679.0,2025-04-25,2016-03-31,0.08,138.98999999999998,380415.0327868852
2015-12-31,TYL,USD,860731,2016-02-24,2016-02-24 12:20:57,2015,Q4,158916000.0,85694000.0,73222000.0,0.4607591432,8615000,0.0,0.0,42507000.0,-240000.0,53442000.0,139136000.0,0.0,0.0,7988000.0,27768000.0,0.1747338216,19780000.0,0.1244682725,-240000.0,19540000.0,0.1229580407,10922000.0,8618000.0,0.0542299076,0.24,0.23,35334000,37864000,https://www.sec.gov/Archives/edgar/data/860731/000156459016013137/0001564590-16-013137-index.htm,https://www.sec.gov/Archives/edgar/data/860731/000156459016013137/tyl-10k_20151231.htm,4.4975377823059945,0.2439010584705949,0.5405558385690836,0.4280296598177392,2.003028244750099,24.306814965755365,-2.552414105394238,24.306814965755365,1.867889285107828,6159422880.0,6192335880.0,178.67901137154792,38.758985124216565,322.4828732984293,407.2614969584766,7.171651252769669,7.171651252769669,38.96609454051197,223.0025885911841,324.2060670157068,409.4377069558318,0.0013991570586885,0.0024554248498034,0.0768463201673852,0.0486521152612839,1.18528522039758,0.7945416089012122,0.0,2.2162914829426783,0.0,0.0,0.0,0.0542110297263963,0.6995908799398483,0.2081675392670157,0.0250195071610158,0.4977466199298948,0.0360127362883535,11.549471966692858,0.0085612047942663,0.0211471169937623,-7.919383596535915,-69357000.0,-90187000.0,-229498000.0,980799000.0,163334000.0,5587000.0,461000.0,111.8175639960734,7.130137465866922,-2.028029967092212,0.8048824959481361,12.622477537192518,-44.37804246504402,0.0100342664727655,0.1125261787513443,2016-02-17,0.65,amc,177752542.0,2025-04-25,2015-12-31,-0.0923076923076923,172.83953125,229305.46875
2015-09-30,TYL,USD,860731,2015-10-21,2015-10-21 16:38:43,2015,Q3,150845000.0,79012000.0,71833000.0,0.4762040505,7193000,0.0,0.0,31869000.0,255000.0,40344000.0,119356000.0,0.0,0.0,4102000.0,31489000.0,0.2087507044,31489000.0,0.2087507044,255000.0,31744000.0,0.2104411813,11602000.0,20142000.0,0.1335277934,0.59,0.55,33900000,36349000,https://www.sec.gov/Archives/edgar/data/860731/000156459015008522/0001564590-15-008522-index.htm,https://www.sec.gov/Archives/edgar/data/860731/000156459015008522/tyl-10q_20150930.htm,4.449705014749263,0.5941592920353982,1.6253687315634218,1.5546017699115044,8.041386430678466,12.716666666666669,7.948731563421829,12.716666666666669,0.0,5061609000.0,4822995000.0,62.8240616621984,33.555033312340484,91.8622323049002,96.04388911026356,11.741284403669724,11.741284403669724,31.973184394577213,153.16443837530565,87.53166969147006,91.51619513861218,0.0039793670352648,0.0104119065696303,0.0,0.0,-7.577693797834164,1.6971097932149426,0.0,2.735577400456757,0.0,0.0,0.0,0.0476847094699857,0.2382625128614851,0.0435390199637023,0.0159037422519805,0.5848366650414432,0.0371109416951175,13.038551584958672,0.0458358163413791,0.038978304747566,3.647890855457227,169031000.0,269462000.0,164218000.0,398756000.0,140703000.0,4385000.0,15753000.0,77.10245616361166,4.994810914797752,3.2497595301979447,1.1672779892902467,18.018700114025087,27.69435681738521,0.0467228801076328,0.0707669616519174,2015-10-21,0.66,amc,140180281.0,2025-04-25,2015-09-30,0.0757575757575756,140.56671875,212394.171875
2015-06-30,TYL,USD,860731,2015-07-22,2015-07-22 16:33:19,2015,Q2,146295000.0,78042000.0,68253000.0,0.4665436276,7110000,0.0,0.0,30396000.0,185000.0,38657000.0,116699000.0,0.0,0.0,3771000.0,29596000.0,0.2023035647,29596000.0,0.2023035647,185000.0,29781000.0,0.2035681329,10945000.0,18836000.0,0.1287535459,0.56,0.52,33751000,36097000,https://www.sec.gov/Archives/edgar/data/860731/000156459015005577/0001564590-15-005577-index.htm,https://www.sec.gov/Archives/edgar/data/860731/000156459015005577/tyl-10q_20150630.htm,4.334538235904121,0.5580871677876211,0.5009629344315724,0.3760184883410862,6.0473171165298805,11.86978163609967,7.026458475304436,11.86978163609967,0.0,4366704380.0,4162601380.0,57.956896103206624,29.84862353463891,258.2626200615094,344.0788259396423,10.899947780548503,10.899947780548503,28.45347674219898,140.64743140964995,246.19123373550983,327.99632653061224,0.0043135505316712,0.0029063107770991,0.0,0.0,-6.896303554534397,1.6429236034958297,0.0,0.8976428116372903,0.0,0.0,0.0,0.0486004306367271,0.2530315741895937,0.2494085639933759,0.0288253187053556,1.1182710156457174,0.0314638230971666,12.208537518877458,0.046186657695223,0.0390329218533385,2.5820271991940977,154780000.0,237150000.0,150107000.0,386155000.0,128984000.0,4879000.0,19163500.0,93.61919409412488,5.056892442530945,33.04336126701007,0.9613413239758704,17.797491448118585,2.723693854046697,0.0470174755439734,0.1249444460904862,2015-07-22,0.61,amc,137296923.0,2025-04-25,2015-06-30,0.0655737704918033,124.20904761904762,192653.17460317464
2015-03-31,TYL,USD,860731,2015-04-22,2015-04-22 16:50:36,2015,Q1,134966000.0,71087000.0,63879000.0,0.4732969785,7004000,0.0,0.0,28545000.0,181000.0,36701000.0,107788000.0,0.0,0.0,3713000.0,27178000.0,0.2013692337,27178000.0,0.2013692337,181000.0,27359000.0,0.2027103122,10086000.0,17273000.0,0.1279803802,0.51,0.48,33562000,35895000,https://www.sec.gov/Archives/edgar/data/860731/000156459015002772/0001564590-15-002772-index.htm,https://www.sec.gov/Archives/edgar/data/860731/000156459015002772/tyl-10q_20150331.htm,4.021393242357428,0.514659436267207,-0.062421786544306,-0.1193015910851558,5.801829449973184,10.91675108753948,6.231184077230201,10.91675108753948,0.0,4045227860.0,3850506860.0,58.5484261564291,29.972199368729903,-1930.896353221957,-1010.2966683316685,11.04083064947542,11.04083064947542,28.52945823392558,141.67734417543602,-1837.95076849642,-961.66504995005,0.0042699696031461,-0.000989808272506,0.0,0.0,-7.164655235852528,1.6583271777955415,0.0,-0.1212875586174955,0.0,0.0,0.0,0.0518945512203073,0.2766748419196949,-0.911217183770883,0.0141443030096468,0.5141395098303259,0.0315486863358179,11.243407028703798,0.0462838694199981,0.042013986013986,2.291475478219415,130121000.0,209131000.0,125781000.0,354679000.0,109225000.0,4746000.0,9674000.0,70.54443341285953,6.802509600911559,12.247809022746775,1.275791662728046,13.23041131583845,7.348253049410792,0.0471440112667445,0.0568798045408497,2015-04-22,0.55,amc,125847457.0,2025-04-25,2015-03-31,0.0727272727272725,114.5267213114754,178889.9836065574
2014-12-31,TYL,USD,860731,2015-02-18,2015-02-18 11:58:43,2014,Q4,127440000.0,66949000.0,60491000.0,0.4746625863,6615000,0.0,0.0,28130000.0,167000.0,35898000.0,102847000.0,0.0,0.0,3669000.0,27777000.0,0.2179613936,24593000.0,0.1929770873,167000.0,24760000.0,0.1942875078,9443000.0,15317000.0,0.1201898933,0.46,0.43,33275000,35661000,https://www.sec.gov/Archives/edgar/data/860731/000156459015000744/0001564590-15-000744-index.htm,https://www.sec.gov/Archives/edgar/data/860731/000156459015000744/tyl-10k_20141231.htm,3.829902329075882,0.4603155522163786,0.8506686701728025,0.8114199849737039,6.195852742299024,10.126912096168294,5.352637114951165,10.126912096168294,0.0,3641616000.0,3435449000.0,59.43748775869948,28.575141242937853,128.65173461456934,134.87466666666666,10.806848026399742,10.806848026399742,26.95738386691777,123.67962702955684,121.3682258178478,127.23885185185183,0.0042060997095794,0.0074142907983708,0.0,0.0,-7.422219822155021,1.4890546686766393,0.0,1.8480120127962392,0.0,0.0,0.0,0.0519067796610169,0.2767752298852577,0.046138627852752,0.010247959824231,0.3559553011719815,0.0308537350910232,10.2413593096998,0.0445962270087212,0.0368979422718359,1.7577761081893313,113871000.0,178109000.0,109701000.0,338645000.0,112231500.0,3758000.0,8716500.0,79.56214689265536,5.53719995817712,13.004824567954712,1.131191194745251,16.25370235494052,6.92050857969816,0.0454546803453095,0.0392486851990984,2015-02-04,0.54,amc,127400000.0,2025-04-25,2014-12-31,0.0,105.6153125,290930.109375
2014-09-30,TYL,USD,860731,2014-10-22,2014-10-22 16:26:16,2014,Q3,128664000.0,66872000.0,61792000.0,0.4802586582,6567000,0.0,0.0,27344000.0,-47000.0,35047000.0,101919000.0,0.0,0.0,3655000.0,26745000.0,0.2078670024,26745000.0,0.2078670024,-47000.0,26698000.0,0.2075017099,9698000.0,17000000.0,0.1321270907,0.52,0.48,32935000,35284000,https://www.sec.gov/Archives/edgar/data/860731/000119312514378800/0001193125-14-378800-index.htm,https://www.sec.gov/Archives/edgar/data/860731/000119312514378800/d781242d10q.htm,3.9066039168058295,0.5161682101108244,2.013147107939881,1.9657810839532408,4.780051616821011,8.987126157583118,4.117655989069379,8.987126157583118,0.0,2911454000.0,2754023000.0,42.8155,22.628349810358763,43.91134639458245,44.96940209752405,9.836292319698911,9.836292319698911,21.40476745632034,102.973378201533,41.536928947408114,42.53777242327356,0.0058390069017061,0.0222373425786565,0.0,0.0,-5.886371284352215,1.3236297270070156,0.0,3.900176470588235,0.0,0.0,0.0,0.0510399179257601,0.3070790004269879,0.0235283471336138,0.0121246036187278,0.426812585499316,0.0301949263197164,10.216386274656836,0.0565962583677773,0.0469759897426544,0.5735767420677091,71639000.0,135615000.0,66728000.0,298709000.0,128018500.0,2990500.0,7759000.0,78.20579182988249,4.571868644574709,10.442487139610002,1.1508099067109112,19.68560494554018,8.618636422219359,0.0574341787419212,0.0473660239866403,2014-10-22,0.51,amc,111249152.0,2025-04-25,2014-09-30,0.1568627450980391,90.26703125,189663.015625
2014-06-30,TYL,USD,860731,2014-07-23,2014-07-23 17:21:55,2014,Q2,124371000.0,65813000.0,58558000.0,0.4708332328,6389000,0.0,0.0,27419000.0,-216000.0,34936000.0,100749000.0,0.0,0.0,1128000.0,23622000.0,0.1899317365,23622000.0,0.1899317365,-216000.0,23406000.0,0.1881949972,8666000.0,14740000.0,0.1185163744,0.45,0.42,32918000,35161000,https://www.sec.gov/Archives/edgar/data/860731/000119312514277264/0001193125-14-277264-index.htm,https://www.sec.gov/Archives/edgar/data/860731/000119312514277264/d735795d10q.htm,3.778206452396865,0.4477793304575004,0.3726836381311136,0.2861960021872531,2.700407072118597,8.09523664864208,3.3314296129777023,8.09523664864208,0.0,3002450780.0,2914358780.0,50.92352069199457,24.141084175571475,244.73840723834363,318.697673283091,11.267119660461049,11.267119660461049,23.43278400913396,123.37476843620354,237.5577746984023,309.34707355907017,0.0049093227766418,0.0031377700053421,0.0,0.0,-3.729235458470917,1.2098033036094993,0.0,0.832293080054274,0.0,0.0,0.0,0.0513704963375706,0.3221230975910866,0.2320671666123247,0.0228911884603323,0.7853793103448276,0.0284632269580529,9.031046010542708,0.0548823538563705,0.0446663959612366,-0.5890698098304878,45268000.0,109664000.0,40694000.0,269243000.0,113284000.0,2578000.0,15338000.0,104.37368840002894,3.533648367343838,10.610517678878034,0.8622862847872208,25.469427244582043,8.482149761567213,0.0553139271762502,0.0864876359438605,2014-07-23,0.45,amc,107653846.0,2025-04-25,2014-06-30,0.1555555555555555,81.10317460317461,205865.77777777775
2014-03-31,TYL,USD,860731,2014-04-23,2014-04-23 16:41:45,2014,Q1,112626000.0,60096000.0,52530000.0,0.4664109531,6172000,0.0,0.0,25367000.0,-259000.0,32668000.0,92764000.0,0.0,0.0,3656000.0,19862000.0,0.1763535951,19862000.0,0.1763535951,-259000.0,19603000.0,0.1740539485,7720000.0,11883000.0,0.1055084971,0.36,0.33,32916000,35500000,https://www.sec.gov/Archives/edgar/data/860731/000119312514154914/0001193125-14-154914-index.htm,https://www.sec.gov/Archives/edgar/data/860731/000119312514154914/d693445d10q.htm,3.421618665694495,0.3610098432373314,0.5030987969376595,0.3928180823915421,2.9513002794993315,8.102564102564102,3.2907096852594484,8.102564102564102,0.0,2754410880.0,2657265880.0,57.94855844483717,24.45626125406212,166.32915942028987,213.02481670533643,10.327594936708865,10.327594936708865,23.593716193418928,133.7864203000705,160.4629154589372,205.51166898685227,0.0043141711667941,0.0046942887475088,0.0,0.0,-4.890997885409324,1.2865065496771635,0.0,1.393587477909619,0.0,0.0,0.0,0.0548008452755136,0.3647444621765333,0.2192028985507246,0.032230568430025,0.9928884026258206,0.0307389057588833,8.112636527107549,0.0441253589814798,0.0430771350061989,0.0855814801312431,46237000.0,108317000.0,40082000.0,270846000.0,94452000.0,2552500.0,15338000.0,65.79351126738054,3.8518370607028753,34.32058706070287,1.3679160492627591,23.36547433903577,2.6223327660688573,0.0445550122982782,0.1102807145461173,2014-04-23,0.41,amc,107362790.0,2025-04-25,2014-03-31,0.048780487804878,96.5127868852459,219516.7213114754
2013-12-31,TYL,USD,860731,2014-02-19,2014-02-19 12:27:53,2013,Q4,110735000.0,57968000.0,52767000.0,0.4765160067,6095000,0.0,0.0,26091000.0,-390000.0,33315000.0,91283000.0,0.0,0.0,3693000.0,22652000.0,0.2045604371,19452000.0,0.175662618,-390000.0,19062000.0,0.1721406963,8550000.0,10512000.0,0.0949293358,0.32,0.3,32498000,35348000,https://www.sec.gov/Archives/edgar/data/860731/000119312514058350/0001193125-14-058350-index.htm,https://www.sec.gov/Archives/edgar/data/860731/000119312514058350/d639171d10k.htm,3.4074404578743307,0.3234660594498122,0.2273678380208013,0.0244015016308695,2.42710320635116,7.57951258538987,2.656224998461444,7.57951258538987,0.0,3319020740.0,3240144740.0,78.93409294140031,29.972644060143587,449.1840221951549,4185.39815889029,13.474481221505446,13.474481221505446,29.260348941165848,143.0401174289246,438.5092353498444,4085.932837326608,0.0031671992504632,0.0002389258947505,0.0,0.0,-3.4820766378244747,1.1307844464109105,0.0,0.7029109589041096,0.0,0.0,0.0,0.0550413148507698,0.3599579741185363,0.8926783055893897,0.0595656296563868,1.786081776333604,0.0281211902289249,7.427219469107683,0.0425039853772109,0.0369502022911093,-1.0919441196381316,25125000.0,86322000.0,19066000.0,249966000.0,98536500.0,4753500.0,12689000.0,86.61489140741409,3.9326869997239857,12.046473916643668,1.0390822933283288,22.88511646269246,7.471065859002449,0.0426763668251332,0.2029663363899317,2014-02-05,0.4,amc,113538461.0,2025-04-25,2013-12-31,-0.025,97.13265625,150136.765625
2013-09-30,TYL,USD,860731,2013-10-24,2013-10-23 21:15:48,2013,Q3,107021000.0,57472000.0,49549000.0,0.4629839004,5982000,0.0,0.0,24581000.0,-285000.0,31692000.0,89164000.0,0.0,0.0,3412000.0,17857000.0,0.1668551032,17857000.0,0.1668551032,-285000.0,17572000.0,0.1641920745,6523000.0,11049000.0,0.1032414199,0.34,0.32,32037000,34764000,https://www.sec.gov/Archives/edgar/data/860731/000119312513408574/0001193125-13-408574-index.htm,https://www.sec.gov/Archives/edgar/data/860731/000119312513408574/d614613d10q.htm,3.3405437462933483,0.3448824796329244,1.314573774073727,1.114086837094609,1.626900146705372,6.480881480787839,1.4354964572213378,6.480881480787839,0.0,2802276390.0,2750155390.0,63.40565639424382,26.18435998542342,66.53867719339902,78.51273086405918,13.496620831487082,13.496620831487082,25.6973434185814,154.00993391947137,65.30108963552179,77.0524316373417,0.0039428658926823,0.0127367878940735,0.0,0.0,-2.9187993503948038,0.9070664919678936,0.0,3.811657163544212,0.0,0.0,0.0,0.0558955718971043,0.4108613042207338,0.1525109818354505,0.0600162584913241,1.8824736225087928,0.0286018631857299,7.091594016459008,0.0530209972304056,0.0476710271986745,-1.7785451197053408,-16881000.0,45989000.0,-21022000.0,207903000.0,105879500.0,5375000.0,17471000.0,76.10908139524018,10.921144209354122,27.59100083518931,1.1825132868523696,8.24089475193576,3.261933140359839,0.0532153659429364,0.2004869369791179,2013-10-23,0.39,amc,99357142.0,2025-04-25,2013-09-30,0.0769230769230768,76.9675,150886.140625
2013-06-30,TYL,USD,860731,2013-07-25,2013-07-24 17:42:53,2013,Q2,103088000.0,56046000.0,47042000.0,0.4563285736,5594000,0.0,0.0,24971000.0,-296000.0,31693000.0,87739000.0,0.0,0.0,3359000.0,15349000.0,0.1488922086,15349000.0,0.1488922086,-296000.0,15053000.0,0.1460208754,6006000.0,9047000.0,0.0877599721,0.29,0.26,31617000,34290000,https://www.sec.gov/Archives/edgar/data/860731/000119312513300787/0001193125-13-300787-index.htm,https://www.sec.gov/Archives/edgar/data/860731/000119312513300787/d571162d10q.htm,3.26052440142961,0.2861435303792263,-0.0157510200208748,-0.2925008697852421,0.0970364044659518,5.698042192491381,0.5330992820318183,5.698042192491381,0.0,2211925320.0,2208857320.0,61.123171216978,21.45667119354338,-4441.617108433735,-239.1787759515571,12.277901362715438,12.277901362715438,21.426910212633867,143.90887484526678,-4435.456465863454,-238.8470285467128,0.0040901019208008,-0.0041809729814928,0.0,0.0,-0.1998827285165157,0.7996856958889459,0.0,-0.055045871559633,0.0,0.0,0.0,0.0542643178643489,0.4426337930436291,-17.570281124497992,0.0848789383827409,2.604941947008038,0.0281604066428682,6.056839353756099,0.0496854507049572,0.0439969264886105,-2.723265964512762,-36710000.0,16855000.0,-42221000.0,181968000.0,98738000.0,3152000.0,11433500.0,105.86139996895857,6.06359062198908,27.817685472647465,0.8501682390974468,14.842690677966102,3.235351844368758,0.0502178679470456,0.2767498497643673,2013-07-24,0.36,amc,103100000.0,2025-04-25,2013-06-30,0.0,64.8321875,167021.859375
2013-03-31,TYL,USD,860731,2013-04-25,2013-04-24 17:44:18,2013,Q1,95799000.0,51954000.0,43845000.0,0.4576770112,5598000,0.0,0.0,22646000.0,-338000.0,29375000.0,81329000.0,0.0,0.0,3322000.0,14470000.0,0.151045418,14470000.0,0.151045418,-338000.0,14132000.0,0.1475171975,5639000.0,8493000.0,0.0886543701,0.27,0.25,31403000,33948000,https://www.sec.gov/Archives/edgar/data/860731/000119312513170848/0001193125-13-170848-index.htm,https://www.sec.gov/Archives/edgar/data/860731/000119312513170848/d525982d10q.htm,3.0506321052128778,0.2704518676559564,0.5440244562621406,0.3819698754896029,0.1431391905231984,5.101359742699742,-0.1542527783969684,5.101359742699742,0.0,1889204480.0,1884709480.0,55.610634640292005,19.72050313677596,110.58326387262936,157.49933138807836,11.792934243873209,11.792934243873209,19.67358197893506,130.24944574982723,110.32015218918286,157.1245919132972,0.0044955430128982,0.0063492333026862,0.0,0.0,-0.3106427090532135,0.6511384192293058,0.0,2.011538914400094,0.0,0.0,0.0,0.0584348479629223,0.5233215166754394,0.2978810583001638,0.0531216401006273,1.5319084888621313,0.0268791949811584,5.571590982381624,0.0525252327507056,0.0564949578266769,-2.8896602235455213,-52264000.0,-4844000.0,-57627000.0,160948000.0,87919000.0,2847500.0,5544000.0,71.60617542980616,4.379258574893175,9.603880355699271,1.2568748360010495,20.55142405063291,9.37121212121212,0.0530156431416122,0.1620545807725376,2013-04-24,0.31,amc,87347058.0,2025-04-25,2013-03-31,0.0967741935483871,55.20316666666667,161986.38333333333
2012-12-31,TYL,USD,860731,2013-02-20,2013-02-20 16:21:03,2012,Q4,95368000.0,50728000.0,44640000.0,0.4680815368,5365000,0.0,0.0,22763000.0,-384000.0,29221000.0,79949000.0,0.0,0.0,3095000.0,17996000.0,0.1887006124,15419000.0,0.1616789699,-384000.0,15035000.0,0.157652462,5659000.0,9376000.0,0.0983138998,0.3,0.28,30779000,33421000,https://www.sec.gov/Archives/edgar/data/860731/000119312513067262/0001193125-13-067262-index.htm,https://www.sec.gov/Archives/edgar/data/860731/000119312513067262/d487966d10k.htm,3.0984762337957696,0.3046232821079307,0.5332856817960298,0.4439065596673056,0.2081289190681958,4.720718671821697,-0.6646414763312648,4.720718671821697,0.5848143214529387,1490934760.0,1502528760.0,39.75401983788396,15.633490898414562,90.83311563299624,109.12206396838177,10.261149491737726,10.261149491737726,15.755062075329253,83.49237386085797,91.53946387230413,109.97063309668448,0.0062886722152752,0.0091640495389617,0.1238824768236532,0.053204853464966,0.6442542787286064,0.7229718189581554,0.0,1.7506399317406145,0.0,0.0,0.0,0.0562557671336297,0.4899457606077176,0.1676008285609845,0.0288461538461538,0.8888529886914378,0.0199752537538797,5.688226292410194,0.0570583126277628,0.0543350390301288,-3.545420578966178,-47038000.0,-20457000.0,-70259000.0,164099000.0,88918000.0,2668000.0,9383000.0,94.01077929703884,5.6187904116070015,9.835988014508752,0.9573370274448392,16.017682349226398,9.15007215007215,0.0645290057054762,0.0893791221287241,2013-02-06,0.28,amc,95400000.0,2025-04-25,2012-12-31,0.0,46.32370967741936,151708.37096774194
2012-09-30,TYL,USD,860731,2012-10-25,2012-10-24 17:36:02,2012,Q3,93845000.0,48901000.0,44944000.0,0.4789173637,4273000,0.0,0.0,20909000.0,1103000.0,26285000.0,75186000.0,0.0,0.0,3280000.0,18659000.0,0.1988278544,18659000.0,0.1988278544,-849000.0,17810000.0,0.1897810219,6978000.0,10832000.0,0.11542437,0.36,0.33,30387000,32986000,https://www.sec.gov/Archives/edgar/data/860731/000119312512433578/0001193125-12-433578-index.htm,https://www.sec.gov/Archives/edgar/data/860731/000119312512433578/d427503d10q.htm,3.088327245203541,0.3564682265442458,1.113272122947313,1.046895053805904,0.0033896073979004,3.883535722512917,-1.2196004870503834,3.883535722512917,0.9214466712739,1347967320.0,1375864320.0,31.11076717134417,14.3637628003623,39.8465021135712,42.37291965296114,11.422580650628342,11.422580650628342,14.661029570035698,73.7373021062222,40.67114960536818,43.24985288570351,0.0080358031231795,0.023599978670106,0.2372700387258599,0.0945645639560409,1.4950962002250925,0.6502689175549933,0.0,3.123061299852289,0.0,0.0,0.0,0.0455325270392668,0.5237154417178328,0.0596234000413846,0.0214928872076296,0.614939024390244,0.0202781181735841,5.581042426269633,0.0749363430920916,0.0768090764048927,-3.7090696679501103,-50590000.0,-37060000.0,-84021000.0,147496000.0,89339000.0,1968500.0,13238000.0,75.01326655655602,3.991942905053066,24.334471687695547,1.1997877726354549,22.545412632549564,3.6984571169263343,0.0917896092670898,0.0663770691414091,2012-10-24,0.28,amc,79587878.0,2025-04-25,2012-09-30,0.1785714285714285,40.64079365079365,151817.52380952382
2012-06-30,TYL,USD,860731,2012-07-26,2012-07-25 17:50:25,2012,Q2,91368000.0,50669000.0,40699000.0,0.4454404168,5408000,0.0,0.0,21699000.0,1137000.0,28244000.0,78913000.0,0.0,0.0,3310000.0,12455000.0,0.1363168724,12455000.0,0.1363168724,-773000.0,11682000.0,0.12785658,4577000.0,7105000.0,0.0777624551,0.24,0.22,30171000,32769000,https://www.sec.gov/Archives/edgar/data/860731/000119312512314784/0001193125-12-314784-index.htm,https://www.sec.gov/Archives/edgar/data/860731/000119312512314784/d383963d10q.htm,3.0283384707169136,0.2354910344370422,-0.3201418580756355,-0.4290543899771303,0.0119982764906698,3.301415266315336,-1.8936395876835368,3.301415266315336,2.177587749825992,1217399850.0,1282787850.0,42.83602568613652,13.324138100866824,-126.03787659177968,-94.04402085747392,12.222031082152862,12.222031082152862,14.039793472550564,102.99380570052188,-132.80752148255513,-99.09523754345308,0.0058362090318969,-0.0106333182150466,0.6595921973355287,0.205026743975584,5.249939783219591,0.7816707996693598,0.0,-1.3594651653764955,0.0,0.0,0.0,0.0591892128535154,0.4891307739837601,-0.3402008489491666,0.035964451449085,0.992749244712991,0.0193503195867262,4.182428500744984,0.0444461733157312,0.0434009749184513,-4.590666534089026,-32752000.0,-57133000.0,-103579000.0,166488000.0,79674000.0,2175000.0,13355000.0,98.9558707643814,3.1403816929483512,23.54220529317729,0.9094963169420665,28.658936651583712,3.822921382224234,0.0713303281897858,0.1089125319014948,2012-07-25,0.22,amc,91400000.0,2025-04-25,2012-06-30,0.0,38.61730158730158,155150.77777777778
2012-03-31,TYL,USD,860731,2012-04-26,2012-04-25 17:50:48,2012,Q1,82723000.0,45304000.0,37419000.0,0.4523409451,5094000,0.0,0.0,21335000.0,946000.0,27375000.0,72679000.0,0.0,0.0,3026000.0,10044000.0,0.12141726,10044000.0,0.12141726,-703000.0,9341000.0,0.1129190189,3660000.0,5681000.0,0.0686749755,0.19,0.17,30015000,32530000,https://www.sec.gov/Archives/edgar/data/860731/000119312512182583/0001193125-12-182583-index.htm,https://www.sec.gov/Archives/edgar/data/860731/000119312512182583/d339282d10q.htm,2.7560553056804933,0.189272030651341,0.6024987506246876,0.5675828752290522,0.3309012160586373,2.9234382808595702,-2.024920872896885,2.9234382808595702,1.865733799766783,1152876150.0,1198944150.0,50.73385627530365,13.93658535111154,63.75116954213669,67.67293672223526,13.138638927826593,13.138638927826593,14.493480047870603,119.36919056152928,66.29861479761115,70.37709262737732,0.0049276758826175,0.0147769558768303,0.6381984569273024,0.2016107256906067,4.586618876941458,0.6485638108229604,0.0,3.1832423869037143,0.0,0.0,0.0,0.0615790046299094,0.5347184470213815,0.0579517805795178,0.0126687861900559,0.3463317911434236,0.0221824643690388,3.5284295016052845,0.0410683660461128,0.0439576595119082,-4.304181242711977,-45343000.0,-60778000.0,-106337000.0,143903000.0,74450000.0,2896500.0,9275500.0,64.06827605381817,5.129348401907117,26.73141444464065,1.4047513924738486,17.546088303640587,3.3668252080856123,0.0647429541750715,0.0349158753956355,2012-04-25,0.19,amc,92429411.0,2025-04-25,2012-03-31,-0.1052631578947368,36.15854838709677,168984.7741935484
2011-12-31,TYL,USD,860731,2012-02-23,2012-02-23 15:18:33,2011,Q4,82079000.0,43059000.0,39020000.0,0.4753956554,2634000,0.0,0.0,21141000.0,923000.0,24698000.0,67757000.0,0.0,0.0,923000.0,17220000.0,0.2097978777,14322000.0,0.17449043,-818000.0,13504000.0,0.1645244216,4805000.0,8699000.0,0.10598326,0.29,0.27,29823000,32031000,https://www.sec.gov/Archives/edgar/data/860731/000119312512075092/0001193125-12-075092-index.htm,https://www.sec.gov/Archives/edgar/data/860731/000119312512075092/d297185d10k.htm,2.7522046742447106,0.2916876236461791,0.3799081246018174,0.3010428193005398,0.0453006069141266,2.6191194715488044,-2.132984609194246,2.6191194715488044,2.0353418502498077,897970530.0,957344530.0,25.80671715139671,10.940320057505572,79.25600441306267,100.01899420806416,11.496230060171554,11.496230060171554,11.663696316962923,55.59492044134727,84.49642806707855,106.6322711071508,0.0096874003203646,0.009998100939905,0.7771092049673537,0.2054903500783707,3.447967479674797,0.7062252703772092,0.0,1.3024485573054374,0.0,0.0,0.0,0.0320910342474932,0.4797776506393221,0.2075904677846425,0.0286553198747548,0.8115942028985508,0.0203218850132189,4.145986798192188,0.0641799975856751,0.0566086849006631,-4.891308721456594,-44548000.0,-63612000.0,-110189000.0,138089000.0,82734000.0,3473500.0,8104500.0,98.69857088902155,6.711488887340626,10.649341601059012,0.9118673065813448,13.409841170974774,8.451226692836114,0.1113685827678914,0.0788653053012775,2012-02-22,0.25,amc,76018518.0,2025-04-25,2011-12-31,0.08,29.93269841269841,223811.53968253967
2011-09-30,TYL,USD,860731,2011-10-27,2011-10-26 17:43:03,2011,Q3,77184000.0,41052000.0,36132000.0,0.4681281095,4196000,0.0,0.0,18755000.0,801000.0,23752000.0,64804000.0,0.0,0.0,2559000.0,12380000.0,0.160395937,12380000.0,0.160395937,-562000.0,11818000.0,0.1531146352,4312000.0,7506000.0,0.0972481343,0.24,0.23,31097000,32960000,https://www.sec.gov/Archives/edgar/data/860731/000095012311092120/0000950123-11-092120-index.htm,https://www.sec.gov/Archives/edgar/data/860731/000095012311092120/d85283e10vq.htm,2.482040068173778,0.241373765958131,0.8289545615332669,0.7803968228446474,0.1697912981959674,2.080972441071486,-1.830755378332315,2.080972441071486,1.8651316847284305,786132160.0,838852160.0,26.18345856648015,10.185169983416252,30.496243308247344,32.39377616614472,12.148166646062554,12.148166646062554,10.868213101160862,67.75865589660744,32.54139809139576,34.56618427558925,0.0095480128939134,0.0308701274859433,0.8962788972678947,0.2215973347189534,4.258481421647819,0.7089934762348555,0.0,3.4343192112976286,0.0,0.0,0.0,0.0543635986733001,0.4647545618485802,0.0585770812320583,0.0195636401326699,0.5900742477530285,0.0209369817578772,3.361781296652336,0.0611027374085907,0.0535786941531696,-4.167443804868637,-38719000.0,-56931000.0,-102691000.0,123704000.0,82971000.0,3033500.0,11229000.0,87.98507462686567,8.190587547500732,24.365682548962297,1.0229007633587786,10.988222698072803,3.693719632895448,0.1159908517740141,0.0485577386886194,2011-10-26,0.2,amc,67130434.0,2025-04-25,2011-09-30,0.15,25.1215625,236451.03125
2011-06-30,TYL,USD,860731,2011-07-28,2011-07-27 19:03:50,2011,Q2,76735000.0,42598000.0,34137000.0,0.444868704,5035000,0.0,0.0,18466000.0,803000.0,24304000.0,66902000.0,0.0,0.0,2634000.0,9833000.0,0.1281423079,9833000.0,0.1281423079,-524000.0,9309000.0,0.1213136118,3685000.0,5624000.0,0.073291197,0.18,0.17,32005000,33848000,https://www.sec.gov/Archives/edgar/data/860731/000095012311069050/0000950123-11-069050-index.htm,https://www.sec.gov/Archives/edgar/data/860731/000095012311069050/d83756e10vq.htm,2.3975941259178253,0.1757225433526011,0.0581159193875956,0.0389939072019996,0.0448992344946102,3.263552569910952,-0.5730042180909233,3.263552569910952,0.9842212154350882,857093900.0,887181900.0,38.09983552631579,11.16953020134228,460.8031720430107,686.7739583333333,8.20578171373863,8.20578171373863,11.561632892421972,90.2249466083596,476.9795161290323,710.8829326923077,0.0065617081162285,0.0014560831666168,0.3015797032072762,0.1144813449922588,3.059900335604597,0.8054963527751928,0.0,0.3307254623044097,0.0,0.0,0.0,0.0656154297256792,0.44625555143665,0.3290322580645161,0.0079755000977389,0.2323462414578587,0.0198084316152994,3.592115609758068,0.0418639115659472,0.0369113641584353,-2.991110763943134,-25918000.0,-18339000.0,-63370000.0,137382000.0,78480000.0,2388500.0,11182500.0,106.1281032123542,4.9248791023052725,23.967322409502792,0.8480317397166413,18.27456027456028,3.7551128349788434,0.0538439444710387,0.019122012185596,2011-07-27,0.18,amc,81211764.0,2025-04-25,2011-06-30,-0.0555555555555554,24.549206349206347,167800.19047619047
2011-03-31,TYL,USD,860731,2011-04-29,2011-04-29 06:02:32,2011,Q1,73393000.0,40770000.0,32623000.0,0.4444974316,4549000,0.0,0.0,17288000.0,804000.0,22641000.0,63411000.0,0.0,0.0,2585000.0,9982000.0,0.1360075212,9982000.0,0.1360075212,-500000.0,9482000.0,0.1291948823,3754000.0,5728000.0,0.0780455902,0.18,0.17,32086000,33720000,https://www.sec.gov/Archives/edgar/data/860731/000095012311041289/0000950123-11-041289-index.htm,https://www.sec.gov/Archives/edgar/data/860731/000095012311041289/d81621e10vq.htm,2.287383905753288,0.1785202268902325,0.5443807267967338,0.3011593841550832,0.0700617091566415,3.3783581624384467,-0.4842922146730661,3.3783581624384467,0.7012404163809761,760759060.0,781011060.0,33.20352042597766,10.365553390650334,43.55407683059484,78.7290758563593,7.0182019963467965,7.0182019963467965,10.64149251290995,78.24194149469044,44.71352035266503,80.82490530891027,0.00752932209575,0.0127017876067095,0.2075684053211313,0.0891431559846753,2.0288519334802646,0.706256380088932,0.0,3.0494064245810057,0.0,0.0,0.0,0.0619813878707778,0.4910282365898979,0.4467853666914753,0.106331666507705,3.018955512572534,0.0197430272641805,3.6837302395380505,0.0440763837310437,0.0445876730029735,-2.692482702736396,-33955000.0,-15539000.0,-62366000.0,131368000.0,74167000.0,2536000.0,9411000.0,81.5154033763438,5.399558498896247,24.32891832229581,1.1040858079850768,16.668029435813573,3.699301333817258,0.0528423033635306,0.2432213426416505,2011-04-28,0.17,amc,73400000.0,2025-04-25,2011-03-31,0.0,21.67096774193548,160459.59677419355
2010-12-31,TYL,USD,860731,2011-02-24,2011-02-24 09:56:00,2010,Q4,72439000.0,39823000.0,32616000.0,0.4502546971,3478000,0.0,0.0,17143000.0,806000.0,21427000.0,61250000.0,0.0,0.0,2711000.0,13900000.0,0.1918855865,11189000.0,0.1544609948,-1030000.0,10159000.0,0.1402421348,2949000.0,7210000.0,0.09953202,0.22,0.21,32086000,33720000,https://www.sec.gov/Archives/edgar/data/860731/000095012311017571/0000950123-11-017571-index.htm,https://www.sec.gov/Archives/edgar/data/860731/000095012311017571/d79879e10vk.htm,2.2576513120987345,0.2247085956491928,0.2520102225269588,0.229165368073303,0.0666645889172848,3.333915103160257,-0.5661659290656361,3.333915103160257,0.8259053792931497,666105360.0,690491360.0,23.09657975034674,9.19539695467911,82.3776106851348,90.58960424316604,6.226913210933702,6.226913210933702,9.532038818868289,49.67563741007194,85.39344051446945,93.90607371141031,0.0108241134705776,0.0110387942231841,0.2477283775193508,0.1003666222276087,1.754388489208633,0.7898097858787475,0.0,1.121497919556172,0.0,0.0,0.0,0.0480128107787241,0.4739501272573021,0.0906505070492208,0.0101188586258783,0.2703799336038362,0.0209141484559422,4.105616405487419,0.0569725647236525,0.0519100897086987,-2.793289908371252,-26200000.0,-18166000.0,-58611000.0,133789000.0,79499500.0,2247000.0,9777500.0,101.70488272891674,5.934761318835849,17.630263917836427,0.8849132665526509,15.164889565879664,5.104858351493398,0.0674008151665856,0.0228448544536558,2011-02-23,0.18,amc,62057142.0,2025-04-25,2010-12-31,0.1666666666666666,20.865625,169753.640625
2010-09-30,TYL,USD,860731,2010-10-28,2010-10-28 09:55:48,2010,Q3,73769000.0,40562000.0,33207000.0,0.4501484363,3233000,0.0,0.0,17337000.0,806000.0,21376000.0,61938000.0,0.0,0.0,2759000.0,11831000.0,0.160379021,11831000.0,0.160379021,-568000.0,11263000.0,0.1526793097,4540000.0,6723000.0,0.091135843,0.2,0.19,34103000,35410000,https://www.sec.gov/Archives/edgar/data/860731/000095012310097141/0000950123-10-097141-index.htm,https://www.sec.gov/Archives/edgar/data/860731/000095012310097141/d77146e10vq.htm,2.1631234788728264,0.1971380816936926,0.8104272351406034,0.7897838899803536,0.1891035979239363,2.9298302202152304,-0.7784359147289095,2.9298302202152304,0.4838284021933554,687516480.0,697567480.0,25.56583668005355,9.319856308205344,24.875768145307187,25.52597014925373,6.880944793626647,6.880944793626647,9.456105952364814,58.96099061786831,25.239434112453868,25.89914160540581,0.0097786746871871,0.0391757881934699,0.1651387165218783,0.0623205922344765,0.8495477981573831,0.6899799442975898,0.0,4.1109623679904805,0.0,0.0,0.0,0.043825997370169,0.4776514579241577,0.0254721759895795,0.0095433040979273,0.2551649148242116,0.0209302010329542,3.604937580497392,0.0571117968399451,0.0486127681728454,-2.7758188429170456,-43746000.0,-26547000.0,-67483000.0,118038000.0,83321000.0,2398500.0,13756000.0,94.1114831433258,4.144766037177655,26.080074946994724,0.9563126304463372,21.714132762312637,3.450910328398843,0.067286520677369,0.0206433451602498,2010-10-27,0.2,amc,77684210.0,2025-04-25,2010-09-30,-0.05,17.4790625,198909.328125
2010-06-30,TYL,USD,860731,2010-07-29,2010-07-29 09:43:26,2010,Q2,72600000.0,40125000.0,32475000.0,0.4473140496,3744000,0.0,0.0,17439000.0,807000.0,21990000.0,62115000.0,0.0,0.0,2669000.0,10485000.0,0.1444214876,10485000.0,0.1444214876,-102000.0,10383000.0,0.1430165289,4134000.0,6249000.0,0.0860743802,0.18,0.17,34862000,36203000,https://www.sec.gov/Archives/edgar/data/860731/000095012310069490/0000950123-10-069490-index.htm,https://www.sec.gov/Archives/edgar/data/860731/000095012310069490/d74690e10vq.htm,2.08249670127933,0.1792496127588778,-0.2096265274510929,-0.2456256095462107,0.0349090700476163,3.943520165222879,0.2758304170730308,3.943520165222879,0.420228328839424,541058240.0,554516240.0,21.6457929268683,7.452592837465565,-74.03643130815544,-63.18559383393671,3.935570087067843,3.935570087067843,7.637964738292011,52.88662279446829,-75.87797482211275,-64.7572392852972,0.0115495884509586,-0.0158263923676682,0.1065617294277671,0.0528882775750092,1.2835479256080111,0.8336719971597562,0.0,-1.1694671147383582,0.0,0.0,0.0,0.0515702479338842,0.4616009444077415,-0.1717296113847838,0.0172865013774104,0.4702135631322592,0.0221487603305785,3.988066625166649,0.0396216933683707,0.041901351786289,-1.8156373702025128,-22019000.0,9616000.0,-29156000.0,141539000.0,76289500.0,2998000.0,15925500.0,110.95413223140496,6.569719626168225,35.345046728971965,0.8111459951063092,13.699214749061111,2.546325675847189,0.0454542148255369,0.0359990820951178,2010-07-28,0.16,amc,68329411.0,2025-04-25,2010-06-30,0.0625,17.286349206349207,205582.2380952381
2010-03-31,TYL,USD,860731,2010-04-29,2010-04-29 09:48:07,2010,Q1,69820000.0,39801000.0,30019000.0,0.4299484388,3516000,0.0,0.0,17561000.0,806000.0,21883000.0,61684000.0,0.0,0.0,2649000.0,8136000.0,0.1165282154,8136000.0,0.1165282154,-42000.0,8094000.0,0.1159266686,3222000.0,4872000.0,0.0697794328,0.14,0.13,35101000,36655000,https://www.sec.gov/Archives/edgar/data/860731/000095012310040152/0000950123-10-040152-index.htm,https://www.sec.gov/Archives/edgar/data/860731/000095012310040152/d72493e10vq.htm,1.989117119170394,0.1387994644027235,0.1975442295091307,0.133785362240392,0.1154098173841201,3.958519700293439,0.2759180650123928,3.958519700293439,0.0,657792740.0,653741740.0,33.75373255336617,9.421265253509024,94.8648312662244,140.0751149914821,4.734092898062584,4.734092898062584,9.363244629046118,80.35173795476892,94.28060859532738,139.21246592844977,0.0074065882818956,0.0071390268004478,0.0,0.0,-0.4979105211406096,0.7869444857312723,0.0,1.4232348111658455,0.0,0.0,0.0,0.0503580635920939,0.509601624253415,0.3227574271704644,0.0320538527642509,0.8448471121177803,0.0209825264967058,3.516021803137472,0.0335414120477168,0.0391665058846228,-1.575524913820119,-22935000.0,9685000.0,-29994000.0,142518000.0,72160500.0,3437000.0,16676000.0,81.3067888857061,6.93525288309339,36.39029170121354,1.1069186378337244,12.97717639387023,2.4731870999813585,0.0350634769841955,0.0637588672687387,2010-04-28,0.14,amc,75169230.0,2025-04-25,2010-03-31,-0.0714285714285714,19.2772131147541,175760.70491803277
2009-12-31,TYL,USD,860731,2010-02-25,2010-02-25 10:06:39,2009,Q4,74217000.0,40978000.0,33239000.0,0.4478623496,3112000,0.0,0.0,18507000.0,671000.0,22290000.0,63268000.0,0.0,0.0,2432000.0,13381000.0,0.1802956196,10949000.0,0.1475268469,-27000.0,10922000.0,0.1471630489,4266000.0,6656000.0,0.0896829567,0.19,0.18,35101000,36655000,https://www.sec.gov/Archives/edgar/data/860731/000095012310016745/0000950123-10-016745-index.htm,https://www.sec.gov/Archives/edgar/data/860731/000095012310016745/d71188e10vk.htm,2.1143842055781885,0.1896242272299934,0.3330959231930714,0.2271160365801544,0.27765590723911,3.8277541950371785,0.3512435543146919,3.8277541950371785,0.0,698860910.0,689164910.0,26.249282977764423,9.41645323847636,59.7725718439959,87.66443928750627,5.201483424879799,5.201483424879799,9.285809315924922,51.50324415215604,58.94328686281218,86.44818238835926,0.0095240696750373,0.0114071339317003,0.0,0.0,-0.7246095209625588,0.8486224691109684,0.0,1.7566105769230769,0.0,0.0,0.0,0.0419310939542153,0.4508405068903092,0.3181662675333561,0.0501232871175067,1.5296052631578947,0.0187558106633251,4.041198578807596,0.0471828290041533,0.0447790313574316,-1.6239637047377569,-19566000.0,12329000.0,-26625000.0,138213000.0,83429000.0,3996500.0,12907000.0,98.52257569020574,8.36131582800527,37.90594953389624,0.9134962151517017,10.763856054636197,2.3742974679877165,0.049539290552107,0.105979886612917,2010-02-24,0.18,amc,74200000.0,2025-04-25,2009-12-31,0.0,19.03703125,220282.65625
2009-09-30,TYL,USD,860731,2009-10-29,2009-10-29 10:05:17,2009,Q3,74332000.0,41097000.0,33235000.0,0.4471156433,2973000,0.0,0.0,17114000.0,685000.0,20772000.0,61869000.0,0.0,0.0,2331000.0,12463000.0,0.1676666846,12463000.0,0.1676666846,-42000.0,12421000.0,0.167101652,4946000.0,7475000.0,0.1005623419,0.21,0.2,35118000,36487000,https://www.sec.gov/Archives/edgar/data/860731/000095012309054613/0000950123-09-054613-index.htm,https://www.sec.gov/Archives/edgar/data/860731/000095012309054613/d69768e10vq.htm,2.1166353436983885,0.2128538071644171,0.6525428555156899,0.5359644626687169,0.0539609317159291,3.5439660572925566,0.0338572811663534,3.5439660572925566,0.0598268694116977,600166620.0,600372620.0,20.07246220735786,8.074135231125222,26.189850759294817,31.88644246094995,4.822280948440024,4.822280948440024,8.07690658128397,48.172399903715,26.19884011171234,31.897387100201893,0.0124548746146528,0.0313612909694977,0.0168813325084165,0.007969532942127,0.0165289256198347,0.8055843759536161,0.0,3.065685618729097,0.0,0.0,0.0,0.039996233116289,0.4675813358924853,0.1786524698900331,0.0550772211160738,1.7563277563277564,0.0173276650702254,4.119805823641967,0.0557020107143989,0.0532555339446142,-1.9588174155703628,-25484000.0,1189000.0,-33576000.0,129745000.0,84398000.0,3403000.0,8572000.0,103.65885486735188,9.16709248850281,18.734944156507776,0.8682326282223494,9.81772575250836,4.803857393337229,0.0600609045694496,0.116578392846973,2009-10-28,0.19,amc,70585000.0,2025-04-25,2009-09-30,0.0526315789473684,15.95,232857.234375
2009-06-30,TYL,USD,860731,2009-07-29,2009-07-29 17:28:21,2009,Q2,72172000.0,40175000.0,31997000.0,0.443343679,2839000,0.0,0.0,17084000.0,677000.0,20600000.0,60775000.0,0.0,0.0,677000.0,11397000.0,0.1579144266,11397000.0,0.1579144266,-63000.0,11334000.0,0.1570415119,4461000.0,6873000.0,0.0952308374,0.19,0.19,35343000,36723000,https://www.sec.gov/Archives/edgar/data/860731/000095012309027097/0000950123-09-027097-index.htm,https://www.sec.gov/Archives/edgar/data/860731/000095012309027097/d68555e10vq.htm,2.0420451008686302,0.1944656650539003,-0.109583227230286,-0.1719718190306425,0.0975865093512152,3.472568825510002,-0.0310669722434428,3.472568825510002,0.4364372011430835,552057660.0,564058660.0,20.080665648188564,7.649194424430527,-142.54006196746707,-90.8288351431392,4.498110990703245,4.498110990703245,7.815477747602949,49.49185399666579,-145.63869351923574,-92.80333333333331,0.012449786495128,-0.0110097195282101,0.1256813681954844,0.0589266749692473,1.0529964025620775,0.8105456072696728,0.0,-0.5635093845482322,0.0,0.0,0.0,0.0393365848251399,0.4730522680562029,-0.5693261037955074,0.0305520146317131,0.917985012489592,0.0171534667183949,3.897966987701473,0.04726061672126,0.0498270949781421,-1.9495869054692585,-24810000.0,-1098000.0,-32890000.0,127473000.0,74389500.0,3032000.0,12427000.0,103.73094829019564,5.869321717485999,19.241070317361544,0.8676292030823606,15.333969465648854,4.677494469670509,0.0560005214656443,0.0623885918003565,2009-07-29,0.18,amc,68400000.0,2025-04-25,2009-06-30,0.0555555555555556,15.995079365079365,310521.0793650793
2009-03-31,TYL,USD,860731,2009-04-28,2009-04-28 10:28:02,2009,Q1,69565000.0,39273000.0,30292000.0,0.4354488608,2235000,0.0,0.0,17410000.0,672000.0,20317000.0,59590000.0,0.0,0.0,2332000.0,9975000.0,0.1433910731,9975000.0,0.1433910731,-14000.0,9961000.0,0.1431898225,3955000.0,6006000.0,0.0863365198,0.17,0.16,35497000,36747000,https://www.sec.gov/Archives/edgar/data/860731/000095013409008566/0000950134-09-008566-index.htm,https://www.sec.gov/Archives/edgar/data/860731/000095013409008566/d67392e10vq.htm,1.9597430768797364,0.1691973969631236,0.3438600445108037,0.2781361805222976,0.0651040933036594,3.2029185564977323,-0.2660506521677888,3.2029185564977323,0.2112854607431614,519321110.0,524510110.0,21.61676282051282,7.465264285200892,42.54637964935278,52.60013268510078,4.567709025982022,4.567709025982022,7.539856393301229,52.5824671679198,42.9714984433885,53.12570748506027,0.0115650989038362,0.019011358887375,0.0659665417700142,0.0311202028207351,0.5202005012531329,0.718688431130897,0.0,2.0323010323010324,0.0,0.0,0.0,0.0321282254007043,0.5109439379919586,0.1911355071276421,0.0335369798030618,1.0004288164665522,0.0162006756271113,3.491893949563301,0.0465427577009881,0.0509574675682784,-1.9062596839169508,-33554000.0,-9444000.0,-41584000.0,117458000.0,71292500.0,3030500.0,16259500.0,84.86509020340688,7.892445191352837,37.273699488198,1.060506738215745,11.403310104529616,2.414571165078389,0.0528260066494274,0.065723863988506,2009-04-27,0.12,bmo,52200000.0,2025-04-25,2009-03-31,0.3333333333333334,12.718524590163936,342434.737704918
2008-12-31,TYL,USD,860731,2009-02-26,2009-02-26 10:56:32,2008,Q4,69544000.0,40599000.0,28945000.0,0.4162113195,1801000,0.0,0.0,16768000.0,-8377000.0,10192000.0,50791000.0,0.0,0.0,3622000.0,22375000.0,0.3217387553,9708000.0,0.1395950765,137000.0,9845000.0,0.1415650523,4714000.0,5131000.0,0.0737806281,0.14,0.14,35497000,36747000,https://www.sec.gov/Archives/edgar/data/860731/000095013409003823/0000950134-09-003823-index.htm,https://www.sec.gov/Archives/edgar/data/860731/000095013409003823/d66508e10vk.htm,1.959151477589656,0.1445474265430881,0.0676958616221089,-0.0102825590895005,0.07147082852072,3.218919908724681,-0.2690368200129588,3.218919908724681,0.2253711581260388,425254060.0,431492060.0,20.719843110504776,6.114892154607155,176.9679816895547,-1165.0796164383562,3.7217452871470833,3.7217452871470833,6.204590762682618,19.284561340782123,179.5639034540158,-1182.1700273972604,0.0120657284259672,-0.0008583104415275,0.070014528014563,0.0317761686679032,0.2787932960893854,0.7509442414786551,0.0,0.468329760280647,0.0,0.0,0.0,0.0258972736684688,0.4917838743888053,1.151893466500208,0.039802139652594,0.7642186637217007,0.0,3.235575413079636,0.0388327646974361,0.0401019156069996,-1.946453221398992,-32245000.0,-9550000.0,-40275000.0,118089000.0,71709500.0,2603500.0,15434000.0,99.634907396756,5.801374418089115,36.0319219685214,0.90329787372222,15.513565150936186,2.4977851605758583,0.0449055679053403,0.0779784207116094,2009-02-25,0.16,bmo,65411764.0,2025-04-25,2008-12-31,0.0625,12.7921875,388018.296875
2008-09-30,TYL,USD,860731,2008-10-27,2008-10-27 11:46:02,2008,Q3,68638000.0,38687000.0,29951000.0,0.4363617821,1416000,0.0,0.0,15985000.0,612000.0,18013000.0,56700000.0,0.0,0.0,3068000.0,15006000.0,0.2186252513,11937000.0,0.17391241,398000.0,12335000.0,0.1797109473,5976000.0,6359000.0,0.0926454734,0.17,0.16,38474000,40019000,https://www.sec.gov/Archives/edgar/data/860731/000115752308008385/0001157523-08-008385-index.htm,https://www.sec.gov/Archives/edgar/data/860731/000115752308008385/a5808587.htm,1.7840099807662315,0.1652804491344804,0.7137287518843894,0.3537453864947757,0.6310495399490565,3.5167385767011488,0.2310131517388366,3.5167385767011488,0.0,583650580.0,559871580.0,22.94584761754993,8.503315656050583,21.254573197378004,42.88395150624541,4.313655868679926,4.313655868679926,8.156874908942568,37.30984806077569,20.38862272396213,41.13678030859662,0.010895217477553,0.0233187466377571,0.0,0.0,-1.5846328135412502,0.893313536418538,0.0,4.3182890391571,0.0,0.0,0.0,0.0206299717357731,0.4787068874111998,0.5043699927166788,0.2017832687432617,4.514341590612777,0.0,3.616363222566102,0.0426779646459767,0.0461931847073608,-1.2310781306856575,-12790000.0,8888000.0,-21679000.0,138398000.0,73034000.0,2677500.0,15202500.0,87.10481074623385,6.025279809755215,33.99746684932923,1.0332379948818304,14.937065637065636,2.647256055836869,0.046998218812591,0.3599833653896138,2008-10-27,0.13,bmo,55737500.0,2025-04-25,2008-09-30,0.2307692307692307,15.7409375,250149.34375
2008-06-30,TYL,USD,860731,2008-07-25,2008-07-25 14:03:55,2008,Q2,67569000.0,38480000.0,29089000.0,0.4305080732,2253000,0.0,0.0,15418000.0,9636000.0,27307000.0,65787000.0,0.0,0.0,2985000.0,1782000.0,0.0263730409,1782000.0,0.0263730409,244000.0,2026000.0,0.0299841643,1780000.0,246000.0,0.0036407228,0.01,0.01,38087000,39633000,https://www.sec.gov/Archives/edgar/data/860731/000115752308005896/0001157523-08-005896-index.htm,https://www.sec.gov/Archives/edgar/data/860731/000115752308005896/a5738453.htm,1.774069892614278,0.0064588967364192,0.004489720902145,-0.1010843594927403,0.8680652191036312,3.736130438207262,0.6725654422768924,3.736130438207262,0.0,516840590.0,483828590.0,525.2445020325204,7.649078571534283,3022.459590643275,-134.2443090909091,3.632100170065637,3.632100170065637,7.160511329159822,271.50874859708193,2829.406959064328,-125.66976363636364,0.0004759688088739,-0.0074491053421326,0.0,0.0,-18.52525252525253,1.1296944090454235,0.0,0.6951219512195121,0.0,0.0,0.0,0.0333436931137059,0.4349132275763359,23.514619883040936,0.0595095383977859,1.347068676716918,0.0,0.7368539988484177,0.0014294605102974,0.0016226270728071,-0.6643736708063118,15164000.0,25616000.0,6095000.0,145066000.0,69454500.0,3528500.0,15703000.0,106.0755671979754,6.466995841995842,36.93321205821206,0.8484517441422437,13.916817359855337,2.4368311063263883,0.0017287663916569,0.1055740803948853,2008-07-24,0.12,bmo,47717647.0,2025-04-25,2008-06-30,0.4166666666666668,14.644375,168104.40625
2008-03-31,TYL,USD,860731,2008-04-24,2008-04-24 13:22:50,2008,Q1,59351000.0,37548000.0,21803000.0,0.3673569106,1816000,0.0,0.0,14752000.0,567000.0,17135000.0,54683000.0,0.0,0.0,2936000.0,4668000.0,0.0786507388,4668000.0,0.0786507388,402000.0,5070000.0,0.085424003,1944000.0,3126000.0,0.0526697107,0.08,0.08,38020000,39527000,https://www.sec.gov/Archives/edgar/data/860731/000095013408007285/0000950134-08-007285-index.htm,https://www.sec.gov/Archives/edgar/data/860731/000095013408007285/d55984e10vq.htm,1.5610468174644925,0.082219884271436,0.4673329826407154,0.4438979484481851,0.9262493424513414,3.492661756970016,0.3678327196212519,3.492661756970016,0.0,531519600.0,498428600.0,42.50796545105566,8.95552897171067,29.914430436740208,31.49372518812585,4.002677892327041,4.002677892327041,8.397981499890482,106.77562125107112,28.052037370553805,29.53300942110565,0.0058812506631928,0.031752356827481,0.0,0.0,-7.088903170522708,1.0609642538150168,0.0,5.683941138835572,0.0,0.0,0.0,0.0305976310424424,0.4801251171963402,0.0501463304817649,0.0150123839530926,0.3034741144414169,0.0120638236929453,2.541897032295028,0.0202392279156323,0.0242999953358934,-0.7148934771173067,6416000.0,13985000.0,-2999000.0,135252000.0,61618000.0,3807500.0,15079000.0,89.87868780643966,10.287631831255991,37.428092042186,1.0013497325842318,8.748369058713886,2.404610951008645,0.0235407520087957,0.0234350341925302,2008-04-23,0.09,bmo,66825000.0,2025-04-25,2008-03-31,-0.111111111111111,13.737213114754098,264953.54098360654
2007-12-31,TYL,USD,860731,2008-02-28,2008-02-28 13:26:28,2007,Q4,60420000.0,35984000.0,24436000.0,0.4044356173,1177000,0.0,0.0,13276000.0,403000.0,14856000.0,50840000.0,0.0,0.0,3416000.0,12996000.0,0.2150943396,9580000.0,0.1585567693,548000.0,10128000.0,0.1676266137,3938000.0,6190000.0,0.10244952,0.16,0.16,38020000,39527000,https://www.sec.gov/Archives/edgar/data/860731/000095013408003695/0000950134-08-003695-index.htm,https://www.sec.gov/Archives/edgar/data/860731/000095013408003695/d54229e10vk.htm,1.58916359810626,0.1628090478695423,0.251788532351394,0.2225407680168332,1.3475013150973172,3.608916359810626,0.9775381378221988,3.608916359810626,0.0,490077800.0,480435800.0,19.79312600969305,8.111185038066866,51.19375326438944,57.921971398179885,3.5717092652921414,3.5717092652921414,7.951602118503807,36.967974761465065,50.186545492531074,56.78238978844108,0.0126306476237038,0.0172646057421903,0.0,0.0,-0.7419205909510619,1.3571354608900947,0.0,1.5465266558966075,0.0,0.0,0.0,0.0194803045349222,0.4142512877420209,0.1161600334273477,0.0184045018205892,0.3255269320843091,0.0,3.635958651935636,0.0403982160120777,0.0437570248050727,0.0573448185165702,34490000.0,37166000.0,26767000.0,144361000.0,60442000.0,3541000.0,13992500.0,95.28053624627606,8.311193863939527,36.37366607381058,0.944579066677089,10.828769184471865,2.474317541085058,0.0451130011442231,0.0292477643345607,2008-02-27,0.14,bmo,56373333.0,2025-04-25,2007-12-31,0.0714285714285712,14.8615625,254038.125
2007-09-30,TYL,USD,860731,2007-10-25,2007-10-25 13:02:40,2007,Q3,54932000.0,33302000.0,21630000.0,0.3937595573,639000,0.0,0.0,12691000.0,372000.0,13702000.0,47004000.0,0.0,0.0,2641000.0,7928000.0,0.1443238914,7928000.0,0.1443238914,441000.0,8369000.0,0.1523519988,3209000.0,5160000.0,0.0939343188,0.13,0.12,38688000,41395000,https://www.sec.gov/Archives/edgar/data/860731/000095013407021956/0000950134-07-021956-index.htm,https://www.sec.gov/Archives/edgar/data/860731/000095013407021956/d50703e10vq.htm,1.419871794871795,0.1333746898263027,0.4072839123242349,0.3806606699751861,1.1428091397849462,3.4526726633581477,0.806813482216708,3.4526726633581477,0.0,525769920.0,509946920.0,25.4733488372093,9.571286681715575,33.36738719299359,35.701087797922185,3.936081211585827,3.936081211585827,9.283239641738875,64.32226538849646,32.363198578409595,34.626666666666665,0.0098141787951657,0.0280103509915515,0.0,0.0,-1.995837537840565,1.337488431612262,0.0,3.053682170542636,0.0,0.0,0.0,0.0116325638971819,0.4465514984949614,0.0653677730532461,0.0187504551081336,0.3900037864445286,0.0,3.218886573772182,0.034494390162658,0.0406725153113102,-0.0524645885028949,29538000.0,31214000.0,21408000.0,141457000.0,59265000.0,3699000.0,13445000.0,93.25547950192968,10.158849318359255,36.32754789502132,0.9650907429856462,8.85927108273477,2.4774587115012645,0.0386294047627959,0.0266232423490488,2007-10-24,0.12,bmo,54900000.0,2025-04-25,2007-09-30,0.0,13.448412698412698,319275.2698412698
2007-06-30,TYL,USD,860731,2007-07-26,2007-07-26 12:52:50,2007,Q2,54112000.0,33775000.0,20337000.0,0.3758316085,1404000,0.0,0.0,12781000.0,356000.0,14541000.0,48316000.0,0.0,0.0,2605000.0,5796000.0,0.1071111768,5796000.0,0.1071111768,364000.0,6160000.0,0.1138379657,2410000.0,3750000.0,0.0693007096,0.1,0.09,38540000,41448000,https://www.sec.gov/Archives/edgar/data/860731/000095013407015913/0000950134-07-015913-index.htm,https://www.sec.gov/Archives/edgar/data/860731/000095013407015913/d48385e10vq.htm,1.4040477426050857,0.0973015049299429,0.0495329527763362,0.0252205500778412,0.7849247535028542,3.222106901920083,0.6173845355474832,3.222106901920083,0.0,478281400.0,469356400.0,31.885426666666667,8.838730780603193,250.5402828706129,492.0590534979424,3.8515171525205343,3.8515171525205343,8.673795091661738,80.97936507936508,245.86506024096383,482.8769547325103,0.0078405725165143,0.0020322763962805,0.0,0.0,-1.539855072463768,1.2617172809326815,0.0,0.5090666666666667,0.0,0.0,0.0,0.0259461856889414,0.4609937545922116,0.4908328968046097,0.0173159373151981,0.3596928982725528,0.0,2.655956821664191,0.0265949792790422,0.0319491539864024,-0.2697651790347691,22269000.0,23794000.0,13777000.0,131402000.0,54415000.0,3380000.0,13786000.0,102.47246451803666,9.696817172464842,35.834789045151744,0.8782847218840791,9.281395987908766,2.5115258774538964,0.030198099532936,0.024312402698495,2007-07-25,0.09,bmo,54100000.0,2025-04-25,2007-06-30,0.0,12.27920634920635,252194.82539682536
2007-03-31,TYL,USD,860731,2007-04-26,2007-04-26 13:26:11,2007,Q1,50332000.0,32310000.0,18022000.0,0.3580624652,1223000,0.0,0.0,12976000.0,347000.0,14546000.0,46856000.0,0.0,0.0,2549000.0,3476000.0,0.0690614321,3476000.0,0.0690614321,447000.0,3923000.0,0.0779424621,1522000.0,2401000.0,0.0477032504,0.06,0.06,38813000,42066000,https://www.sec.gov/Archives/edgar/data/860731/000095013407009135/0000950134-07-009135-index.htm,https://www.sec.gov/Archives/edgar/data/860731/000095013407009135/d45841e10vq.htm,1.296782006028908,0.0618607167701543,0.1770540798186174,0.1573184242393012,0.9245613583077836,3.2547084739649086,0.6240177260196326,3.2547084739649086,0.0,492925100.0,477814100.0,51.3249791753436,9.79347333704204,71.72949650756694,80.72798886341303,3.902039184642786,3.902039184642786,9.49324684097592,137.46090333716916,69.5305733410943,78.25320995741893,0.0048709225803271,0.0123872774991575,0.0,0.0,-4.3472382048331415,1.3050110074431285,0.0,2.8621407746772176,0.0,0.0,0.0,0.024298656918064,0.4827865015532576,0.1114668218859138,0.0152189461972502,0.3005100039231071,0.0098943018358102,2.1284074983989085,0.0157378133513125,0.0219497924780136,-0.1753214129286579,23276000.0,24220000.0,14422000.0,133887000.0,52703500.0,4092000.0,14264500.0,84.43356115393784,8.69359331476323,39.34261838440111,1.0659268514792777,10.352451137455944,2.2875955819881053,0.0190065307737977,0.0197356555793162,2007-04-25,0.08,bmo,67066666.0,2025-04-25,2007-03-31,-0.25,13.645573770491804,188638.5081967213
2006-12-31,TYL,USD,860731,2007-03-01,2007-03-01 12:58:17,2006,Q4,51155000.0,30916000.0,20239000.0,0.3956406998,0,0.0,0.0,13639000.0,345000.0,13984000.0,44900000.0,0.0,0.0,2510000.0,8765000.0,0.1713419998,6255000.0,0.1222754374,477000.0,6732000.0,0.1316000391,2555000.0,4177000.0,0.0816537973,0.11,0.1,38813000,42066000,https://www.sec.gov/Archives/edgar/data/860731/000095013407004537/0000950134-07-004537-index.htm,https://www.sec.gov/Archives/edgar/data/860731/000095013407004537/d43944e10vk.htm,1.317986241723134,0.1076185814031381,0.1060727075979697,0.0846108262695488,0.9469765284827248,3.2431144204261457,0.6828639888697086,3.2431144204261457,0.0,545710780.0,528498780.0,32.66164591812306,10.667789658879874,132.55059023560844,166.17258830694274,4.335338867924529,4.335338867924529,10.331322060404652,60.296495151169424,128.3698761233908,160.93141900121802,0.0076542376531392,0.0060178397062268,0.0,0.0,-1.963719338277239,1.3109585020837002,0.0,0.9856356236533396,0.0,0.0,0.0,0.0,0.4511204125733171,0.2023317949963565,0.0162838432215814,0.3318725099601594,0.0,2.8023090297506896,0.028729050020036,0.0345477854513874,-0.1752634426609641,26489000.0,26504000.0,17273000.0,133250000.0,51410000.0,4359000.0,13735000.0,102.3735705209657,14.738970112563074,41.934596972441454,0.8791331546023236,6.1062611100138255,2.1461992363762583,0.033183714001986,0.0214618813284208,2007-02-28,0.09,bmo,46079999.0,2025-04-25,2006-12-31,0.1111111111111112,14.00952380952381,218503.17460317464
2006-09-30,TYL,USD,860731,2006-10-26,2006-10-26 13:23:19,2006,Q3,50139000.0,29982000.0,20157000.0,0.4020223778,0,0.0,0.0,13201000.0,326000.0,13527000.0,43509000.0,0.0,0.0,2471000.0,6630000.0,0.1322323939,6630000.0,0.1322323939,306000.0,6936000.0,0.1383354275,2523000.0,4413000.0,0.0880153174,0.11,0.11,38705000,41898000,https://www.sec.gov/Archives/edgar/data/860731/000095013406019726/0000950134-06-019726-index.htm,https://www.sec.gov/Archives/edgar/data/860731/000095013406019726/d40570e10vq.htm,1.2954140291951943,0.1140162769668001,0.3115359772639194,0.2842010076217543,0.8545924299186152,3.120449554321147,0.5113809585324893,3.120449554321147,0.0,500455650.0,479403650.0,28.351215159755267,9.981364805839766,41.50403466578205,45.495968181818185,4.143633721652302,4.143633721652302,9.561492052095176,72.30824283559578,39.75813982418312,43.58215,0.0088179641892343,0.0219799696536546,0.0,0.0,-3.17526395173454,1.281321902048866,0.0,2.732381599818717,0.0,0.0,0.0,0.0,0.496352948115526,0.0877425775418809,0.0211013382795827,0.4281667341157426,0.0,2.829327820268302,0.0323400658064446,0.0430671038763321,-0.2478103604185505,20541000.0,19793000.0,10882000.0,128758000.0,48460500.0,3671000.0,13011000.0,80.11488063184348,10.971582949769862,39.21853111867121,1.1233868076716258,8.203009575923392,2.294833524684271,0.0365384137708338,0.027334969642165,2006-10-25,0.09,bmo,40990909.0,2025-04-25,2006-09-30,0.2222222222222222,12.08222222222222,224373.0158730159
2006-06-30,TYL,USD,860731,2006-07-27,2006-07-27 13:53:31,2006,Q2,49151000.0,30205000.0,18946000.0,0.3854651991,0,0.0,0.0,12993000.0,325000.0,13318000.0,43523000.0,0.0,0.0,2474000.0,5628000.0,0.1145042827,5628000.0,0.1145042827,200000.0,5828000.0,0.1185733759,2068000.0,3760000.0,0.0764989522,0.1,0.09,39026000,41946000,https://www.sec.gov/Archives/edgar/data/860731/000095013406014028/0000950134-06-014028-index.htm,https://www.sec.gov/Archives/edgar/data/860731/000095013406014028/d38097e10vq.htm,1.2594424230000512,0.0963460257264387,0.0160149643827192,-0.0218572233895351,0.5751037769692,2.955286219443448,0.345487623635525,2.955286219443448,0.0,437091200.0,425117200.0,29.06191489361702,8.89282415413725,699.34592,-512.4164126611957,3.789819045719785,3.789819045719785,8.649207544098797,75.536105188344,680.18752,-498.378898007034,0.0086023237255748,-0.001951537802637,0.0,0.0,-2.1275764036958065,1.2123442731844862,0.0,0.1662234042553191,0.0,0.0,0.0,0.0,0.5111591795355653,2.3648,0.0300705987670647,0.597413096200485,0.0,2.531092026748236,0.0289352417156932,0.0386025071096372,-0.4043650386921539,15664000.0,13483000.0,5511000.0,124462000.0,45519500.0,3205500.0,12930500.0,95.74596651136294,10.985929481873862,38.607184241019695,0.939987377842376,8.19229726064551,2.331172339276067,0.0326012502926309,0.0378721877722543,2006-07-26,0.07,bmo,38266666.0,2025-04-25,2006-06-30,0.2857142857142855,10.702857142857145,170861.90476190476
2006-03-31,TYL,USD,860731,2006-04-27,2006-04-27 16:58:43,2006,Q1,44858000.0,29396000.0,15462000.0,0.3446876811,0,0.0,0.0,11878000.0,322000.0,12200000.0,41596000.0,0.0,0.0,2647000.0,3262000.0,0.0727183557,3262000.0,0.0727183557,97000.0,3359000.0,0.0748807348,1347000.0,2012000.0,0.0448526461,0.05,0.05,39114000,41894000,https://www.sec.gov/Archives/edgar/data/860731/000095013406008146/0000950134-06-008146-index.htm,https://www.sec.gov/Archives/edgar/data/860731/000095013406008146/d35424e10vq.htm,1.1468527892826097,0.0514393823183514,0.2557651991614256,0.2313493889655877,0.7379710589558726,2.981438870992484,0.82205859794447,2.981438870992484,0.0,430254000.0,411659000.0,53.46098409542744,9.59146640510054,43.00819672131147,47.54713227980992,3.689493722988269,3.689493722988269,9.176936109501092,126.19834457388106,41.14944022391044,45.49220908387667,0.0046763074834864,0.0210317626332352,0.0,0.0,-5.700490496627836,1.2570555319019523,0.0,4.972166998011929,0.0,0.0,0.0,0.0,0.4372259637534489,0.0954618152738904,0.0212894021133354,0.3607857952398942,0.010499799366891,1.857599503050906,0.0153351556276308,0.0185071057351791,-0.3114358030372756,16905000.0,32154000.0,6108000.0,107560000.0,44197000.0,3027000.0,12470000.0,77.74532970707565,8.339910191862838,39.507415974962576,1.157625806451613,10.791483113069017,2.278053316800992,0.0172532071070865,0.0244158101958378,2006-04-26,0.05,bmo,44900000.0,2025-04-25,2006-03-31,0.0,9.672580645161291,200229.0322580645
2005-12-31,TYL,USD,860731,2006-03-02,2006-03-02 13:47:14,2005,Q4,44307000.0,28202000.0,16105000.0,0.3634865823,0,0.0,0.0,11590000.0,-279000.0,11311000.0,39513000.0,0.0,0.0,2586000.0,7380000.0,0.1665651026,4794000.0,0.1081996073,303000.0,5097000.0,0.1150382558,1976000.0,3121000.0,0.0704403367,0.08,0.074,39114000,41894000,https://www.sec.gov/Archives/edgar/data/860731/000095013406004110/0000950134-06-004110-index.htm,https://www.sec.gov/Archives/edgar/data/860731/000095013406004110/d33441e10vk.htm,1.1327657616198803,0.0797924016976018,0.1147159584803395,0.1009612926317942,0.8304699084726697,2.868461420463261,1.0106355780538938,2.868461420463261,0.0,343420920.0,322687920.0,27.50888497276513,7.750940483445054,76.53686650323155,86.9640212712079,3.0608743549292763,3.0608743549292763,7.283000880222087,43.72465040650407,71.9161845330956,81.71383134970878,0.0090879728584967,0.0114990082724139,0.0,0.0,-2.809349593495935,1.358195912614517,0.0,1.43768023069529,0.0,0.0,0.0,0.0,0.3737303085318124,0.1199019389347002,0.0121425508384679,0.2080433101314771,0.0,2.269324146767658,0.0237714637584863,0.0256302866058963,-0.1663343048524825,25414000.0,39530000.0,14124000.0,103840000.0,45672500.0,2929500.0,6018000.0,100.84095063985374,10.626905893199064,38.41004184100419,0.8924945612762871,8.46906906906907,2.343137254901961,0.0278171430608661,0.0137546658485452,2006-03-01,0.06,bmo,38485714.0,2025-04-25,2005-12-31,0.1666666666666668,8.525714285714285,94701.58730158732
2005-09-30,TYL,USD,860731,2005-10-27,2005-10-27 15:48:47,2005,Q3,42306000.0,26286000.0,16020000.0,0.3786696922,0,0.0,0.0,11445000.0,515000.0,11960000.0,38246000.0,0.0,0.0,2518000.0,4060000.0,0.0959674751,4060000.0,0.0959674751,224000.0,4284000.0,0.1012622323,1703000.0,2581000.0,0.0610078949,0.07,0.06,39104000,41771000,https://www.sec.gov/Archives/edgar/data/860731/000095013405019867/0000950134-05-019867-index.htm,https://www.sec.gov/Archives/edgar/data/860731/000095013405019867/d29675e10vq.htm,1.0818842062193126,0.0660034779050736,0.2428396072013093,0.2348864566284779,0.6839453764320785,2.7974887479541737,0.4385740589198036,2.7974887479541737,0.0,323781120.0,307711120.0,31.361983727237504,7.65331442348603,34.09657961246841,35.251074578116494,2.9597974276233394,2.9597974276233394,7.273462865787359,75.79091625615763,32.40428812131424,33.50148285247686,0.0079714345295982,0.0283679295445021,0.0,0.0,-3.958128078817734,1.2786655878089073,0.0,3.679194110809763,0.0,0.0,0.0,0.0,0.507700013209458,0.0327506318449873,0.0073512031390346,0.1235107227958697,0.0,2.038256534938358,0.0199895865815176,0.0288557213930348,-0.3650329889525368,16531000.0,17150000.0,3558000.0,114615000.0,44297000.0,2645500.0,0.0,88.71294851794072,8.658981967587309,0.0,1.0145080453706146,10.393831553973902,0.0,0.0235938314151728,0.0079531505728314,2005-10-26,0.06,bmo,42300000.0,2025-04-25,2005-09-30,0.0,7.9575,146420.3125
2005-06-30,TYL,USD,860731,2005-07-28,2005-07-28 17:13:46,2005,Q2,43185000.0,26936000.0,16249000.0,0.3762649068,0,0.0,0.0,11263000.0,515000.0,11778000.0,38714000.0,0.0,0.0,2567000.0,7038000.0,0.1629732546,3211000.0,0.0743545212,233000.0,3444000.0,0.0797499132,1423000.0,2021000.0,0.0467986569,0.05,0.05,39615000,41943000,https://www.sec.gov/Archives/edgar/data/860731/000095013405014292/0000950134-05-014292-index.htm,https://www.sec.gov/Archives/edgar/data/860731/000095013405014292/d27340e10vq.htm,1.0901173797803865,0.0510160292818376,-0.0067903571879338,-0.0134544995582481,0.5580461946232488,2.804417518616685,0.4318313770036602,2.804417518616685,0.0,299489400.0,286807400.0,37.047179614052446,6.9350329975686,-1113.3434944237918,-561.893808630394,2.695746959863903,2.695746959863903,6.641366215120991,40.75126456379653,-1066.1985130111525,-538.1001876172608,0.0067481520214071,-0.0017796957087629,0.0,0.0,-1.8019323671497585,1.2713440123064574,0.0,-0.1331024245423057,0.0,0.0,0.0,0.0,0.51115969457678,-0.9814126394052044,0.0061132337617228,0.102843786521231,0.0,1.794179628851461,0.0151871643962556,0.0224840353336448,-0.3913227312886533,16228000.0,17107000.0,3255000.0,116365000.0,42167000.0,2702000.0,0.0,97.72768322334144,9.228541728541728,0.0,0.920926364276118,9.752353367125272,0.0,0.0181913102964076,0.0066641423703142,2005-07-27,0.014,bmo,6171428.57,2025-04-25,2005-06-30,4.000000000000001,6.79171875,163528.125
2005-03-31,TYL,USD,860731,2005-04-29,2005-04-29 11:42:09,2005,Q1,40659000.0,27546000.0,13113000.0,0.322511621,0,0.0,0.0,11944000.0,515000.0,12459000.0,40005000.0,0.0,0.0,2772000.0,654000.0,0.0160849996,654000.0,0.0160849996,146000.0,800000.0,0.0196758405,330000.0,470000.0,0.0115595563,0.01,0.01,40229000,42735000,https://www.sec.gov/Archives/edgar/data/860731/000095013405008472/0000950134-05-008472-index.htm,https://www.sec.gov/Archives/edgar/data/860731/000095013405008472/d24648e10vq.htm,1.0106888065823163,0.0116831141713689,0.1857615153247657,0.1703248900047229,0.627333515623058,2.76715802033359,0.3890477019065848,2.76715802033359,0.0,306142690.0,292355690.0,162.84185638297873,7.529518433803094,40.9665047504349,44.67931844716871,2.7501139956881064,2.7501139956881064,7.190429917115522,447.0270489296637,39.12159641375619,42.66720519556334,0.0015352318227817,0.0223817201057454,0.0,0.0,-21.08103975535168,1.264155088143226,0.0,15.9,0.0,0.0,0.0,0.0,0.5347026604068857,0.0830991569650742,0.0152733712093263,0.224025974025974,0.0,0.8528792524970763,0.0030912843040235,0.0056455778308969,-0.3550237390936886,14430000.0,15651000.0,1457000.0,116585000.0,41621000.0,2766000.0,0.0,82.87685383309967,8.632106294924853,0.0,1.0859485590662643,10.426192278576837,0.0,0.0042220625224577,0.0154366253200427,2005-04-27,0.05,bmo,203500000.0,2025-04-25,2005-03-31,-0.7800000000000001,7.259836065573771,190459.0163934426
2004-12-31,TYL,USD,860731,2005-03-10,2005-03-10 12:44:16,2004,Q4,44734000.0,26670000.0,18064000.0,0.4038091832,0,0.0,0.0,12200000.0,539000.0,12739000.0,39409000.0,0.0,0.0,2799000.0,8124000.0,0.1816068315,5325000.0,0.1190369741,36000.0,5361000.0,0.1198417311,2331000.0,3030000.0,0.0677337148,0.075,0.071,40229000,42735000,https://www.sec.gov/Archives/edgar/data/860731/000095013405004575/0000950134-05-004575-index.htm,https://www.sec.gov/Archives/edgar/data/860731/000095013405004575/d23024e10vk.htm,1.1119838922170573,0.07531879987074,0.0887170946332247,0.0729821770364662,0.656367297223396,2.943150463595914,1.1053468890601308,2.943150463595914,0.0,336314440.0,323741440.0,27.74871617161716,7.518094514239728,94.23212104230876,114.54851498637602,2.840493581081081,2.840493581081081,7.2370331291635,39.85000492368292,90.70928551414964,110.26615803814714,0.0090094258218588,0.0087299254828308,0.0,0.0,-1.5476366322008863,1.3340156308150353,0.0,1.177887788778878,0.0,0.0,0.0,0.0,0.3881262238367972,0.1773606052115438,0.0141503107256225,0.2261521972132904,0.0,2.23331090917359,0.0229092206907366,0.0259965337954939,-0.2816686967113276,19745000.0,44467000.0,6772000.0,100302000.0,42429000.0,2665500.0,0.0,92.14668931908616,9.752530933633295,0.0,0.9767035654243356,9.228373702422145,0.0,0.0255912162162162,0.0157349175967585,2005-03-09,0.06,bmo,34885714.0,2025-04-25,2004-12-31,0.1666666666666668,8.51078125,162556.25
2004-09-30,TYL,USD,860731,2004-10-29,2004-10-28 20:59:15,2004,Q3,41811000.0,26515000.0,15296000.0,0.3658367415,0,0.0,0.0,11312000.0,583000.0,11895000.0,38410000.0,0.0,0.0,2819000.0,3401000.0,0.0813422305,3401000.0,0.0813422305,138000.0,3539000.0,0.0846427973,1507000.0,2032000.0,0.0485996508,0.05,0.05,41307000,44350000,https://www.sec.gov/Archives/edgar/data/860731/000095013404015936/0000950134-04-015936-index.htm,https://www.sec.gov/Archives/edgar/data/860731/000095013404015936/d19496e10vq.htm,1.0122013218098629,0.0491926307889703,0.1365386012056068,0.1241436076209843,0.7036337666739294,2.8973297504055004,1.597090081584235,2.8973297504055004,0.0,365153880.0,352447880.0,44.9254281496063,8.733440482169764,64.74359574468086,71.20785491419657,3.051085227272727,3.051085227272727,8.429549161703857,103.63066157012643,62.49075886524823,68.73008580343213,0.0055647772385713,0.0140433945272606,0.0,0.0,-3.735960011761247,1.3726764591186793,0.0,2.7755905511811023,0.0,0.0,0.0,0.0,0.2876553855382325,0.0907801418439716,0.0122455813063547,0.1816246896062433,0.0,1.7907717988135574,0.0146976867550044,0.0152777360079396,-0.210018882998039,20069000.0,65971000.0,6887000.0,80475000.0,40766500.0,3505500.0,0.0,84.07189495587285,8.28549877427871,0.0,1.0705123281358015,10.862351495288816,0.0,0.0169786096256684,0.0123949935846224,2004-10-27,0.08,bmo,66880000.0,2025-04-25,2004-09-30,-0.375,8.795625,125948.4375
2004-06-30,TYL,USD,860731,2004-07-30,2004-07-30 12:36:49,2004,Q2,44263000.0,27163000.0,17100000.0,0.3863271807,0,0.0,0.0,11412000.0,670000.0,12082000.0,39245000.0,0.0,0.0,2867000.0,5018000.0,0.1133678241,5018000.0,0.1133678241,41000.0,5059000.0,0.1142941057,2084000.0,2975000.0,0.0672118926,0.07,0.07,41420000,44803000,https://www.sec.gov/Archives/edgar/data/860731/000095013404010919/0000950134-04-010919-index.htm,https://www.sec.gov/Archives/edgar/data/860731/000095013404010919/d16991e10vq.htm,1.0686383389666827,0.071825205214872,0.1761467889908257,0.1576774505070014,0.6691694833413809,2.9041767262192177,1.5851521004345728,2.9033075808788027,0.0,391833200.00000006,373852200.00000006,32.92715966386555,8.852386869394303,53.70520833333334,59.9958964936457,3.2583526672487637,3.2583526672487637,8.44615593159072,74.50223196492628,51.24070723684211,57.24271933853928,0.0075925164074917,0.0166678066075054,0.0,0.0,-3.5833001195695497,1.357948608971294,0.0,2.452436974789916,0.0,0.0,0.0,0.0,0.287635172842236,0.1048519736842105,0.0172830580846305,0.266829438437391,0.0,2.166088620755521,0.0221085126119478,0.0219868743902799,-0.2432882665379044,20213000.0,65657000.0,7031000.0,81222000.0,39601500.0,3603500.0,0.0,86.36649120032533,15.14192099547178,0.0,1.0420708164610604,5.943763676148796,0.0,0.0247390960874807,0.0184693384838242,2004-07-28,0.06,bmo,37971428.0,2025-04-25,2004-06-30,0.1666666666666668,9.24741935483871,163827.4193548387
2004-03-31,TYL,USD,860731,2004-04-29,2004-04-29 17:27:28,2004,Q1,41462000.0,26637000.0,14825000.0,0.3575563166,0,0.0,0.0,10527000.0,922000.0,11449000.0,38086000.0,0.0,0.0,2901000.0,3376000.0,0.0814239545,3376000.0,0.0814239545,102000.0,3478000.0,0.0838840384,1387000.0,2091000.0,0.0504317206,0.05,0.05,41468000,45062000,https://www.sec.gov/Archives/edgar/data/860731/000095013404006271/0000950134-04-006271-index.htm,https://www.sec.gov/Archives/edgar/data/860731/000095013404006271/d14855e10vq.htm,0.9998553101186456,0.0504244236519726,0.1363460981961994,0.1277370502556188,0.585656409761744,2.87153950033761,1.5537281759428958,2.871443040416707,0.0,402654280.00000006,390115280.00000006,48.14135341941655,9.711405142057789,71.21582596391936,76.01553332074761,3.3815750002099554,3.3815750002099554,9.408983647677394,115.55547393364932,68.99810399717016,73.64834434585616,0.0051930405408828,0.0131552059995487,0.0,0.0,-3.714158767772512,1.363940678825749,0.0,2.703969392635103,0.0,0.0,0.0,0.0,0.3010024786560176,0.0631411390166254,0.0086102937629636,0.1230610134436401,0.0,1.8049361091617089,0.0153462284287793,0.016477151840382,-0.2566255908170155,17939000.0,64430000.0,4757000.0,78824000.0,39622000.0,2507500.0,0.0,79.72191404177319,8.909787138191238,0.0,1.1289242246848368,10.101251422070536,0.0,0.0175606560681262,0.0086090479405806,2004-04-28,0.05,bmo,41500000.0,2025-04-25,2004-03-31,0.0,9.677096774193547,212617.74193548388
2003-12-31,TYL,USD,860731,2004-02-27,2004-02-26 21:32:30,2003,Q4,39120000.0,23264000.0,15856000.0,0.4053169734,0,0.0,0.0,9550000.0,741000.0,10291000.0,33555000.0,0.0,0.0,2367000.0,7932000.0,0.2027607362,5565000.0,0.1422546012,52000.0,5617000.0,0.1435838446,2149000.0,3892000.0,0.0994887526,0.094,0.086,41468000,45062000,https://www.sec.gov/Archives/edgar/data/860731/000095013404002615/0000950134-04-002615-index.htm,https://www.sec.gov/Archives/edgar/data/860731/000095013404002615/d12912e10vk.htm,0.9433780264300184,0.0938555030384875,0.0701263624963827,0.0554403395389215,0.5290103212115366,2.843686698176908,1.5075238738304235,2.8433249734735218,0.0,399336840.00000006,389068840.00000006,25.651133093525186,10.20799693251534,137.32353507565338,173.7002348847325,3.386879829017785,3.386879829017785,9.945522494887529,49.05053454362079,133.79258596973867,169.23394519356245,0.0097461581556061,0.0057570446042493,0.0,0.0,-1.2945032778618255,1.292738719011496,0.0,0.7471736896197327,0.0,0.0,0.0,0.0,0.3040186115927397,0.2094222833562586,0.0155674846625766,0.2572877059569075,0.0,2.450385307041152,0.0262073972240464,0.0306833590867522,-0.2533338960162052,14973000.0,62514000.0,1791000.0,76886000.0,36259500.0,2267500.0,0.0,97.81518404907976,9.199621733149932,0.0,0.9201025472164076,9.78301093355761,0.0,0.0330090664676397,0.0146860229574611,2004-02-25,0.07,bmo,33531428.0,2025-04-25,2003-12-31,0.1428571428571427,8.23203125,202650.671875
2003-09-30,TYL,USD,860731,2003-10-30,2003-10-30 17:11:05,2003,Q3,37874000.0,22404000.0,15470000.0,0.4084596293,0,0.0,0.0,9678000.0,680000.0,10358000.0,32762000.0,0.0,0.0,2748000.0,7860000.0,0.2075302318,5112000.0,0.1349738607,141000.0,5253000.0,0.1386967313,2020000.0,3233000.0,0.0853619898,0.08,0.07,40464000,43181000,https://www.sec.gov/Archives/edgar/data/860731/000095013403014220/0000950134-03-014220-index.htm,https://www.sec.gov/Archives/edgar/data/860731/000095013403014220/d10005e10vq.txt,0.9359924871490708,0.0798981810992487,0.3429221035982602,0.3326907868722815,0.9702945828390668,2.729290233293792,1.5851126927639383,2.729290233293792,0.0,286485120.0,271924120.0,22.153195174760285,7.564163278238369,20.64608820985875,21.281022136383896,2.5940810228363427,2.5940810228363427,7.179704282621324,34.595944020356235,19.5967223983857,20.199384935373644,0.0112850538275775,0.046990224134503,0.0,0.0,-1.8525445292620863,1.50462466352284,0.0,4.291988864831426,0.0,0.0,0.0,0.0,0.2818494505828995,0.0298356875180167,0.0109309816760838,0.1506550218340611,0.0,2.21505526341278,0.0273927391295164,0.0274059694660371,0.1961373072360616,24933000.0,64140000.0,20515000.0,77457000.0,32797500.0,2254500.0,0.0,71.2937635317104,8.664970540974826,0.0,1.2623825078328113,10.386648122392211,0.0,0.0292743439758054,0.0102313167259786,2003-10-29,0.06,bmo,31561666.0,2025-04-25,2003-09-30,0.1666666666666668,5.82484375,249409.375
2003-06-30,TYL,USD,860731,2003-07-31,2003-07-31 17:09:02,2003,Q2,36135000.0,22272000.0,13863000.0,0.3836446658,0,0.0,0.0,10061000.0,725000.0,10786000.0,33058000.0,0.0,0.0,2127000.0,5204000.0,0.1440154974,3077000.0,0.0851528989,137000.0,3214000.0,0.0889442369,1233000.0,1981000.0,0.0548221945,0.05,0.04,42881000,44796000,https://www.sec.gov/Archives/edgar/data/860731/000095013403010782/0000950134-03-010782-index.htm,https://www.sec.gov/Archives/edgar/data/860731/000095013403010782/d07837e10vq.txt,0.842680907628087,0.0461976166600592,0.1316667055339194,0.1210792658753294,0.6424523681817121,2.494321494368135,1.083300296168466,2.494321494368135,0.0,182244250.0,166808250.0,22.999021958606765,5.043427424934274,32.278471484236626,35.10097265023113,1.703870174552866,1.703870174552866,4.616251556662515,32.053852805534206,29.544500531349627,32.12793721109399,0.0108700274494257,0.0284892390294892,0.0,0.0,-2.9661798616448887,1.4404709345106697,0.0,2.85007571933367,0.0,0.0,0.0,0.0,0.3806797448125731,0.0804109103790294,0.0125639961256399,0.2134461683121767,0.0,1.6101904965049063,0.0170282721909445,0.0201247511073184,0.0527214850399944,20951000.0,46453000.0,16533000.0,87875000.0,34557500.0,2101500.0,0.0,88.65006226650063,9.504310344827587,0.0,1.015227713314416,9.46938775510204,0.0,0.0185211155676474,0.01058743965859,2003-07-31,0.036,bmo,36135000.0,2025-04-25,2003-06-30,0.1111111111111112,4.116031746031746,127496.8253968254
2003-03-31,TYL,USD,860731,2003-05-02,2003-05-02 15:20:40,2003,Q1,32325000.0,20681000.0,11644000.0,0.3602165507,0,0.0,0.0,9101000.0,785000.0,9886000.0,30567000.0,0.0,0.0,2154000.0,3912000.0,0.1210208817,1758000.0,0.0543851508,23242000.0,25000000.0,0.7733952049,7704000.0,17296000.0,0.5350657386,0.38,0.36,45951000,47738000,https://www.sec.gov/Archives/edgar/data/860731/000095013403007051/0000950134-03-007051-index.htm,https://www.sec.gov/Archives/edgar/data/860731/000095013403007051/d05253e10vq.txt,0.7034667363060652,0.3764009488368044,0.0022850427629431,-0.0046571347739983,0.980283345302605,2.726491262431721,1.4048878152814954,2.726491262431721,0.0,162207030.0,132163030.0,2.344574323543016,5.018005568445476,1544.828857142857,-757.9767757009346,1.294704314163707,1.294704314163707,4.088570146945089,33.78400562372188,1258.6955238095238,-617.5842523364486,0.1066291639764318,-0.0013193016356935,0.0,0.0,-7.679959100204499,1.9047760105728475,0.0,0.0060707678075855,0.0,0.0,0.0,0.0,0.3498435960803968,3.038095238095238,0.0098685228151585,0.1480965645311049,0.0,4.805279670209375,0.0093772288998712,0.1532518164097111,0.4762137929533633,39707000.0,64556000.0,35289000.0,107031000.0,33516000.0,2120500.0,0.0,93.33271461716936,8.055219766935835,0.0,0.9642921066762128,11.172879524581308,0.0,0.1380532386159556,0.0069421775369415,2003-05-01,0.028,bmo,43100000.0,2025-04-25,2003-03-31,-0.2857142857142857,3.805081967213115,79575.40983606558
2002-12-31,TYL,USD,860731,2003-02-28,2003-02-28 14:56:36,2002,Q4,37232000.0,23004000.0,14228000.0,0.3821443919,0,0.0,0.0,8592000.0,832000.0,9424000.0,32428000.0,0.0,0.0,2167000.0,6971000.0,0.1872314138,4804000.0,0.1290287924,-718000.0,4086000.0,0.109744306,1505000.0,4398000.0,0.1181241942,0.096,0.092,45951000,47738000,https://www.sec.gov/Archives/edgar/data/860731/000095013403003229/0000950134-03-003229-index.htm,https://www.sec.gov/Archives/edgar/data/860731/000095013403003229/d03636e10vk.txt,0.8102544014276076,0.0957106482992753,0.1197362407782202,-0.0478553241496376,0.2991012165132423,2.5822288959979107,1.2557506909534069,2.5822288959979107,0.0554938956714761,191615670.0,180421670.0,10.892204979536151,5.146531746884401,34.82654852780807,-87.13763983628922,1.6148839502427186,1.6148839502427186,4.845876396648045,25.881748673074163,32.79201563067975,-82.04714415643474,0.0229521938367566,-0.0114760969183783,0.0214906957928802,0.0150136889516912,-1.6057954382441544,1.3041316561427931,0.0,1.2510231923601638,0.0,0.0,0.0,0.0,0.358874267714681,1.3996728462377317,0.2068382036957456,3.5537609598523305,0.0,2.358135500367684,0.0234112161325611,0.0403886419571685,-0.2679484668451176,12234000.0,57703000.0,1271000.0,80006000.0,33026500.0,2359000.0,0.0,81.00290073055436,9.35054773082942,0.0,1.1110713219934347,9.62510460251046,0.0,0.0370651294498381,0.1675915649278579,2003-02-27,0.05,bmo,37232000.0,2025-04-25,2002-12-31,0.0,4.23296875,57726.5625
2002-09-30,TYL,USD,860731,2002-10-31,2002-10-31 15:36:56,2002,Q3,34693000.0,22381000.0,12312000.0,0.3548842706,0,0.0,0.0,8546000.0,832000.0,9378000.0,31759000.0,0.0,0.0,2137000.0,5071000.0,0.1461678148,2934000.0,0.0845703744,-12000.0,2922000.0,0.0842244833,1183000.0,1739000.0,0.0501253855,0.04,0.04,47173000,49372000,https://www.sec.gov/Archives/edgar/data/860731/000095013402013179/0000950134-02-013179-index.htm,https://www.sec.gov/Archives/edgar/data/860731/000095013402013179/d00762e10vq.txt,0.7354418841286329,0.036864307972781,0.1578869268437453,0.1463337078413499,0.2233057045343734,2.3255887901977825,0.5715557628304326,2.3255887901977825,0.0543955228626544,207561200.00000003,199593200.00000003,29.839160437032778,5.982797682529617,27.86804511278196,30.06826017673476,1.8919939838658224,1.8919939838658224,5.753125990833887,39.35973180832183,26.79822771213749,28.91397942923367,0.0083782518119956,0.033257660873034,0.0233900004557677,0.0162658316112428,-1.5712877144547426,1.1635238656452562,0.0,4.282921219091432,0.0,0.0,0.0,0.0,0.5245065101360346,0.0731740064446831,0.0157092208802928,0.2550304164716893,0.0,1.3888673374544138,0.0149209721239573,0.0231832664542533,-0.2778655162910987,6660000.0,26962000.0,-661000.0,96337000.0,33864000.0,2144000.0,0.0,84.42250598103364,9.361511996782983,0.0,1.066066435178072,9.613831615120274,0.0,0.0158516020236087,0.0115532190023954,2002-10-31,0.03667,bmo,34693000.0,2025-04-25,2002-09-30,0.0908099263703299,4.3234375,94150.0
2002-06-30,TYL,USD,860731,2002-08-05,2002-08-05 11:29:08,2002,Q2,33316000.0,21608000.0,11708000.0,0.3514227398,0,0.0,0.0,8756000.0,831000.0,9587000.0,31195000.0,0.0,0.0,2126000.0,4247000.0,0.1274762877,2121000.0,0.0636631048,-5000.0,2116000.0,0.0635130268,826000.0,1290000.0,0.0387201345,0.03,0.03,47647000,50405000,https://www.sec.gov/Archives/edgar/data/860731/000095013402008993/0000950134-02-008993-index.htm,https://www.sec.gov/Archives/edgar/data/860731/000095013402008993/d98607e10vq.txt,0.6992255545994501,0.0270741074988981,0.0986840724494721,0.081747014502487,0.2117447058576615,2.435242512645077,0.706823094843327,2.435242512645077,0.0625432870904778,236329120.0,229220120.0,45.80021705426356,7.093562252371233,50.26140365801786,60.67499871630295,2.036758135686707,2.036758135686707,6.880181294273022,53.97224393689663,48.74949383241174,58.84983825417201,0.0054584894151004,0.0164812529238885,0.0256825703254274,0.0178184905705504,-1.673887449964681,1.230771090161953,0.0,3.6449612403100775,0.0,0.0,0.0,0.0,0.4924241518278901,0.1716290940025521,0.0242225957497898,0.3795860771401693,0.0,1.2179779946279374,0.0102632647883829,0.0151964942041277,-0.3091957520935211,9547000.0,33678000.0,-293000.0,98887000.0,33482000.0,2176500.0,0.0,95.04892544122944,8.163643095149945,0.0,0.9468807730567004,11.024489795918369,0.0,0.0111176227247655,0.0169370579469851,2002-08-02,0.03,bmo,33316000.0,2025-04-25,2002-06-30,0.0,5.3346875,143564.0625
2002-03-31,TYL,USD,860731,2002-05-08,2002-05-08 17:12:01,2002,Q1,28656000.0,18922000.0,9734000.0,0.3396845338,0,0.0,0.0,8020000.0,834000.0,8854000.0,27776000.0,0.0,0.0,2092000.0,2972000.0,0.1037130095,880000.0,0.0307091011,37000.0,917000.0,0.0320002792,355000.0,562000.0,0.0196119486,0.01,0.01,47386000,49725000,https://www.sec.gov/Archives/edgar/data/860731/000095013402004838/0000950134-02-004838-index.htm,https://www.sec.gov/Archives/edgar/data/860731/000095013402004838/d96619e10-q.txt,0.6047355759084961,0.01186004305069,0.0462794918330308,0.0322458109990292,0.1517114759633647,2.4180348626176507,0.69039378719453,2.4180348626176507,0.0632465285105305,258253700.0,254061700.0,114.88153914590748,9.012203378001116,117.76274509803922,169.01420157068063,2.253896370253358,2.253896370253358,8.865916387493021,85.48509421265142,115.85120839033289,166.27074607329843,0.0021761546882,0.0059166625686292,0.0261561689983505,0.0186050842722786,-1.4104979811574698,1.2057987648248347,0.0,3.902135231316726,0.0,0.0,0.0,0.0,0.5082161591706242,0.3032375740994072,0.0232063093243997,0.3178776290630975,0.0,0.8032776265377265,0.0043286505146688,0.0070942576907055,-0.326694593339805,7531000.0,32715000.0,-2379000.0,96436000.0,33695500.0,2214500.0,0.0,99.80841708542714,11.381989218898635,0.0,0.9017275559331634,7.9072294191391554,0.0,0.0049048271528438,0.0140336808340016,2002-05-08,0.01413,bmo,28656000.0,2025-04-25,2002-03-31,-0.2002830856334041,4.436166666666667,128891.66666666669
2001-12-31,TYL,USD,860731,2002-03-06,2002-03-06 00:00:00,2001,Q4,31204000.0,19858000.0,11346000.0,0.3636072298,0,0.0,0.0,8195000.0,1486000.0,9681000.0,29539000.0,0.0,0.0,2904000.0,4569000.0,0.1464235354,1430000.0,0.045827458,-120000.0,1310000.0,0.0419817972,1147000.0,198000.0,0.0063453403,0.0042,0.004,47386000,49725000,https://www.sec.gov/Archives/edgar/data/860731/000095013402001831/0000950134-02-001831-index.htm,https://www.sec.gov/Archives/edgar/data/860731/000095013402001831/d94660e10-k405.txt,0.6585067319461444,0.004178449331026,0.1389017853374414,0.0928122230194572,0.1112353859789811,2.128983243996117,0.3940615371628751,2.128983243996117,0.064006246570717,215606300.0,213368300.0,272.2301767676768,6.90957249070632,32.75695837131571,49.0237153251478,2.137170413544269,2.137170413544269,6.8378509165491606,46.69912453490917,32.41694013977514,48.514847658026376,0.0009183405123134,0.020398290773507,0.0300642321874628,0.0206074194863432,-0.489822718319107,1.1436537640350657,0.0,33.24242424242424,0.0,0.0,0.0,0.0,0.5585745345835031,0.3318140382862352,0.069991026791437,0.7520661157024794,0.0,0.4473886383916422,0.0016521472066067,0.0030476073204143,-0.3021145486008526,5719000.0,18673000.0,-766000.0,94897000.0,34939000.0,2080500.0,0.0,102.71375464684014,9.22751535904925,0.0,0.8762214983713354,9.75343811394892,0.0,0.0019626501724753,0.0460895623179842,2002-03-06,,bmo,,2025-04-25,2001-12-31,,3.46515625,78982.8125
2001-09-30,TYL,USD,860731,2001-11-08,2001-11-08 00:00:00,2001,Q3,28435000.0,18515000.0,9920000.0,0.3488658344,0,0.0,0.0,7508000.0,1721000.0,9229000.0,27744000.0,0.0,0.0,2811000.0,3502000.0,0.1231580798,691000.0,0.0243010375,-77000.0,614000.0,0.0215931071,363000.0,228000.0,0.0080182873,0.0048,0.0047,47171000,48396000,https://www.sec.gov/Archives/edgar/data/860731/000095013401508012/0000950134-01-508012-index.htm,https://www.sec.gov/Archives/edgar/data/860731/000095013401508012/d91912e10-q.txt,0.6028068092684065,0.0048334781963494,0.1650378410464056,0.1508977973755061,0.0856882406563354,2.112251171270484,0.3501939751118272,2.112251171270484,0.065591147103093,131135380.0,130187380.0,143.7887938596491,4.61175945138034,16.844621708413616,18.42306546782804,1.3161313568252755,1.3161313568252755,4.578420256725866,37.17515134209023,16.7228490687219,18.28988198932284,0.0017386612217084,0.0542797832285993,0.0310527213786043,0.021672433840938,-0.2707024557395774,1.188145837395204,0.0,34.14473684210526,0.0,0.0,0.0,0.0,0.582213754360404,0.0856775850995504,0.023457007209425,0.2372821060120953,0.0,0.4792850921788233,0.0026388640169748,0.003822681242036,-0.2837230501791354,6755000.0,16519000.0,-467000.0,96889000.0,36285000.0,2062000.0,2117000.0,108.45577633198523,10.3294625978936,0.0,0.8298313196754801,8.712941176470588,0.0,0.0022883065527866,0.0141400436708994,2001-11-08,,amc,,2025-04-25,2001-09-30,,2.894915254237288,73720.33898305085
2001-06-30,TYL,USD,860731,2001-08-09,2001-08-09 00:00:00,2001,Q2,30977000.0,20845000.0,10132000.0,0.327081383,0,0.0,0.0,7782000.0,1719000.0,9501000.0,30346000.0,0.0,0.0,2679000.0,3310000.0,0.1068534719,866000.0,0.0279562256,-121000.0,745000.0,0.0240501017,373000.0,371000.0,0.0119766278,0.01,0.0078,47149000,47425000,https://www.sec.gov/Archives/edgar/data/860731/000095013401504870/0000950134-01-504870-index.htm,https://www.sec.gov/Archives/edgar/data/860731/000095013401504870/d89624e10-q.txt,0.6570022694012598,0.0078686716579354,-0.0329169229464039,-0.0526628348427326,0.0126407771108613,2.224967655729708,0.4464993955333093,2.224967655729708,0.1735773823410888,113157600.0,120745600.0,76.25175202156333,3.6529554185363335,-72.91082474226803,-45.572935964559,1.0786673657118346,1.0786673657118346,3.897911353584918,36.4790332326284,-77.8,-48.62891663310511,0.0032786131908064,-0.0219428478511385,0.0780134407320909,0.0539827445186142,2.2924471299093656,1.2685556524266202,0.0,-4.183288409703504,0.0,0.0,0.0,0.0,0.5531054589588665,-0.5998711340206185,0.0300545566065145,0.3475177304964539,0.0,0.6276301844879904,0.0036821655365161,0.0054759339345544,-0.323612377781077,9241000.0,21052000.0,-3048000.0,99719000.0,35110500.0,2570000.0,4122000.0,111.2877296058366,8.630846725833532,18.280642840009595,0.8087144945697577,10.427713856928465,4.923240434577232,0.0035365330537152,0.0197459118963286,2001-11-08,0.01,bmo,28400000.0,2025-04-25,2001-06-30,-0.2179999999999999,2.071746031746032,61033.333333333336
2001-03-31,TYL,USD,860731,2001-05-10,2001-05-10 00:00:00,2001,Q1,27272000.0,16135000.0,11137000.0,0.4083675565,0,0.0,0.0,7580000.0,1737000.0,9317000.0,25452000.0,0.0,0.0,2516000.0,6073000.0,0.2226826049,-696000.0,-0.0255206806,-161000.0,-857000.0,-0.0314241713,-343000.0,-528000.0,-0.0193605163,-0.0112,-0.0112,47179000,47179000,https://www.sec.gov/Archives/edgar/data/860731/000095013401501404/0000950134-01-501404-index.htm,https://www.sec.gov/Archives/edgar/data/860731/000095013401501404/d86965e10-q.txt,0.5780537951207105,-0.0111914199114012,-0.0015049068441467,-0.0157485321859301,0.0109582653299137,2.108098942326035,0.3175565399860107,2.108098942326035,0.0778524343457894,89640100.0,92796100.0,-42.44322916666666,3.286891317101789,-1262.5366197183098,-120.64616419919248,0.9012859699571678,0.9012859699571678,3.402614403050748,15.280108677753994,-1306.987323943662,-124.89380888290714,-0.0058902210060006,-0.0082887011504895,0.0369301614751955,0.0252938786472285,0.5196772600032933,0.9968969239071775,0.0,0.1344696969696969,0.0,0.0,0.0,0.0,0.5817385495788945,-9.464788732394366,0.0246406570841889,0.2670906200317965,0.0,,-0.0038487698038799,-0.0086932183018588,-0.4089796307679264,-115000.0,14982000.0,-8810000.0,90646000.0,34419500.0,3720000.0,2005000.0,105.32890877090055,17.520297489928726,22.36752401611404,0.8544662718927217,5.136899076727157,4.023690773067331,-0.0053087735526553,0.0142436253417834,2001-05-10,,amc,,2025-04-25,2001-03-31,,1.591088709677419,44941.93548387097
2000-12-31,TYL,USD,860731,2001-03-21,2001-03-21 00:00:00,2000,Q4,-5808000.0,2360000.0,-8168000.0,1.4063360882,0,0.0,0.0,-2139000.0,-3989000.0,-6128000.0,-3768000.0,0.0,0.0,-3989000.0,-6029000.0,1.0380509642,-2040000.0,0.3512396694,3571000.0,1531000.0,-0.2636019284,-649000.0,-14341000.0,2.4691804408,-0.32,-0.3,44953000,47179000,https://www.sec.gov/Archives/edgar/data/860731/000095013401002412/0000950134-01-002412-index.htm,https://www.sec.gov/Archives/edgar/data/860731/000095013401002412/d84862e10-k405.txt,-0.1292016105710408,-0.319022089738171,-0.048606322158699,-0.0944097168153404,0.1986519253442484,2.13827775676818,0.2540876026071675,2.13827775676818,0.1801881965608524,75858187.5,75028187.5,-1.3224005909629732,-13.060982696280991,-34.71770594965675,-17.874219486333647,0.7891865285782651,0.7891865285782651,-12.918076360192838,-12.444549261900812,-34.33784324942792,-17.67864926955702,-0.1890501272522494,-0.055946498853535,0.0842679095316368,0.0530431024321244,0.1376679382982252,1.1495950342663313,0.0,0.1523603653859563,0.0,0.0,0.0,0.0,0.5546605896297461,-0.94233409610984,-0.3545110192837465,-0.5161694660315869,0.0,,-0.0263091607152336,-0.2108784519013028,-0.4440749226970391,6483000.0,11422000.0,-6764000.0,97358000.0,40202500.0,4148500.0,0.0,-572.1384297520661,163.9449152542373,0.0,-0.1573045880504848,0.5489648755524541,0.0,-0.149195813653482,0.0458033946566413,2001-03-21,,amc,,2025-04-25,2000-12-31,,1.8561507936507935,80339.68253968254
2000-09-30,TYL,USD,860731,2000-11-14,2000-11-14 00:00:00,2000,Q3,34376000.0,17520000.0,16856000.0,0.4903420991,0,0.0,0.0,11295000.0,4902000.0,16197000.0,33717000.0,0.0,0.0,4902000.0,5561000.0,0.1617698394,659000.0,0.0191703514,-3295000.0,-2636000.0,-0.0766814056,-160000.0,-2558000.0,-0.0744123807,-0.0548,-0.0548,46654000,46654000,https://www.sec.gov/Archives/edgar/data/860731/000095013400009754/0000950134-00-009754-index.htm,https://www.sec.gov/Archives/edgar/data/860731/000095013400009754/d81555e10-q.txt,0.7368285677541047,-0.054829167917006,0.0136965747845843,0.0008788099627041,0.0118960860805075,2.3985510352810047,-1.0384961632443093,2.3985510352810047,1.4988639773652848,93308000.0,162681000.0,-9.119233776387803,2.714335582964859,146.02190923317684,2275.8048780487807,0.8338367500134046,0.8338367500134046,4.732400511985106,29.253911167056284,254.5868544600939,3967.829268292683,-0.027414583958503,0.000439404981352,0.6249039337992172,0.2965186787092397,12.474914583707966,0.8359957220703821,0.0,-0.2498045347928068,0.0,0.0,0.0,0.0,0.679947419751516,0.9358372456964006,0.0173958575750523,0.1219910240718074,0.0,,0.003102166003468,-0.0338906701290442,-1.9454012517683368,-9661000.0,-48450000.0,-74682000.0,163941000.0,43161500.0,3824500.0,0.0,113.84308820107051,20.537671232876715,0.0,0.790561828760665,4.382191095547774,0.0,-0.0228592875909277,0.0128177648218802,2000-11-14,,amc,,2025-04-25,2000-09-30,,2.321428571428572,73542.85714285714
2000-06-30,TYL,USD,860731,2000-08-16,2000-08-16 00:00:00,2000,Q2,32139000.0,17163000.0,14976000.0,0.4659759171,0,0.0,0.0,12655000.0,4576000.0,17231000.0,34394000.0,0.0,0.0,4576000.0,2321000.0,0.072217555,-2255000.0,-0.0701639752,-2110000.0,-4365000.0,-0.135816298,-454000.0,-3979000.0,-0.1238059678,-0.0886,-0.0886,44894000,44894000,https://www.sec.gov/Archives/edgar/data/860731/000095013400007182/0000950134-00-007182-index.htm,https://www.sec.gov/Archives/edgar/data/860731/000095013400007182/e10-q.txt,0.7158863099746069,-0.0886309974606851,-0.1089900654875929,-0.1320889205684501,0.0417204971711141,2.549561188577538,-1.1912950505635498,2.549561188577538,1.842473381743663,115040875.0,195883875.0,-7.228001696406132,3.579478981922275,-23.511317187819333,-19.39981028667791,1.0050749170015727,1.0050749170015727,6.094896387566508,84.39632701421802,-40.03349172286941,-33.032693929173696,-0.034587706326121,-0.0515468958315902,0.7226629390179976,0.3263834085671896,34.831107281344245,0.724328954882924,0.0,1.2297059562704198,0.0,0.0,0.0,0.0,0.6626708545092964,-0.2119354179440016,0.0322660941535206,0.2266171328671328,0.0,,-0.009382081213748,-0.0465434553748976,-2.338152091593531,-19308000.0,-53482000.0,-88240000.0,169775000.0,39950500.0,3816000.0,0.0,119.9663959675161,19.145254326166757,0.0,0.7502100840336134,4.700903861955629,0.0,-0.0347632360650008,0.0230988550808571,2000-08-16,,amc,,2025-04-25,2000-06-30,,4.624007936507937,86973.01587301587
2000-03-31,TYL,USD,860731,2000-05-15,2000-05-15 00:00:00,2000,Q1,32491000.0,17799000.0,14692000.0,0.4521867594,0,0.0,0.0,12292000.0,4197000.0,16489000.0,34288000.0,0.0,0.0,4197000.0,3574000.0,0.1099996922,-1797000.0,-0.0553076236,-1482000.0,-4847000.0,-0.1491797729,-1547000.0,-3719000.0,-0.1144624665,-0.0859,-0.0859,43291000,43291000,https://www.sec.gov/Archives/edgar/data/860731/000095013400004538/0000950134-00-004538-index.html,https://www.sec.gov/Archives/edgar/data/860731/000095013400004538/,0.7505255133861541,-0.0859070014552678,6.929846850384607e-05,-0.026541313436973,0.0415790811023076,2.761728765794276,-1.1223348963987896,2.761728765794276,1.8954517105171973,254334625.0,334590625.0,-17.096976673837055,7.827848481117848,84778.20833333333,-221.35302436901657,2.1272907291858347,2.1272907291858347,10.29794789326275,93.61797006155568,111530.20833333331,-291.20158833768494,-0.0146224683328115,-0.0045176703722507,0.6863279747068368,0.3152289997157192,22.45551203133744,1.0364617757215246,0.0,-0.0008066684592632,0.0,0.0,0.0,0.0,0.6459513034659209,384.0,0.0354559724231325,0.2744817726947819,0.0,,-0.0055555405609495,-0.0403532947776174,-2.5675602319188746,1655000.0,-48587000.0,-93703000.0,191380000.0,39958500.0,3920500.0,0.0,102.65889015419654,20.12978257205461,0.0,0.8766897817112328,4.470987189148455,0.0,-0.0311062413222034,0.0266106119054768,2000-05-15,,amc,,2025-04-25,2000-03-31,,5.258928571428571,73438.09523809524
1999-12-31,TYL,USD,860731,2000-04-07,2000-04-07 00:00:00,1999,Q4,29801000.0,16867000.0,12934000.0,0.4340122815,0,0.0,0.0,13009000.0,3661000.0,16670000.0,33537000.0,0.0,0.0,3661000.0,-75000.0,-0.0025166941,-3736000.0,-0.1253649206,-3424000.0,-7160000.0,-0.2402603939,-2396000.0,-5624000.0,-0.1887184994,-0.13,-0.13,43291000,43291000,https://www.sec.gov/Archives/edgar/data/860731/000095013400003101/0000950134-00-003101-index.html,https://www.sec.gov/Archives/edgar/data/860731/000095013400003101/,0.6883878866277056,-0.12991152895521,-0.0149222702178281,0.4113788085283315,0.0559931625511076,3.208611489686078,-0.5026679910373981,3.208611489686078,1.644521956064771,238100500.0,306869500.0,-10.584126066856332,7.989681554310258,-368.5766253869969,13.369672637430511,1.7141371018833151,1.7141371018833151,10.297288681587869,-4091.593333333333,-475.03018575851394,17.23114717277781,-0.0236202779918563,0.0747961470051511,0.5125338363186085,0.261225163740437,-916.92,1.085533734760314,0.0,0.2255586592178771,0.0,0.0,0.0,0.0,0.5895206120314822,-28.56811145510836,0.6192745209892285,5.040972411909315,0.0,,-0.0108416090510185,-0.0502726378832573,-2.2883509274445037,4020000.0,-21761000.0,-82612000.0,186474000.0,36678000.0,3730000.0,0.0,129.42652931109694,20.596430900575086,0.0,0.6953752100056001,4.369689119170984,0.0,-0.0404883948626389,0.4263010787461597,2000-04-05,0.06,bmo,32700000.0,2025-04-25,1999-12-31,-1.6666666666666667,4.2451171875,104020.3125
1999-09-30,TYL,USD,860731,1999-11-12,1999-11-12 00:00:00,1999,Q3,29500000.0,12700000.0,16800000.0,0.5694915254,0,0.0,0.0,9800000.0,3300000.0,13100000.0,25800000.0,0.0,0.0,3300000.0,5275000.0,0.1788135593,3700000.0,0.1254237288,-1038000.0,2400000.0,0.0813559322,1200000.0,600000.0,0.0203389831,-0.01,-0.01,40541000,42074000,https://www.sec.gov/Archives/edgar/data/860731/000095013499009929/0000950134-99-009929-index.html,https://www.sec.gov/Archives/edgar/data/860731/000095013499009929/,0.7276584198712415,0.0147998322685676,0.0197331096914234,0.0073999161342838,0.0419328580942749,2.9772329246935203,-0.6215929552798402,2.9772329246935203,1.4306504526282036,179900687.5,236200687.5,74.95861979166666,6.098328389830509,224.875859375,599.6689583333333,1.4904779411764706,1.4904779411764706,8.006802966101695,44.77738151658768,295.250859375,787.335625,0.0033351734689729,0.0016675867344864,0.4805302402651201,0.2526132404181184,10.67298578199052,1.0344827586206895,0.0,1.3333333333333333,0.0,0.0,0.0,0.0,0.6354529616724739,0.625,0.0169491525423728,0.1515151515151515,0.0,0.99569439486884,0.009462915601023,0.007168458781362,-2.079993093411608,1300000.0,-25200000.0,-69900000.0,164700000.0,31600000.0,3550000.0,0.0,93.05084745762711,25.511811023622045,0.0,0.9672131147540984,3.5277777777777777,0.0,0.0049710024855012,0.0123331935571396,1999-11-12,0.05,bmo,37170000.0,2025-04-25,1999-09-30,-0.4000000000000001,5.748046875,54662.5
1999-06-30,TYL,USD,860731,1999-08-13,1999-08-13 00:00:00,1999,Q2,28700000.0,11800000.0,16900000.0,0.5888501742,0,0.0,0.0,9600000.0,2500000.0,12100000.0,23900000.0,0.0,0.0,2500000.0,5575000.0,0.1942508711,4800000.0,0.1672473868,925000.0,4000000.0,0.1393728223,2100000.0,1100000.0,0.0383275261,0.03,0.03,36666667,36666667,https://www.sec.gov/Archives/edgar/data/860731/000095013499007347/0000950134-99-007347-index.html,https://www.sec.gov/Archives/edgar/data/860731/000095013499007347/,0.7827272656115704,0.0299999997272727,0.032727272429752,-0.4554545413140496,0.024545454322314,2.866363610305785,-1.0554545358595042,2.866363610305785,1.543636349603306,238333335.5,294033335.5,54.166667159090906,8.304297404181185,198.61111291666663,-14.271457215568862,2.2676815937202663,2.2676815937202663,10.245063954703832,52.741405470852015,245.02777958333337,-17.606786556886227,0.0046153845734265,-0.0700699294329307,0.538534728829686,0.2708133971291866,9.991031390134529,1.1037463976945243,0.0,1.0909090909090908,0.0,0.0,0.0,0.0,0.6880382775119617,14.916666666666666,0.6236933797909407,7.16,0.0,1.3909692373907323,0.0127874369040942,0.0168711656441717,-2.140227253270661,3600000.0,-38700000.0,-65600000.0,163600000.0,24100000.0,2700000.0,0.0,102.54355400696863,26.694915254237287,0.0,0.8776758409785933,3.371428571428571,0.0,0.0104662226450999,0.4881818137438017,1999-08-13,,amc,,2025-04-25,1999-06-30,,5.508928571428571,55455.55555555556
1999-03-31,TYL,USD,860731,1999-05-17,1999-05-17 00:00:00,1999,Q1,20400000.0,9100000.0,11300000.0,0.5539215686,0,0.0,0.0,5500000.0,1800000.0,7300000.0,16400000.0,0.0,0.0,1800000.0,5800000.0,0.2843137255,4000000.0,0.1960784314,-829000.0,3300000.0,0.1617647059,1600000.0,1100000.0,0.0539215686,0.03,0.03,35542000,35542000,https://www.sec.gov/Archives/edgar/data/860731/000095013499004429/0000950134-99-004429-index.html,https://www.sec.gov/Archives/edgar/data/860731/,0.5739688256147656,0.030949299420404,-0.0196950087220752,-0.2053908052444994,0.0506443081424793,2.3549603286252885,-0.6752574418997243,2.3549603286252885,1.0860390523887231,155496250.0,192296250.0,35.340056818181814,7.622365196078431,-222.1375,-21.30085616438356,1.8577807646356037,1.8577807646356037,9.426286764705882,33.154525862068965,-274.70892857142854,-26.34195205479452,0.0070741255818066,-0.0469464697701713,0.4611708482676224,0.2429200755191944,6.344827586206897,1.2570093457943925,0.0,-0.6363636363636364,0.0,0.0,0.0,0.0,0.6777847702957835,-9.428571428571429,0.3235294117647059,3.6666666666666665,0.0,1.280585169955687,0.0147713696100792,0.021484375,-1.7380845197231445,5500000.0,-24000000.0,-48300000.0,127900000.0,14950000.0,1550000.0,0.0,68.38235294117648,18.791208791208792,0.0,1.3161290322580643,4.789473684210527,0.0,0.013142174432497,0.1856957965224241,1999-08-13,0.05,bmo,28700000.0,2025-04-25,1999-03-31,0.0,5.255122950819672,68760.65573770492
1998-12-31,TYL,USD,860731,1999-03-31,1999-03-31 00:00:00,1998,Q4,-41800000.0,-20900000.0,-20900000.0,0.5,0,0.0,0.0,-20500000.0,700000.0,-19800000.0,-40700000.0,0.0,0.0,700000.0,-400000.0,0.009569378,-1100000.0,0.0263157895,400000.0,-700000.0,0.0167464115,200000.0,-10800000.0,0.2583732057,-0.29,-0.29,36666667,36666667,https://www.sec.gov/Archives/edgar/data/860731/000095013499002307/0000950134-99-002307-index.html,https://www.sec.gov/Archives/edgar/data/860731/,-1.1399999896363635,-0.2945454518677686,-0.0136363635123966,-0.0599999994545454,0.0436363632396694,2.080909071991736,-0.5372727223884298,2.080909071991736,1.0663636266694216,224583335.375,262083335.375,-5.198688318865742,-5.37280706638756,-449.16667075,-102.08333426136365,2.943425103211009,2.943425103211009,-6.269936252990431,-655.2083384375,-524.16667075,-119.12878880681818,-0.0480890533661663,-0.0097959182782931,0.5124508519003932,0.2604930046635576,-93.75,1.7717391304347827,0.0,0.0462962962962962,0.0,0.0,0.0,0.0,0.6395736175882745,-3.4,-0.0406698564593301,2.4285714285714284,0.0,,-0.0105859709153122,-0.199630314232902,-1.6745454393223145,14200000.0,-19700000.0,-41200000.0,124300000.0,12750000.0,3100000.0,11700000.0,-31.004784688995212,-5.167464114832536,0.0,-2.9027777777777777,-17.416666666666668,0.0,-0.1415465268676277,0.0463636359421487,1999-03-31,,amc,,2025-04-25,1998-12-31,,6.7861328125,50754.6875
1998-09-30,TYL,USD,860731,1998-11-13,1998-11-13 00:00:00,1998,Q3,35700000.0,17900000.0,17800000.0,0.4985994398,0,0.0,0.0,13300000.0,1900000.0,15200000.0,33100000.0,0.0,0.0,3000000.0,4500000.0,0.1260504202,2600000.0,0.0728291317,-500000.0,1800000.0,0.0504201681,900000.0,900000.0,0.025210084,0.03,0.03,30000000,30000000,https://www.sec.gov/Archives/edgar/data/860731/000095013498008861/0000950134-98-008861-index.html,https://www.sec.gov/Archives/edgar/data/860731/,1.19,0.03,-0.0566666666666666,-1.13,0.07,2.8966666666666665,-0.28,2.8966666666666665,1.1766666666666667,228750000.0,261950000.0,63.54166666666667,6.407563025210084,-134.55882352941177,-6.747787610619469,2.632336018411968,2.632336018411968,7.337535014005602,58.21111111111111,-154.08823529411765,-7.727138643067847,0.0039344262295081,-0.1481967213114754,0.4062140391254315,0.2189826302729528,7.377777777777778,1.6962025316455696,0.0,-1.8888888888888888,0.0,0.0,0.0,0.0,0.5911910669975186,-18.94117647058824,0.9019607843137256,10.733333333333333,0.0,1.39830254237057,0.0093525179856115,0.0136570561456752,-1.7391666666666667,16500000.0,-8400000.0,-34100000.0,130000000.0,8600000.0,5350000.0,23650000.0,27.983193277310924,25.13966480446928,117.65363128491622,3.216216216216216,3.58,0.7649572649572649,0.0103567318757192,1.0733333333333333,1998-11-13,,amc,,2025-04-25,1998-09-30,,8.669921875,64542.1875
1998-06-30,TYL,USD,860731,1998-08-12,1998-08-12 00:00:00,1998,Q2,33200000.0,17400000.0,15800000.0,0.4759036145,0,0.0,0.0,12100000.0,700000.0,12800000.0,30200000.0,0.0,0.0,700000.0,3500000.0,0.1054216867,3000000.0,0.0903614458,-600000.0,1700000.0,0.0512048193,800000.0,1300000.0,0.0391566265,0.04,0.04,32500000,32500000,https://www.sec.gov/Archives/edgar/data/860731/000095013498006716/0000950134-98-006716-index.html,https://www.sec.gov/Archives/edgar/data/860731/,1.0215384615384615,0.04,0.2,0.8984615384615384,0.08,2.535384615384616,-0.2123076923076923,2.535384615384616,0.9723076923076924,335156250.0,364156250.0,64.453125,10.095067771084338,51.5625,11.477953767123289,4.067430218446602,4.067430218446602,10.968561746987952,104.04464285714286,56.02403846153846,12.471104452054794,0.0038787878787878,0.0871235431235431,0.3834951456310679,0.2115127175368139,8.285714285714286,1.835897435897436,0.0,5.0,0.0,0.0,0.0,0.0,0.5977242302543507,3.4923076923076923,0.6837349397590361,32.42857142857143,0.0,1.5105780859810438,0.0120594935012729,0.021630615640599,-1.4730769230769232,16300000.0,-6900000.0,-31200000.0,123100000.0,6600000.0,5650000.0,24000000.0,16.536144578313255,29.48275862068965,123.6206896551724,5.442622950819672,3.0526315789473686,0.7280334728033473,0.0157766990291262,0.6984615384615385,1998-08-12,,amc,,2025-04-25,1998-06-30,,10.043650793650794,99722.22222222222
1998-03-31,TYL,USD,860731,1998-05-15,1998-05-15 00:00:00,1998,Q1,23400000.0,12300000.0,11100000.0,0.4743589744,0,0.0,0.0,9600000.0,1100000.0,10700000.0,23000000.0,0.0,0.0,1100000.0,1500000.0,0.0641025641,400000.0,0.0170940171,-100000.0,300000.0,0.0128205128,100000.0,200000.0,0.0085470085,0.01,0.01,34116000,34116000,https://www.sec.gov/Archives/edgar/data/860731/000095013498004447/0000950134-98-004447-index.html,https://www.sec.gov/Archives/edgar/data/860731/,0.685895181146676,0.0058623519756126,-0.0644858717317387,-0.894008676280924,0.1025911595732207,2.377183726110916,-0.1113846875366397,2.377183726110916,0.9028022042443428,264399000.0,291699000.0,330.49875,11.299102564102563,-120.18136363636364,-8.668819672131148,3.260160295930949,3.260160295930949,12.465769230769231,194.466,-132.59045454545455,-9.563901639344262,0.0007564325129822,-0.1153559582297966,0.3797780517879161,0.2121212121212121,18.2,2.07909604519774,0.0,-11.0,0.0,0.0,0.0,0.0,0.5847107438016529,-12.863636363636363,1.209401709401709,25.727272727272727,0.0,0.5599620286645435,0.0020560267283474,0.0033167495854063,-1.2670008207292769,19100000.0,-3800000.0,-27300000.0,120900000.0,5200000.0,5600000.0,23500000.0,27.307692307692307,40.97560975609756,176.34146341463415,3.295774647887324,2.196428571428572,0.5103734439834025,0.002466091245376,0.8295228045491851,1998-05-15,,amc,,2025-04-25,1998-03-31,,6.766393442622951,84027.86885245901
1997-12-31,TYL,USD,860731,1998-03-26,1998-03-26 00:00:00,1997,Q4,18200000.0,10100000.0,8100000.0,0.4450549451,0,0.0,0.0,7600000.0,600000.0,8200000.0,18300000.0,0.0,0.0,600000.0,500000.0,0.0274725275,-100000.0,-0.0054945055,200000.0,100000.0,0.0054945055,-300000.0,-500000.0,-0.0274725275,-0.0147,-0.0147,34116000,34116000,https://www.sec.gov/Archives/edgar/data/860731/000095013498002441/0000950134-98-002441-index.html,https://www.sec.gov/Archives/edgar/data/860731/,0.533474029780748,-0.0146558799390315,-0.2432876069879235,-0.4250205182319146,0.2608746629147614,0.9203892601711808,0.9203892601711808,0.9203892601711808,0.0,187638000.0,178738000.0,-93.819,10.30978021978022,-22.606987951807227,-12.940551724137933,5.975732484076433,5.975732484076433,9.820769230769232,357.476,-21.534698795180724,-12.326758620689656,-0.0026647054434602,-0.0772764578603481,0.0,0.0,-17.8,3.0762711864406778,0.0,16.6,0.0,0.0,0.0,0.0,0.0,-0.7469879518072289,0.3406593406593406,10.333333333333334,0.0,,-0.0092807424593967,-0.0091074681238615,-0.0197854379176925,24500000.0,31400000.0,12800000.0,30100000.0,2200000.0,6250000.0,20300000.0,16.318681318681318,49.9009900990099,204.05940594059408,5.515151515151516,1.8035714285714288,0.4410480349344978,-0.0159235668789808,0.1817329112439911,1998-03-26,,amc,,2025-04-25,1997-12-31,,5.130859375,126992.1875
1997-09-30,TYL,USD,860731,1997-11-07,1997-11-07 00:00:00,1997,Q3,20200000.0,11600000.0,8600000.0,0.4257425743,0,0.0,0.0,8300000.0,100000.0,8400000.0,20000000.0,0.0,0.0,100000.0,300000.0,0.0148514851,200000.0,0.0099009901,300000.0,500000.0,0.0247524752,200000.0,-2200000.0,-0.1089108911,-0.13,-0.13,16923077,16923077,https://www.sec.gov/Archives/edgar/data/860731/000095013497008047/0000950134-97-008047-index.html,https://www.sec.gov/Archives/edgar/data/860731/,1.193636358210744,-0.1299999994090909,-0.3013636349938016,-0.307272725876033,1.1345454493884295,1.896818173196281,1.896818173196281,1.896818173196281,0.0,58173077.1875,38973077.1875,-6.610576953125,2.879855306311881,-11.406485723039216,-11.187130228365383,1.8122453952492208,1.8122453952492208,1.9293602568069308,129.91025729166665,-7.641779840686275,-7.4948225360576926,-0.0378181816462809,-0.089388429345755,0.0,0.0,-64.0,2.66,0.0,2.833333333333333,0.0,0.0,0.0,0.0,0.0,-0.0196078431372549,0.0049504950495049,1.0,0.0,,0.0029055690072639,-0.039076376554174,0.2762499987443182,24900000.0,32100000.0,15700000.0,30400000.0,1400000.0,6000000.0,18600000.0,4.900990099009901,53.53448275862069,137.32758620689654,18.363636363636363,1.681159420289855,0.655367231638418,-0.0685358255451713,0.0059090908822314,1997-11-07,,amc,,2025-04-25,1997-09-30,,2.67578125,61281.25
1997-06-30,TYL,USD,860731,1997-08-14,1997-08-14 00:00:00,1997,Q2,23000000.0,11600000.0,11400000.0,0.4956521739,0,0.0,0.0,12600000.0,700000.0,13300000.0,24900000.0,0.0,0.0,700000.0,-1200000.0,-0.052173913,-1900000.0,-0.0826086957,200000.0,-1700000.0,-0.0739130435,-600000.0,-1100000.0,-0.047826087,-0.06,-0.06,18333333,18333333,https://www.sec.gov/Archives/edgar/data/860731/000095013497006177/0000950134-97-006177-index.html,https://www.sec.gov/Archives/edgar/data/860731/,1.2545454773553724,-0.0600000010909091,0.1472727299504132,0.1418181843966942,1.178181839603306,1.70727275831405,1.70727275831405,1.70727275831405,0.0,37812499.3125,16212499.3125,-8.59374984375,1.6440217092391305,14.004629375,14.543268966346156,1.208067070686901,1.208067070686901,0.7048912744565218,-13.51041609375,6.004629375,6.235576658653846,-0.0290909096198347,0.0687603318287002,0.0,0.0,18.0,3.0,0.0,-2.4545454545454546,0.0,0.0,0.0,0.0,0.0,0.037037037037037,0.0043478260869565,0.1428571428571428,0.0,,-0.0299126950050092,-0.0193661971830985,0.3886363707024795,31400000.0,31300000.0,21600000.0,39100000.0,4100000.0,5850000.0,20000000.0,6.652173913043479,39.56896551724138,151.29310344827587,13.529411764705882,2.2745098039215685,0.5948717948717949,-0.0351437699680511,0.005454545553719,1997-08-14,,amc,,2025-04-25,1997-06-30,,1.8076171875,44542.1875
1997-03-31,TYL,USD,860731,1997-05-12,1997-05-12 00:00:00,1997,Q1,26500000.0,11500000.0,15000000.0,0.5660377358,0,0.0,0.0,14200000.0,700000.0,14900000.0,26400000.0,0.0,0.0,700000.0,800000.0,0.0301886792,100000.0,0.0037735849,100000.0,200000.0,0.0075471698,100000.0,100000.0,0.0037735849,0.01,0.01,19883000,19883000,https://www.sec.gov/Archives/edgar/data/860731/000095013497003666/0000950134-97-003666-index.html,https://www.sec.gov/Archives/edgar/data/860731/,1.3327968616405974,0.0050294221193984,0.1961474626565407,0.1710003520595483,0.96061962480511,1.6194739224463108,1.6194739224463108,1.6194739224463108,0.0,32309875.0,13209875.0,80.7746875,1.219240566037736,8.284583333333334,9.502904411764703,1.0034122670807455,1.0034122670807455,0.4984858490566037,16.51234375,3.387147435897436,3.885257352941177,0.0030950289965529,0.1052309858827989,0.0,0.0,-23.875,2.774725274725274,0.0,39.0,0.0,0.0,0.0,0.0,0.0,0.1282051282051282,0.0188679245283018,0.7142857142857143,0.0,0.4280921679558751,0.0011820330969267,0.0016528925619834,0.29799326057436,32300000.0,32200000.0,22200000.0,40400000.0,3750000.0,4950000.0,20300000.0,22.07547169811321,51.65217391304348,160.43478260869566,4.076923076923077,1.7424242424242424,0.5609756097560976,0.0031055900621118,0.0251471105969924,1997-05-12,,amc,,2025-04-25,1997-03-31,,1.9344262295081969,23801.63934426229
1996-12-31,TYL,USD,860731,1997-03-10,1997-03-10 00:00:00,1996,Q4,45200000.0,17700000.0,27500000.0,0.6084070796,0,0.0,0.0,32100000.0,1400000.0,33500000.0,51200000.0,0.0,0.0,1400000.0,-4600000.0,-0.1017699115,-6000000.0,-0.1327433628,-52100000.0,-58100000.0,-1.2853982301,-2800000.0,-56600000.0,-1.2522123894,-2.85,-2.85,19883000,19883000,https://www.sec.gov/Archives/edgar/data/860731/000095013497001663/0000950134-97-001663-index.html,https://www.sec.gov/Archives/edgar/data/860731/,2.2732987979681134,-2.8466529195795403,0.2766182165669165,0.3822360810742846,0.79464869486496,1.609415078207514,1.609415078207514,1.609415078207514,0.0,37280625.0,21480625.0,-0.1646670715547703,0.8247925884955752,6.778295454545454,4.905345394736842,1.16501953125,1.16501953125,0.4752350663716814,-4.669701086956522,3.905568181818182,2.8263980263157893,-1.5182148904424215,0.2038592432396184,0.0,0.0,3.4347826086956523,2.563106796116505,0.0,-0.097173144876325,0.0,0.0,0.0,0.0,0.0,0.3818181818181818,0.0464601769911504,1.5,0.0,,-0.1350081175766897,-0.8998410174880763,-0.2162651511341347,32200000.0,32000000.0,21900000.0,40300000.0,3800000.0,5800000.0,22750000.0,1.991150442477876,16.779661016949152,102.20338983050848,45.2,5.363636363636363,0.8805970149253731,-1.76875,0.1056178645073681,1997-03-10,,amc,,2025-04-25,1996-12-31,,1.662109375,33376.5625
1996-09-30,TYL,USD,860731,1996-11-14,1996-11-14 00:00:00,1996,Q3,25900000.0,12800000.0,13100000.0,0.5057915058,0,0.0,0.0,15600000.0,1100000.0,16700000.0,29500000.0,0.0,0.0,1100000.0,-2500000.0,-0.0965250965,-3600000.0,-0.138996139,0.0,-3600000.0,-0.138996139,-100000.0,-3500000.0,-0.1351351351,-0.18,-0.18,19444444,19444444,https://www.sec.gov/Archives/edgar/data/860731/000095013496006194/0000950134-96-006194-index.html,https://www.sec.gov/Archives/edgar/data/860731/,1.332000030445715,-0.1800000041142858,-0.2262857194579593,-0.4320000098742859,0.4577142961763267,4.561714389982043,1.856571471007348,4.561714389982043,0.0,29166666.0,20266666.0,-2.0833332857142857,1.1261261003861005,-6.628787727272727,-3.472222142857143,0.3288237429537767,0.3288237429537767,0.7824967567567568,-8.1066664,-4.606060454545455,-2.412698333333333,-0.1200000027428572,-0.2880000065828573,0.0,0.0,3.56,3.300699300699301,0.0,1.2571428571428571,0.0,0.0,0.0,0.0,0.4638447971781305,-0.9090909090909092,0.1544401544401544,3.636363636363636,0.0,,-0.0353178607467204,-0.0575657894736842,0.095142859317551,32900000.0,36100000.0,22500000.0,96500000.0,7300000.0,7650000.0,23600000.0,22.934362934362937,58.359375,178.59375,3.924242424242424,1.5421686746987953,0.5039370078740157,-0.0394588500563697,0.2057142904163266,1996-11-14,,amc,,2025-04-25,1996-09-30,,1.927734375,20000.0
1996-06-30,TYL,USD,860731,1996-08-14,1996-08-14 00:00:00,1996,Q2,26600000.0,13200000.0,13400000.0,0.5037593985,0,0.0,0.0,14900000.0,1000000.0,15900000.0,29100000.0,0.0,0.0,1000000.0,-1500000.0,-0.0563909774,-2500000.0,-0.0939849624,100000.0,-2400000.0,-0.0902255639,-1300000.0,-1100000.0,-0.0413533835,-0.06,-0.06,18333333,18333333,https://www.sec.gov/Archives/edgar/data/860731/000095013496004282/0000950134-96-004282-index.html,https://www.sec.gov/Archives/edgar/data/860731/,1.4509091172892568,-0.0600000010909091,0.1854545488264463,0.2018181854876033,0.8454545608264465,5.023636454975208,2.121818220396695,5.023636454975208,0.0,48124999.125,32624999.125,-10.937499801136363,1.809210493421053,14.15441150735294,13.00675652027027,0.5225298493485342,0.5225298493485342,1.2265037265037595,-21.749999416666668,9.595587977941175,8.817567331081081,-0.0228571432727272,0.0768831182809917,0.0,0.0,10.333333333333334,3.593103448275862,0.0,-3.090909090909091,0.0,0.0,0.0,0.0,0.4500846023688663,0.088235294117647,0.0112781954887218,0.3,0.0,,-0.0110495017679202,-0.0169230769230769,0.3436363698842976,37600000.0,38900000.0,26000000.0,100900000.0,10650000.0,6900000.0,21900000.0,27.06766917293233,47.727272727272734,148.63636363636363,3.325,1.8857142857142857,0.6055045871559633,-0.011943539630836,0.016363636661157,1996-08-14,,amc,,2025-04-25,1996-06-30,,2.5694444444444446,17779.365079365078
1996-03-31,TYL,USD,860731,1996-05-14,1996-05-14 00:00:00,1996,Q1,30800000.0,13200000.0,17600000.0,0.5714285714,0,0.0,0.0,16800000.0,1000000.0,17800000.0,31000000.0,0.0,0.0,1000000.0,800000.0,0.025974026,-200000.0,-0.0064935065,0.0,-200000.0,-0.0064935065,-100000.0,-100000.0,-0.0032467532,-0.005,-0.005,19875000,19875000,https://www.sec.gov/Archives/edgar/data/860731/000095013496002017/0000950134-96-002017-index.html,https://www.sec.gov/Archives/edgar/data/860731/,1.549685534591195,-0.0050314465408805,0.140880503144654,0.040251572327044,0.6339622641509434,4.694339622641509,1.9924528301886792,4.694339622641509,0.0,44718750.0,32118750.0,-111.796875,1.4519074675324677,15.970982142857144,55.8984375,0.4793006430868167,0.4793006430868167,1.0428165584415583,40.1484375,11.470982142857142,40.1484375,-0.0022361984626135,0.0178895877009084,0.0,0.0,-15.75,3.3353658536585367,0.0,-28.0,0.0,0.0,0.0,0.0,0.4427040395713108,0.7142857142857143,0.0649350649350649,2.0,0.0,,-0.0009532888465204,-0.0014792899408284,0.280503144654088,38300000.0,39600000.0,26700000.0,101500000.0,17000000.0,7200000.0,22150000.0,38.86363636363636,46.36363636363637,150.0,2.3157894736842106,1.9411764705882355,0.6,-0.0010718113612004,0.10062893081761,1996-05-14,,amc,,2025-04-25,1996-03-31,,2.6507936507936507,30411.11111111111
1995-12-31,TYL,USD,860731,1995-12-31,1995-12-30 19:00:00,1995,Q4,-114000000.0,-122000000.0,8000000.0,-0.0701754386,0,0.0,0.0,7700000.0,-5700000.0,2000000.0,-120000000.0,0.0,0.0,-5700000.0,300000.0,-0.0026315789,6000000.0,-0.0526315789,2000000.0,8000000.0,-0.0701754386,4700000.0,-13000000.0,0.1140350877,-0.67,-0.65,19529412,19875000,,,-5.837349327260852,-0.6656626425823778,0.7834337255007985,1.1777108291842069,0.1638554197125853,4.782530062861084,2.002108409613152,4.782530062861084,0.0,56147059.5,52947059.5,-1.0797511442307692,-0.4925180657894736,3.669742450980392,2.4411765,0.6011462473233404,0.6011462473233404,-0.4644478903508772,176.49019833333332,3.4605921241830067,2.3020460652173917,-0.2315348322025662,0.4096385492814632,0.0,0.0,-10.666666666666666,2.567796610169492,0.0,-1.176923076923077,0.0,0.0,0.0,0.0,0.4222395023328149,0.5032679738562091,-0.0675438596491228,-1.350877192982456,0.0,,0.0235714285714285,-0.1749663526244952,-0.272665659365474,37000000.0,39100000.0,25400000.0,101000000.0,27650000.0,12950000.0,36400000.0,-16.342105263157894,-5.606557377049181,-16.45081967213115,-5.507246376811594,-16.05263157894737,-5.47085201793722,-0.139186295503212,0.3942771036834084,1995-12-30,,amc,,2025-04-25,1995-12-31,,3.1924603174603177,19415.87301587301
1995-09-30,TYL,USD,860731,1995-09-30,1995-09-29 20:00:00,1995,Q3,86400000.0,63200000.0,23200000.0,0.2685185185,0,0.0,0.0,22000000.0,3600000.0,25600000.0,88800000.0,0.0,0.0,3600000.0,1200000.0,0.0138888889,-2400000.0,-0.0277777778,-1400000.0,-3800000.0,-0.0439814815,-1500000.0,-2300000.0,-0.0266203704,-0.11,-0.11,20909091,20909091,,,4.132173895077504,-0.1099999995217391,-0.1052173908468809,-0.21521739036862,0.0908695648223062,5.088695630049149,1.1095652125671078,5.088695630049149,3.467391289272212,57500000.25,128100000.25,-6.250000027173913,0.6655092621527777,-26.13636375,-12.777777833333332,0.5404135361842105,0.5404135361842105,1.4826388917824074,106.75000020833332,-58.22727284090909,-28.46666672222222,-0.0399999998260869,-0.0782608692249527,0.681390977443609,0.2971311475409836,58.833333333333336,2.234090909090909,0.0,0.9565217391304348,0.0,0.0,0.0,0.0,0.340983606557377,-1.0454545454545454,0.0266203703703703,0.6388888888888888,0.0,,-0.0072631578947368,-0.0143034825870646,-4.041304330255199,54300000.0,23200000.0,-39300000.0,193700000.0,33250000.0,18000000.0,50650000.0,36.04166666666666,26.06012658227848,71.91455696202532,2.4971098265895955,3.453551912568306,1.2514851485148517,-0.0216165413533834,0.1099999995217391,1995-09-29,,amc,,2025-04-25,1995-09-30,,2.8511904761904763,11717.460317460318
1995-06-30,TYL,USD,860731,1995-06-30,1995-06-29 20:00:00,1995,Q2,87900000.0,63900000.0,24000000.0,0.2730375427,0,0.0,0.0,20600000.0,3400000.0,24000000.0,87900000.0,0.0,0.0,3400000.0,3400000.0,0.0386803185,0.0,0.0,-1600000.0,-1600000.0,-0.0182025028,-1200000.0,-400000.0,-0.0045506257,-0.02,-0.02,20000000,20000000,,,4.395,-0.02,0.165,0.005,0.145,5.43,1.225,5.43,3.445,62500000.0,128500000.0,-39.0625,0.7110352673492605,18.939393939393938,625.0,0.5755064456721916,0.5755064456721916,1.4618885096700796,37.794117647058826,38.93939393939394,1285.0,-0.0064,0.0016,0.6344383057090239,0.2819148936170212,19.41176470588235,2.173719376391982,0.0,-8.25,0.0,0.0,0.0,0.0,0.3441080196399345,0.9696969696969696,0.0364050056882821,0.9411764705882352,0.0,,0.0,-0.0024953212726138,-4.17875,52700000.0,24500000.0,-38200000.0,193500000.0,33100000.0,18800000.0,52200000.0,32.66211604095563,24.92957746478873,71.54929577464789,2.755485893416928,3.610169491525424,1.2578740157480317,-0.003683241252302,0.16,1995-06-29,,amc,,2025-04-25,1995-06-30,,3.388888888888889,12450.79365079365
1995-03-31,TYL,USD,860731,1995-03-31,1995-03-30 19:00:00,1995,Q1,80300000.0,54900000.0,25400000.0,0.3163138232,0,0.0,0.0,23200000.0,3300000.0,26500000.0,81400000.0,0.0,0.0,3300000.0,2200000.0,0.0273972603,-1100000.0,-0.0136986301,-1600000.0,-2700000.0,-0.0336239103,-1400000.0,-1300000.0,-0.0161892902,-0.07,-0.07,18571429,18571429,,,4.323846054065091,-0.0699999983846154,-0.0269230763017751,-0.2584615324970415,0.0915384594260355,5.8692306337869855,1.2976922777455628,5.8692306337869855,3.666922992301777,71964287.375,138364287.375,-13.839286033653847,0.8961928689290162,-143.92857475,-14.992559869791666,0.6602228199541285,0.6602228199541285,1.7230919971980074,62.89285789772728,-276.72857475,-28.825893203125,-0.0180645157121588,-0.0666997503218171,0.6247706422018349,0.2739340305711987,30.181818181818183,2.048582995951417,0.0,0.3846153846153846,0.0,0.0,0.0,0.0,0.3415124698310539,-8.6,0.0535491905354919,1.303030303030303,0.0,,-0.0026587832812732,-0.0079413561392791,-4.597115278528109,51800000.0,24100000.0,-38400000.0,192800000.0,36700000.0,20000000.0,51900000.0,38.44333748443337,32.622950819672134,87.8688524590164,2.3411078717201166,2.758793969849246,1.0242537313432836,-0.0119266055045871,0.2315384561952664,1995-04-19,-0.05,bmo,79496998.0,2025-04-25,1995-03-31,0.4000000000000001,3.130952380952381,13114.285714285714
1994-12-31,TYL,USD,860731,1994-12-31,1994-12-30 19:00:00,1994,Q4,112400000.0,72800000.0,39600000.0,0.3523131673,0,0.0,0.0,34200000.0,3400000.0,37600000.0,110400000.0,0.0,0.0,3400000.0,5400000.0,0.0480427046,2000000.0,0.0177935943,-1300000.0,700000.0,0.006227758,1200000.0,-500000.0,-0.0044483986,-0.0269,-0.0269,18571429,18571429,,,6.052307552639056,-0.0269230763017751,0.3123076851005918,-0.0484615373431952,0.1076923052071006,5.939230632171601,1.319230738786983,5.939230632171601,3.419230690325445,60357144.25,121857144.25,-30.178572125,0.5369852691281138,10.406404181034484,-67.06349361111111,0.5472089233907526,0.5472089233907526,1.084138294039146,22.566137824074072,21.009852456896557,-135.39682694444446,-0.0082840234774692,-0.0149112422594447,0.5757026291931097,0.2548154093097913,11.38888888888889,1.994186046511628,0.0,-11.6,0.0,0.0,0.0,0.0,0.3443017656500802,1.1551724137931034,0.0596085409252669,1.9705882352941173,0.0,,-0.0072296124927703,-0.0030599755201958,-4.440961435977813,51300000.0,24500000.0,-36000000.0,191500000.0,36050000.0,19950000.0,51150000.0,31.30782918149466,24.8489010989011,62.06043956043956,2.874680306905371,3.6218905472636815,1.450199203187251,-0.0045330915684496,0.3607692224437872,1994-12-30,,amc,,2025-04-25,1994-12-31,,3.7083333333333335,14777.777777777776
1994-09-30,TYL,USD,860731,1994-09-30,1994-09-29 20:00:00,1994,Q3,83700000.0,61400000.0,22300000.0,0.266427718,0,0.0,0.0,22500000.0,3100000.0,25600000.0,87000000.0,0.0,0.0,3200000.0,-100000.0,-0.0011947431,-3300000.0,-0.0394265233,-1200000.0,-4500000.0,-0.0537634409,-1300000.0,-3200000.0,-0.0382317802,-0.16,-0.16,20000000,20000000,,,4.185,-0.16,-0.225,-0.41,0.135,5.53,1.235,5.53,3.205,90000000.0,151400000.0,-7.03125,1.075268817204301,-20.0,-10.975609756097562,0.8137432188065099,0.8137432188065099,1.80884109916368,-1514.0,-33.644444444444446,-18.463414634146343,-0.0355555555555555,-0.0911111111111111,0.5795660036166366,0.2657545605306799,-614.0,2.2154195011337867,0.0,1.40625,0.0,0.0,0.0,0.0,0.3561359867330017,-0.8222222222222222,0.044205495818399,1.15625,0.0,,-0.0119059698968374,-0.0206052801030264,-3.855,53600000.0,24700000.0,-32900000.0,190100000.0,34150000.0,18800000.0,49750000.0,35.483870967741936,29.02280130293159,76.36807817589576,2.536363636363636,3.101010101010101,1.1785028790786949,-0.0289330922242314,0.185,1995-01-27,0.18,bmo,99911111.0,2025-04-25,1994-09-30,0.1111111111111112,4.8349609375,9931.25
1994-06-30,TYL,USD,860731,1994-06-30,1994-06-29 20:00:00,1994,Q2,85100000.0,59200000.0,25900000.0,0.3043478261,0,0.0,0.0,22600000.0,3100000.0,25700000.0,84900000.0,0.0,0.0,3100000.0,3300000.0,0.0387779083,200000.0,0.0023501763,-800000.0,-600000.0,-0.0070505288,-300000.0,-300000.0,-0.0035252644,-0.02,-0.02,15000000,15000000,,,5.673333333333333,-0.02,-0.0533333333333333,-0.1866666666666666,0.1533333333333333,7.573333333333333,1.9266666666666667,7.573333333333333,3.6266666666666665,73125000.0,125225000.0,-60.9375,0.8592831962397179,-91.40625,-26.116071428571427,0.643705985915493,0.643705985915493,1.4715041128084607,37.946969696969695,-156.53125,-44.723214285714285,-0.0041025641025641,-0.0382905982905982,0.4788732394366197,0.2321809645753307,15.787878787878787,2.1621004566210047,0.0,2.6666666666666665,0.0,0.0,0.0,0.0,0.3615023474178404,-2.5,0.0235017626321974,0.6451612903225806,0.0,,0.000524934383202,-0.0020053475935828,-4.548333333333333,50900000.0,28900000.0,-26000000.0,185000000.0,36950000.0,17200000.0,45450000.0,37.3325499412456,27.06081081081081,72.0608108108108,2.4107648725212463,3.3258426966292136,1.248945147679325,-0.0026408450704225,0.1333333333333333,1994-06-29,,amc,,2025-04-25,1994-06-30,,5.350806451612903,7720.967741935484
1994-03-31,TYL,USD,860731,1994-03-31,1994-03-30 19:00:00,1994,Q1,76600000.0,50100000.0,26500000.0,0.3459530026,0,0.0,0.0,24100000.0,3100000.0,27200000.0,77300000.0,0.0,0.0,3100000.0,2400000.0,0.0313315927,-700000.0,-0.0091383812,-600000.0,-1300000.0,-0.0169712794,-600000.0,-700000.0,-0.0091383812,-0.03,-0.03,23333333,23333333,,,3.2828571897551027,-0.0300000004285714,-0.132857144755102,-0.2014285743061225,0.0685714295510204,4.958571499408165,1.2942857327755104,4.958571499408165,2.1000000300000004,125416664.875,172816664.875,-44.79166602678571,1.6372932751305482,-40.45698866935484,-26.68439678191489,1.0839815460242004,1.0839815460242004,2.2560922307441253,72.00694369791667,-55.74731125,-36.769503164893614,-0.0055813954285714,-0.0374750835918367,0.4235090751944684,0.2093122597180692,19.75,1.9936034115138592,0.0,4.428571428571429,0.0,0.0,0.0,0.0,0.365228534814182,-0.5161290322580645,0.02088772845953,0.5161290322580645,0.0,,-0.0020134779750164,-0.0047106325706594,-2.832857183326531,46600000.0,30200000.0,-24900000.0,181700000.0,28300000.0,14150000.0,38100000.0,45.35248041775457,29.820359281437128,78.1437125748503,1.9844559585492227,3.0180722891566263,1.1517241379310346,-0.0060501296456352,0.0685714295510204,1994-07-22,-0.01,bmo,93610000.0,2025-04-25,1994-03-31,1.0,5.73015873015873,16103.174603174602
1993-12-31,TYL,USD,860731,1993-12-31,1993-12-30 19:00:00,1993,Q4,66900000.0,48600000.0,18300000.0,0.2735426009,0,0.0,0.0,15200000.0,2600000.0,17800000.0,66400000.0,0.0,0.0,2600000.0,3100000.0,0.0463378176,500000.0,0.0074738416,-100000.0,400000.0,0.0059790732,0.0,400000.0,0.0059790732,0.017,0.017,23333333,23333333,,,2.867142898102041,0.0171428573877551,0.210000003,0.1628571451836735,0.7714285824489797,5.057142929387756,3.0385714719795924,5.057142929387756,0.0,122499998.25,104499998.25,76.56249890625,1.83109115470852,24.99999964285714,32.23684164473684,1.0381355783898305,1.0381355783898305,1.5620328587443946,33.70967685483871,21.326530255102043,27.499999539473684,0.0032653061690962,0.031020408606414,0.0,0.0,-5.806451612903226,2.100278551532033,0.0,12.25,0.0,0.0,0.0,0.0,0.2708453133985048,0.2244897959183673,0.0164424514200298,0.4230769230769231,0.0,1.3966432259635024,0.0036231884057971,0.0031545741324921,-0.3450000049285715,39500000.0,70900000.0,19500000.0,132700000.0,20450000.0,12100000.0,31950000.0,24.215246636771298,21.666666666666668,60.55555555555556,3.716666666666667,4.153846153846154,1.4862385321100915,0.0033898305084745,0.0471428578163265,1993-12-30,,amc,,2025-04-25,1993-12-31,,4.787109375,12956.25
1993-09-30,TYL,USD,860731,1993-09-30,1993-09-29 20:00:00,1993,Q3,77900000.0,59200000.0,18700000.0,0.2400513479,0,0.0,0.0,14400000.0,2700000.0,17100000.0,76300000.0,0.0,0.0,2600000.0,4300000.0,0.055198973,1600000.0,0.0205391528,0.0,1600000.0,0.0205391528,1200000.0,400000.0,0.0051347882,0.02,0.02,20000000,20000000,,,3.895,0.02,0.46,0.35,0.86,5.935,3.59,5.935,0.0,92500000.0,75300000.0,57.8125,1.1874197689345314,10.054347826086955,13.214285714285714,0.7792754844144903,0.7792754844144903,0.9666238767650834,17.511627906976745,8.184782608695652,10.757142857142858,0.0043243243243243,0.0756756756756756,0.0,0.0,-4.0,2.125683060109289,0.0,23.0,0.0,0.0,0.0,0.0,0.2664772727272727,0.2391304347826087,0.0282413350449293,0.8461538461538461,0.0,1.6342429439957815,0.0028694404591104,0.0030983733539891,-0.36625,41200000.0,71800000.0,20500000.0,134200000.0,23250000.0,13150000.0,32650000.0,26.45699614890886,19.00337837837838,47.43243243243244,3.4017467248908297,4.736,1.8974358974358976,0.0033698399326032,0.11,1994-01-28,0.15,bmo,112392000.0,2025-04-25,1993-09-30,-0.8666666666666667,4.88671875,9529.6875
1993-06-30,TYL,USD,860731,1993-06-30,1993-06-29 20:00:00,1993,Q2,76800000.0,56500000.0,20300000.0,0.2643229167,0,0.0,0.0,14800000.0,2700000.0,17500000.0,74000000.0,0.0,0.0,2700000.0,5500000.0,0.0716145833,2800000.0,0.0364583333,-300000.0,2500000.0,0.0325520833,1100000.0,1400000.0,0.0182291667,0.07,0.07,20000000,20000000,,,3.84,0.07,0.46,0.315,0.45,5.92,3.55,5.92,0.0,100000000.0,91000000.0,17.857142857142854,1.3020833333333333,10.869565217391305,15.873015873015872,0.8445945945945946,0.8445945945945946,1.1848958333333333,16.545454545454547,9.891304347826088,14.444444444444445,0.014,0.063,0.0,0.0,-1.6363636363636365,2.134502923976608,0.0,6.571428571428571,0.0,0.0,0.0,0.0,0.2741469057258531,0.3152173913043478,0.0377604166666666,1.0740740740740742,0.0,3.0535225559998738,0.0113049747656813,0.0111553784860557,-0.5375,38800000.0,71000000.0,18500000.0,133500000.0,22000000.0,13100000.0,36150000.0,27.65625,21.98230088495575,54.31858407079646,3.254237288135593,4.094202898550725,1.656891495601173,0.0118243243243243,0.145,1993-07-23,0.06,bmo,63999999.0,2025-04-25,1993-06-30,0.1666666666666668,4.954365079365079,8958.730158730159
1993-03-31,TYL,USD,860731,1993-03-31,1993-03-30 19:00:00,1993,Q1,60800000.0,46000000.0,14800000.0,0.2434210526,0,0.0,0.0,13600000.0,2700000.0,16300000.0,62300000.0,0.0,0.0,2700000.0,1200000.0,0.0197368421,-1500000.0,-0.0246710526,-100000.0,-1600000.0,-0.0263157895,-700000.0,-4500000.0,-0.0740131579,-0.22,-0.22,20454545,20454545,,,2.9724445104987667,-0.220000004888889,-0.2444444498765433,-0.4742222327604941,0.0537777789728395,5.734666794103706,3.3977778532839524,5.734666794103706,0.0,107386361.25,106286361.25,-5.965908958333333,1.766223046875,-21.47727225,-11.070758891752575,0.9154847506393864,0.9154847506393864,1.748130941611842,88.57196770833333,-21.25727225,-10.957356829896908,-0.0419047628359788,-0.0903280443353322,0.0,0.0,-0.9166666666666666,2.1672131147540985,0.0,5.555555555555555,0.0,0.0,0.0,0.0,0.2848629320619785,-0.94,0.0773026315789473,1.7407407407407407,0.0,,-0.0061453022578295,-0.0375,-0.73333334962963,35600000.0,69500000.0,15600000.0,131200000.0,19150000.0,12650000.0,38300000.0,30.197368421052637,24.26086956521739,74.73913043478261,2.980392156862745,3.7096774193548394,1.2041884816753927,-0.0383631713554987,0.2297777828839507,1993-04-21,-0.01,bmo,218880000.0,2025-04-25,1993-03-31,3.0,4.951612903225806,13375.806451612903
1992-12-31,TYL,USD,860731,1992-12-31,1992-12-30 19:00:00,1992,Q4,65800000.0,48200000.0,17600000.0,0.2674772036,0,0.0,0.0,14800000.0,2800000.0,17600000.0,65800000.0,0.0,0.0,2800000.0,2800000.0,0.0425531915,0.0,0.0,-100000.0,-100000.0,-0.0015197568,-100000.0,0.0,0.0,0.0,0.0,20000000,20454545,,,3.29,0.0,0.44,0.27,0.605,6.115,3.705,6.115,0.0,92500000.0,80400000.0,0.0,1.405775075987842,10.511363636363637,17.12962962962963,0.7563368765331152,0.7563368765331152,1.221884498480243,28.714285714285715,9.136363636363637,14.88888888888889,0.0,0.0583783783783783,0.0,0.0,-4.321428571428571,2.0868347338935576,0.0,0.0,0.0,0.0,0.0,0.0,0.2762177650429799,0.3863636363636363,0.0516717325227963,1.2142857142857142,0.0,0.0,0.0,0.0,-0.37375,38800000.0,74100000.0,22300000.0,132400000.0,20750000.0,12800000.0,38550000.0,24.483282674772035,24.087136929460584,71.70124481327801,3.6759776536312847,3.736434108527132,1.2552083333333333,0.0,0.17,1992-12-30,,amc,,2025-04-25,1992-12-31,,4.3671875,9335.9375
1992-09-30,TYL,USD,860731,1992-09-30,1992-09-29 20:00:00,1992,Q3,77000000.0,56500000.0,20500000.0,0.2662337662,0,0.0,0.0,14300000.0,2800000.0,17100000.0,73600000.0,0.0,0.0,2700000.0,6200000.0,0.0805194805,3400000.0,0.0441558442,-200000.0,3200000.0,0.0415584416,1600000.0,1600000.0,0.0207792208,0.08,0.08,20000000,20000000,,,3.85,0.08,0.395,0.31,0.375,6.125,3.725,6.125,0.0,95000000.0,87500000.0,14.84375,1.2337662337662338,12.025316455696204,15.32258064516129,0.7755102040816326,0.7755102040816326,1.1363636363636365,14.112903225806452,11.075949367088608,14.112903225806452,0.0168421052631578,0.0652631578947368,0.0,0.0,-1.2096774193548387,2.1790123456790123,0.0,4.9375,0.0,0.0,0.0,0.0,0.2833530106257379,0.2151898734177215,0.022077922077922,0.6296296296296297,0.0,3.3203915431767985,0.0124087591240875,0.0131795716639209,-0.1175,38200000.0,74500000.0,23700000.0,130900000.0,25250000.0,13350000.0,39000000.0,27.584415584415588,20.230088495575224,61.64601769911505,3.26271186440678,4.448818897637795,1.4599483204134367,0.0130612244897959,0.085,1993-01-29,-0.05,bmo,118440000.0,2025-04-25,1992-09-30,-2.6,4.587890625,13379.6875
1992-06-30,TYL,USD,860731,1992-06-30,1992-06-29 20:00:00,1992,Q2,76900000.0,57200000.0,19700000.0,0.2561768531,0,0.0,0.0,14000000.0,2800000.0,16800000.0,74000000.0,0.0,0.0,2800000.0,5700000.0,0.0741222367,2900000.0,0.0377113134,-100000.0,2800000.0,0.0364109233,1300000.0,1500000.0,0.0195058518,0.07,0.07,21428571,21428571,,,3.588666738440001,0.0700000014,0.233333338,0.16800000336,0.11200000224,5.646666779600002,3.3833334010000016,5.646666779600002,0.0466666676,101785712.25,100385712.25,16.964285375,1.3236113426527958,20.35714245,28.273808958333333,0.8412042334710744,0.8412042334710744,1.3054058810143043,17.61152846491228,20.07714245,27.884920069444444,0.0147368424,0.03536842176,0.0082644628099173,0.0057570523891767,-0.2456140350877192,2.111428571428571,0.0,3.333333333333333,0.0,0.0,0.0,0.0,0.279217040875072,0.28,0.0182054616384915,0.5,0.0,2.9821972362236555,0.0112009475744154,0.0119808306709265,-0.4888333431100002,38900000.0,72500000.0,21200000.0,132600000.0,25250000.0,13100000.0,39350000.0,31.482444733420024,22.02797202797203,61.83566433566434,2.858736059479554,4.085714285714285,1.455470737913486,0.012396694214876,0.06533333464,1992-06-29,,amc,,2025-04-25,1992-06-30,,4.912698412698413,14530.15873015873
1992-03-31,TYL,USD,860731,1992-03-31,1992-03-30 19:00:00,1992,Q1,66500000.0,50800000.0,15700000.0,0.2360902256,0,0.0,0.0,12700000.0,2700000.0,15400000.0,66200000.0,0.0,0.0,2700000.0,3000000.0,0.045112782,300000.0,0.0045112782,-100000.0,200000.0,0.0030075188,100000.0,100000.0,0.0015037594,0.01,0.01,20847000,20847000,,,3.189907420732,0.0047968532642586,-0.4844821796901233,-0.5948098047680721,0.0383748261140691,5.746630210581858,3.40096896435938,5.746630210581858,0.1199213316064661,114658500.0,116358500.0,286.64625,1.724187969924812,-11.352326732673268,-9.246653225806453,0.9570826377295492,0.9570826377295492,1.7497518796992482,38.78616666666667,-11.520643564356437,-9.38375,0.0008721551389561,-0.1081472372305585,0.0208681135225375,0.0150511739915713,0.5666666666666667,2.2142857142857144,0.0,-101.0,0.0,0.0,0.0,0.0,0.2944009632751355,-0.2277227722772277,0.0345864661654135,0.8518518518518519,0.0,0.7875463112685064,0.001097293343087,0.0008532423208191,-0.3885451144049504,35700000.0,70900000.0,18800000.0,130900000.0,20900000.0,12550000.0,37100000.0,31.93984962406015,21.614173228346456,69.8031496062992,2.817796610169492,4.163934426229508,1.2893401015228427,0.0008347245409015,0.1103276250779488,1992-03-30,,amc,,2025-04-25,1992-03-31,,4.065476190476191,31747.61904761905
1991-12-31,TYL,USD,860731,1991-12-31,1991-12-30 19:00:00,1991,Q4,65300000.0,49600000.0,15700000.0,0.2404287902,0,0.0,0.0,12100000.0,2900000.0,15000000.0,64600000.0,0.0,0.0,2900000.0,3600000.0,0.0551301685,700000.0,0.010719755,-100000.0,600000.0,0.0091883614,300000.0,300000.0,0.0045941807,0.014,0.014,20847000,20847000,,,3.132345181560896,0.0143905597927759,0.230248956684415,1.424665419484818,0.4940758862186405,5.727442797524824,3.357797284981052,5.727442797524824,0.0,59935125.0,49635125.0,49.9459375,0.9178426493108728,12.486484375,2.018017676767677,0.5019692211055277,0.5019692211055277,0.7601091117917305,13.787534722222222,10.340651041666666,1.67121632996633,0.0050054121018351,0.4955357980816758,0.0,0.0,-2.861111111111111,1.9545454545454544,0.0,16.0,0.0,0.0,0.0,0.0,0.2956313584679832,5.1875,0.3813169984686064,8.586206896551724,0.0,1.3617910745938269,0.0026099925428784,0.0025488530161427,-0.304600182280424,31500000.0,70000000.0,16800000.0,128200000.0,22700000.0,13100000.0,32150000.0,25.084226646248087,23.407258064516128,63.14516129032258,3.587912087912088,3.8449612403100777,1.4252873563218391,0.0025125628140703,1.194416462800403,1991-12-30,,amc,,2025-04-25,1991-12-31,,2.78125,12770.3125
1991-09-30,TYL,USD,860731,1991-09-30,1991-09-29 20:00:00,1991,Q3,77700000.0,57700000.0,20000000.0,0.2574002574,0,0.0,0.0,13300000.0,2700000.0,16000000.0,73700000.0,0.0,0.0,2700000.0,6700000.0,0.0862290862,4000000.0,0.0514800515,-300000.0,3700000.0,0.0476190476,1400000.0,2300000.0,0.0296010296,0.11,0.11,20909091,20909091,,,3.71608694036484,0.1099999995217391,0.5643478236332703,0.5260869542344045,0.2821739118166351,5.696086931756144,3.3573912897504727,5.696086931756144,0.0382608693988657,60113636.625,55013636.625,6.534090937499999,0.773663277027027,5.094375985169492,5.464876056818182,0.5047324653652393,0.5047324653652393,0.7080262113899614,8.210990541044776,4.662172595338983,5.001239693181819,0.0382608693988657,0.1829867666902276,0.0067170445004198,0.004750593824228,-0.7611940298507462,1.809523809523809,0.0,5.130434782608695,0.0,0.0,0.0,0.0,0.2903800475059382,0.0677966101694915,0.0102960102960102,0.2962962962962963,0.0,3.754705726791596,0.0187376524980142,0.0192468619246861,-0.3945652156758034,28900000.0,70200000.0,15300000.0,126800000.0,26450000.0,12800000.0,30950000.0,31.505791505791503,20.74523396880416,46.01386481802426,2.856617647058824,4.338345864661654,1.9559322033898303,0.0193115029387069,0.0382608693988657,1991-09-29,,amc,,2025-04-25,1991-09-30,,2.931640625,26315.625
1991-06-30,TYL,USD,860731,1991-06-30,1991-06-29 20:00:00,1991,Q2,73300000.0,55900000.0,17400000.0,0.2373806276,0,0.0,0.0,13300000.0,2500000.0,15800000.0,71700000.0,0.0,0.0,2500000.0,4100000.0,0.0559345157,1600000.0,0.0218281037,-400000.0,1200000.0,0.0163710778,300000.0,900000.0,0.0122783083,0.04,0.04,22500000,22500000,,,3.2577777777777777,0.04,0.3155555555555555,0.2888888888888888,0.0622222222222222,5.1866666666666665,3.0044444444444443,5.1866666666666665,0.3244444444444444,67500000.0,73400000.0,18.75,0.9208731241473396,9.507042253521128,10.384615384615383,0.5784061696658098,0.5784061696658098,1.0013642564802183,17.902439024390244,10.338028169014084,11.292307692307691,0.0133333333333333,0.0962962962962963,0.0625535561268209,0.0436864153201675,1.4390243902439024,2.019867549668874,0.0,7.1,0.0,0.0,0.0,0.0,0.293836026331538,0.0845070422535211,0.0081855388813096,0.24,0.0,2.1605554841290235,0.0087655222790357,0.0076271186440677,-0.6011111111111112,30800000.0,67600000.0,10600000.0,130600000.0,22850000.0,11450000.0,35350000.0,31.55525238744884,19.80322003577817,52.16457960644007,2.852140077821012,4.544715447154472,1.7253086419753083,0.0077120822622107,0.0266666666666666,1991-06-29,,amc,,2025-04-25,1991-06-30,,3.068359375,12815.625
1991-03-31,TYL,USD,860731,1991-03-31,1991-03-30 19:00:00,1991,Q1,50100000.0,41900000.0,8200000.0,0.1636726547,0,0.0,0.0,8900000.0,2300000.0,11200000.0,53100000.0,0.0,0.0,2300000.0,-700000.0,-0.0139720559,-3000000.0,-0.0598802395,-100000.0,-3100000.0,-0.0618762475,-700000.0,-2400000.0,-0.0479041916,-0.11,-0.11,21818182,21818182,,,2.2962499808645838,-0.1099999990833333,-0.0962499991979166,-1.407083321607639,0.1099999990833333,5.307499955770834,3.0433333079722225,5.307499955770834,0.7241666606319445,65454546.0,78854546.0,-6.818181875,1.3064779640718562,-31.16883142857143,-2.13206990228013,0.5652378756476684,0.5652378756476684,1.5739430339321356,-112.64935142857144,-37.54978380952381,-2.568551986970684,-0.0366666663611111,-0.469027773869213,0.1364421416234887,0.0921820303383897,-19.142857142857142,2.311111111111111,0.0,0.875,0.0,0.0,0.0,0.0,0.2882147024504084,-13.61904761904762,0.5708582834331337,12.434782608695652,0.0,,-0.0160843534983468,-0.0196721311475409,-0.8731249927239584,35400000.0,66400000.0,6800000.0,137200000.0,19950000.0,9150000.0,33450000.0,35.92814371257485,22.76849642004773,82.26730310262529,2.505,3.952830188679245,1.0939947780678851,-0.0207253886010362,1.3108333224097224,1991-03-30,,amc,,2025-04-25,1991-03-31,,3.0881147540983607,11804.918032786883
1990-12-31,TYL,USD,860731,1990-12-31,1990-12-30 19:00:00,1990,Q4,47900000.0,39700000.0,8200000.0,0.1711899791,0,0.0,0.0,6100000.0,2300000.0,8400000.0,48100000.0,0.0,0.0,2300000.0,2100000.0,0.0438413361,-200000.0,-0.0041753653,300000.0,100000.0,0.0020876827,0.0,100000.0,0.0020876827,0.0046,0.0046,21818182,21818182,,,2.195416648371528,0.0045833332951388,0.1879166651006944,0.0870833326076389,0.7929166600590278,5.389999955083334,3.996666633361112,5.389999955083334,0.0,68181818.75,50881818.75,170.454546875,1.42342001565762,16.6297118902439,35.885167763157895,0.5797773703231293,0.5797773703231293,1.062250913361169,24.2294375,12.410199695121952,26.77990460526316,0.0014666666544444,0.0278666664344444,0.0,0.0,-8.238095238095237,2.871244635193133,0.0,41.0,0.0,0.0,0.0,0.0,0.1977878985035784,0.5365853658536586,0.045929018789144,0.9565217391304348,0.0,0.745549287932017,-0.0015337423312883,0.0008110300081103,0.4778124960182292,43600000.0,87200000.0,30800000.0,124100000.0,23600000.0,7750000.0,27300000.0,37.390396659707726,17.455919395465994,64.83627204030226,2.407035175879397,5.155844155844156,1.388111888111888,0.0008503401360544,0.1008333324930555,1990-12-30,,amc,,2025-04-25,1990-12-31,,3.05859375,11950.0
1990-09-30,TYL,USD,860731,1990-09-30,1990-09-29 20:00:00,1990,Q3,59500000.0,46400000.0,13100000.0,0.2201680672,0,0.0,0.0,6700000.0,4300000.0,11000000.0,57400000.0,0.0,0.0,2200000.0,6300000.0,0.1058823529,2100000.0,0.0352941176,100000.0,2200000.0,0.0369747899,800000.0,1400000.0,0.0235294118,0.07,0.07,20000000,20000000,,,2.975,0.07,0.35,0.05,0.72,5.88,4.36,5.88,0.0,60000000.0,45600000.0,10.714285714285714,1.0084033613445378,8.571428571428571,60.0,0.5102040816326531,0.5102040816326531,0.7663865546218488,7.238095238095238,6.514285714285714,45.6,0.0233333333333333,0.0166666666666666,0.0,0.0,-2.2857142857142856,2.386206896551724,0.0,5.0,0.0,0.0,0.0,0.0,0.1935073201782304,0.8571428571428571,0.1008403361344537,2.727272727272727,0.0,3.043189116699782,0.0104321907600596,0.011049723756906,0.41875,40200000.0,87200000.0,29700000.0,120900000.0,27750000.0,8500000.0,26450000.0,41.294117647058826,15.129310344827584,50.43103448275862,2.1794871794871797,5.948717948717949,1.7846153846153847,0.0119047619047619,0.3,1990-09-29,,amc,,2025-04-25,1990-09-30,,3.4642857142857144,17203.174603174604
1990-06-30,TYL,USD,860731,1990-06-30,1990-06-29 20:00:00,1990,Q2,58900000.0,48000000.0,10900000.0,0.1850594228,0,0.0,0.0,6800000.0,2100000.0,8900000.0,56900000.0,0.0,0.0,2100000.0,4100000.0,0.0696095076,2000000.0,0.0339558574,100000.0,2100000.0,0.0356536503,700000.0,1900000.0,0.0322580645,0.09,0.09,21111111,21111111,,,2.7900000146842108,0.0900000004736842,-0.0236842106509695,-0.146842106036011,0.753157898700831,5.613157924279778,4.173157916700832,5.613157924279778,0.0,84444444.0,68544444.0,11.111111052631578,1.4336917487266554,-168.888888,-27.24014322580645,0.7126113417721519,0.7126113417721519,1.1637426825127335,16.718157073170733,-137.088888,-22.111110967741936,0.022500000118421,-0.0367105265090027,0.0,0.0,-3.8780487804878048,2.645985401459854,0.0,-0.2631578947368421,0.0,0.0,0.0,0.0,0.1943734015345268,-5.2,0.0441426146010186,1.238095238095238,0.0,3.371445514388598,0.0103359173126615,0.015079365079365,0.5968421084044322,45100000.0,88100000.0,34600000.0,122000000.0,26600000.0,10250000.0,27500000.0,43.0899830220713,17.25,50.43749999999999,2.088652482269504,5.217391304347826,1.7843866171003715,0.0160337552742616,0.1231578953850415,1990-06-29,,amc,,2025-04-25,1990-06-30,,3.4193121746031743,45630.15873015873
1990-03-31,TYL,USD,860731,1990-03-31,1990-03-30 19:00:00,1990,Q1,51300000.0,41100000.0,10200000.0,0.1988304094,0,0.0,0.0,7100000.0,2100000.0,9200000.0,50300000.0,0.0,0.0,2100000.0,3100000.0,0.0604288499,1000000.0,0.0194931774,0.0,1000000.0,0.0194931774,400000.0,200000.0,0.0038986355,0.01,0.01,20000000,20000000,,,2.565,0.01,-0.565,-0.73,0.055,5.87,4.35,5.87,0.0,59166660.0,58066660.0,73.958325,1.1533461988304097,-5.235987610619469,-4.05251095890411,0.5039749574105622,0.5039749574105622,1.1319037037037036,18.73118064516129,-5.138642477876107,-3.977168493150685,0.0033802820710176,-0.2467605911842919,0.0,0.0,-0.3548387096774194,1.9236111111111112,0.0,-56.5,0.0067605641420353,2.0,0.0,0.0,0.1485826001955034,-0.2920353982300885,0.0643274853801169,1.5714285714285714,0.0,1.1492388785626773,0.0034129692832764,0.0011481056257175,-2.665,26600000.0,87000000.0,-31800000.0,103100000.0,21400000.0,5650000.0,26950000.0,43.85964912280702,24.744525547445253,61.53284671532847,2.052,3.637168141592921,1.4626334519572954,0.0017035775127768,0.165,1990-03-30,,amc,,2025-04-25,1990-03-31,,2.8128307142857145,64223.80952380953
1989-12-31,TYL,USD,860731,1989-12-31,1989-12-30 19:00:00,1989,Q4,44700000.0,0.0,44700000.0,1.0,0,0.0,0.0,0.0,-192300000.0,-192300000.0,-192300000.0,0.0,0.0,0.0,-147600000.0,-3.3020134228,-147600000.0,-3.3020134228,147600000.0,0.0,0.0,0.0,0.0,0.0,-0.08,-0.08,20000000,20000000,,,2.235,0.0,,,0.05,5.865,4.345,5.865,1.65,58333340.0,90333340.0,0.0,1.3049964205816555,0.0,0.0,0.4973004262574594,0.4973004262574594,2.0208800894854586,-0.6120144986449865,0.0,0.0,0.0,,0.2813299232736573,0.175438596491228,-0.2168021680216802,1.6654411764705883,0.0,0.0,0.002285828310191,0.0,0.0,0.0,0.1616161616161616,0.0,,0.0,,0.0,,0.0,-2.1775,18100000.0,86900000.0,-25500000.0,93400000.0,,,,35.83892617449664,0.0,0.0,2.51123595505618,0.0,0.0,0.0,,1989-12-30,,amc,,2025-04-25,1989-12-31,,,
1989-09-30,TYL,USD,860731,1989-09-30,1989-09-29 20:00:00,1989,Q3,51700000.0,0.0,51700000.0,1.0,0,0.0,0.0,0.0,0.0,0.0,0.0,0.0,0.0,0.0,51700000.0,1.0,51700000.0,1.0,-51700000.0,0.0,0.0,0.0,0.0,0.0,0.11,0.11,20825000,20825000,,,2.482593037214886,0.0,,,,,,,,37311465.275,,0.0,0.7216917848162475,0.0,0.0,0.0,0.0,,,0.0,0.0,0.0,,0.0,0.0,,0.0,0.0,0.0,,0.0,0.0,0.0,0.0,0.0,,0.0,,,0.0,0.0,,,,,,,,,,0.0,0.0,0.0,0.0,0.0,0.0,,1989-09-29,,amc,,2025-04-25,1989-09-30,,,
1989-06-30,TYL,USD,860731,1989-06-30,1989-06-29 20:00:00,1989,Q2,51700000.0,0.0,51700000.0,1.0,0,0.0,0.0,0.0,0.0,0.0,0.0,0.0,0.0,0.0,51700000.0,1.0,51700000.0,1.0,-51700000.0,0.0,0.0,0.0,0.0,0.0,0.13,0.13,20825000,20825000,,,2.482593037214886,0.0,,,,,,,,62475000.0,,0.0,1.2084139264990328,0.0,0.0,0.0,0.0,,,0.0,0.0,0.0,,0.0,0.0,,0.0,0.0,0.0,0.0016666666666666,0.0,0.0,0.0,0.0,0.0,,0.0,,,0.0,0.0,,,,,,,,,,0.0,0.0,0.0,0.0,0.0,0.0,,1989-06-29,,amc,,2025-04-25,1989-06-30,,,
1989-03-31,TYL,USD,860731,1989-03-31,1989-03-30 19:00:00,1989,Q1,41300000.0,0.0,41300000.0,1.0,0,0.0,0.0,0.0,0.0,0.0,0.0,0.0,0.0,0.0,41300000.0,1.0,41300000.0,1.0,-41300000.0,0.0,0.0,0.0,0.0,0.0,-0.09,-0.09,20825000,20825000,,,1.9831932773109244,0.0,,,,,,,,52930215.275,,0.0,1.2816032754237288,0.0,0.0,0.0,0.0,,,0.0,0.0,0.0,,0.0,0.0,,0.0,0.0,0.0,0.0019672128567589,0.0,0.0,0.0,0.0,0.0,,0.0,,,0.0,0.0,,,,,,,,,,0.0,0.0,0.0,0.0,0.0,0.0,,1989-03-30,,amc,,2025-04-25,1989-03-31,,,
1988-12-31,TYL,USD,860731,1988-12-31,1988-12-30 19:00:00,1988,Q4,44900000.0,0.0,44900000.0,1.0,0,0.0,0.0,0.0,-180500000.0,-180500000.0,-180500000.0,0.0,0.0,0.0,-135600000.0,-3.0200445434,-135600000.0,-3.0200445434,135600000.0,0.0,0.0,0.0,0.0,0.0,0.0,0.0,20825000,20825000,,,2.156062424969988,0.0,,,0.1248499399759903,2.4777911164465785,1.0180072028811524,2.4777911164465785,9.06122448979592,44253125.0,230353125.0,0.0,0.9855929844097996,0.0,0.0,0.8576187015503877,0.8576187015503877,5.130359131403118,-1.6987693584070795,0.0,0.0,0.0,,3.6569767441860463,0.6809815950920245,-1.3724188790560472,1.6541353383458646,0.0,0.0,0.0023529411764705,0.0,0.0,0.0,0.1097076867556838,0.0,,0.0,,0.0,,0.0,-9.522208883553422,17400000.0,21200000.0,-181500000.0,93300000.0,,,,34.47661469933185,0.0,0.0,2.61046511627907,0.0,0.0,0.0,,1988-12-30,,amc,,2025-04-25,1988-12-31,,,
1988-09-30,TYL,USD,860731,1988-09-30,1988-09-29 20:00:00,1988,Q3,48100000.0,0.0,48100000.0,1.0,0,0.0,0.0,0.0,0.0,0.0,0.0,0.0,0.0,0.0,48100000.0,1.0,48100000.0,1.0,-48100000.0,0.0,0.0,0.0,0.0,0.0,0.55,0.55,21466000,21466000,,,2.2407528184105097,0.0,,,,,,,,50087326.178,,0.0,1.0413165525571726,0.0,0.0,0.0,0.0,,,0.0,0.0,0.0,,0.0,0.0,,0.0,0.0,0.0,1.444284634897805,0.0,0.0,0.0,0.0,0.0,,0.0,,,0.0,0.0,,,,,,,,,,0.0,0.0,0.0,0.0,0.0,0.0,,1988-09-29,,amc,,2025-04-25,1988-09-30,,,
1988-06-30,TYL,USD,860731,1988-06-30,1988-06-29 20:00:00,1988,Q2,48200000.0,0.0,48200000.0,1.0,0,0.0,0.0,0.0,0.0,0.0,0.0,0.0,0.0,0.0,48200000.0,1.0,48200000.0,1.0,-48200000.0,0.0,0.0,0.0,0.0,0.0,0.46,0.46,21466000,21466000,,,2.2454113481785147,0.0,,,,,,,,109118826.178,,0.0,2.263876061784232,0.0,0.0,0.0,0.0,,,0.0,0.0,0.0,,0.0,0.0,,0.0,0.0,0.0,0.0072131808008643,0.0,0.0,0.0,0.0,0.0,,0.0,,,0.0,0.0,,,,,,,,,,0.0,0.0,0.0,0.0,0.0,0.0,,1988-06-29,,amc,,2025-04-25,1988-06-30,,,
1988-03-31,TYL,USD,860731,1988-03-31,1988-03-30 19:00:00,1988,Q1,38000000.0,0.0,38000000.0,1.0,0,0.0,0.0,0.0,0.0,0.0,0.0,0.0,0.0,0.0,38000000.0,1.0,38000000.0,1.0,-38000000.0,0.0,0.0,0.0,0.0,0.0,0.1,0.1,21466000,21466000,,,1.7702413118419826,0.0,,,,,,,,95702576.178,,0.0,2.5184888467894733,0.0,0.0,0.0,0.0,,,0.0,0.0,0.0,,0.0,0.0,,0.0,0.0,0.0,0.0082243744466822,0.0,0.0,0.0,0.0,0.0,,0.0,,,0.0,0.0,,,,,,,,,,0.0,0.0,0.0,0.0,0.0,0.0,,1988-03-30,,amc,,2025-04-25,1988-03-31,,,
