date,symbol,reportedCurrency,cik,fillingDate,acceptedDate,calendarYear,period,revenue,costOfRevenue,grossProfit,grossProfitRatio,researchAndDevelopmentExpenses,generalAndAdministrativeExpenses,sellingAndMarketingExpenses,sellingGeneralAndAdministrativeExpenses,otherExpenses,operatingExpenses,costAndExpenses,interestIncome,interestExpense,depreciationAndAmortization,ebitda,ebitdaratio,operatingIncome,operatingIncomeRatio,totalOtherIncomeExpensesNet,incomeBeforeTax,incomeBeforeTaxRatio,incomeTaxExpense,netIncome,netIncomeRatio,eps,epsdiluted,weightedAverageShsOut,weightedAverageShsOutDil,link,finalLink,revenuePerShare,netIncomePerShare,operatingCashFlowPerShare,freeCashFlowPerShare,cashPerShare,bookValuePerShare,tangibleBookValuePerShare,shareholdersEquityPerShare,interestDebtPerShare,marketCap,enterpriseValue,peRatio,priceToSalesRatio,pocfratio,pfcfRatio,pbRatio,ptbRatio,evToSales,enterpriseValueOverEBITDA,evToOperatingCashFlow,evToFreeCashFlow,earningsYield,freeCashFlowYield,debtToEquity,debtToAssets,netDebtToEBITDA,currentRatio,interestCoverage,incomeQuality,dividendYield,payoutRatio,salesGeneralAndAdministrativeToRevenue,researchAndDdevelopementToRevenue,intangiblesToTotalAssets,capexToOperatingCashFlow,capexToRevenue,capexToDepreciation,stockBasedCompensationToRevenue,grahamNumber,roic,returnOnTangibleAssets,grahamNetNet,workingCapital,tangibleAssetValue,netCurrentAssetValue,investedCapital,averageReceivables,averagePayables,averageInventory,daysSalesOutstanding,daysPayablesOutstanding,daysOfInventoryOnHand,receivablesTurnover,payablesTurnover,inventoryTurnover,roe,capexPerShare,report_date,epsEstimated,time,revenueEstimated,updatedFromDate,fiscalDateEnding,surprise(%),QuarterAvgPrice,QuarterAvgVolume
2024-12-31,UBER,USD,1543151,2025-02-14,2025-02-14 16:06:34,2024,Q4,11959000000.0,7234000000.0,4725000000.0,0.3950999247,785000000,1114000000.0,1209000000.0,2323000000.0,847000000.0,3955000000.0,11189000000.0,0.0,0.0,176000000.0,1202000000.0,0.1005100761,770000000.0,0.0643866544,139000000.0,909000000.0,0.0760096998,-6002000000.0,6883000000.0,0.5755497951,3.27,3.21,2105899000,2141426000,https://www.sec.gov/Archives/edgar/data/1543151/000154315125000008/0001543151-25-000008-index.htm,https://www.sec.gov/Archives/edgar/data/1543151/000154315125000008/uber-20241231.htm,5.678809857452803,3.268437850058336,0.830999017521733,0.8101053279383295,3.313074368713789,10.672876524467698,6.308469684443556,10.236958182704868,4.737169256455319,127027827680.0,131110827680.0,4.613824919366556,10.621943948490676,72.58733010285714,74.4594535052755,5.892375344651638,5.892375344651638,10.963360454887532,109.077227687188,74.92047296,76.85277120750293,0.0541849776203305,0.0134301281156884,0.462751646720475,0.1946764499258449,3.396838602329451,1.06700941094458,0.0,0.2542496004649135,0.0,0.0,0.0931516013044568,0.0656409398779162,0.1793575833268285,0.0251428571428571,0.0036792373944309,0.25,0.0350363742787858,27.437645413935986,0.1465639140836197,0.163674410862483,-9.160577026723503,769000000.0,13285000000.0,-16523000000.0,13070000000.0,3760000000.0,830000000.0,0.0,25.08320093653316,10.67459220348355,0.0,3.588058805880588,8.43123543123543,0.0,0.3192782261805362,0.0208936895834035,2025-02-05,0.5,bmo,11756215257.0,2025-05-05,2024-12-31,5.42,71.40734375,22543571.625
2024-09-30,UBER,USD,1543151,2024-10-31,2024-10-31 16:06:41,2024,Q3,11188000000.0,6761000000.0,4427000000.0,0.3956918127,774000000,630000000.0,1096000000.0,1726000000.0,866000000.0,3366000000.0,10127000000.0,195000000.0,143000000.0,186000000.0,3098000000.0,0.2769038255,1061000000.0,0.0948337504,1708000000.0,2769000000.0,0.2474973186,158000000.0,2612000000.0,0.2334644262,1.24,1.21,2101660000,2154466000,https://www.sec.gov/Archives/edgar/data/1543151/000154315124000036/0001543151-24-000036-index.htm,https://www.sec.gov/Archives/edgar/data/1543151/000154315124000036/uber-20240930.htm,5.323411017957234,1.2428270985792182,1.0234766803383992,1.0034924773750271,4.756240305282491,7.869493638362057,3.4548880408819693,7.032536185681795,6.091851203334507,157960765600.0,163537765600.0,15.11875627871363,14.118767036110118,73.43596727103672,74.89841896633476,10.687467225981054,10.687467225981054,14.617247550947445,52.7881748224661,76.02871483031149,77.54280018966335,0.01653575171074,0.0133514166760913,0.8565629228687416,0.2686928284907783,1.8001936733376371,1.414951545916013,7.419580419580419,0.8327526132404182,0.0,0.0,0.0563103324991061,0.069181265641759,0.1969140649871596,0.0195258019525801,0.003754022166607,0.2258064516129032,0.0391490883089023,14.023376812463752,0.0269752753039553,0.0690293083855281,-8.299035048485482,4496000000.0,7261000000.0,-15247000000.0,16946000000.0,4279500000.0,777000000.0,0.0,33.68162316767966,10.675935512498151,0.0,2.6720802483878674,8.430174563591022,0.0,0.1767253044654939,0.0199842029633718,2024-10-31,0.41,bmo,10994490198.0,2025-04-25,2024-09-30,1.926829268292683,70.4009375,15361234.453125
2024-06-30,UBER,USD,1543151,2024-08-06,2024-08-06 16:09:28,2024,Q2,10700000000.0,7343000000.0,3357000000.0,0.3137383178,760000000,686000000.0,1115000000.0,1655000000.0,-6000000.0,2415000000.0,9758000000.0,176000000.0,139000000.0,181000000.0,977000000.0,0.0913084112,942000000.0,0.0880373832,281000000.0,1077000000.0,0.1006542056,57000000.0,1015000000.0,0.0948598131,0.49,0.47,2092179999,2150019000,https://www.sec.gov/Archives/edgar/data/1543151/000154315124000027/0001543151-24-000027-index.htm,https://www.sec.gov/Archives/edgar/data/1543151/000154315124000027/uber-20240630.htm,5.114282712345153,0.4851399021523673,0.8699060314456242,0.8225869670977578,3.37829441222949,6.587865291986285,2.119798488715024,5.902933784809592,5.466068887698988,148753997928.9,154777997928.9,36.63891574603448,13.902242797093455,81.73296589499999,86.43462982504357,12.044858131894737,12.044858131894737,14.465233451299063,158.42169695895598,85.04285600489011,89.93492035380592,0.0068233460218335,0.0115694369493355,0.9147368421052632,0.2721250662427133,6.165813715455476,1.209827485946889,6.776978417266187,1.793103448275862,0.0,0.0,0.0641121495327102,0.0710280373831775,0.2251770487064604,0.0543956043956044,0.0092523364485981,0.5469613259668509,0.0425233644859813,8.02710073266959,0.0282798632769092,0.0315550581359199,-8.309036511346555,2165000000.0,4435000000.0,-15248000000.0,14728000000.0,4040000000.0,792500000.0,0.0,36.77383177570093,9.216941304643878,0.0,2.447392497712717,9.764627659574469,0.0,0.0821862348178137,0.0473190643478663,2024-08-06,0.31,bmo,10568275713.0,2025-04-25,2024-06-30,0.5161290322580644,69.50412698412698,18660549.0
2024-03-31,UBER,USD,1543151,2024-05-08,2024-05-08 16:04:16,2024,Q1,10131000000.0,6168000000.0,3963000000.0,0.3911755996,790000000,1209000000.0,917000000.0,2126000000.0,48000000.0,3791000000.0,9959000000.0,159000000.0,124000000.0,190000000.0,-316000000.0,-0.0311913928,172000000.0,0.0169775935,-802000000.0,-630000000.0,-0.0621853716,29000000.0,-654000000.0,-0.0645543382,-0.31,-0.31,2078467000,2080168000,https://www.sec.gov/Archives/edgar/data/1543151/000154315124000020/0001543151-24-000020-index.htm,https://www.sec.gov/Archives/edgar/data/1543151/000154315124000020/uber-20240331.htm,4.874265504335647,-0.3146549836971191,0.7082142752326595,0.6807902170205252,3.1614646756479656,6.013566729709925,1.4794557719703991,5.320267293154041,5.429482402174295,158794878800.0,164128878800.0,-60.70140626911315,15.674156430757082,107.87695570652174,112.22252918727916,14.360180756013747,14.360180756013747,16.20065924390485,-519.3951860759494,111.50059701086955,115.99214049469964,-0.0041185207290198,0.0089108667149283,1.009314523421957,0.2818505517816106,-16.879746835443036,1.2082457720404285,1.3870967741935485,-2.250764525993884,0.0,0.0,0.1193366893692626,0.0779784818872766,0.2379858077224172,0.0387228260869565,0.0056262955285756,0.3,0.0477741585233441,,0.0060086651410166,-0.0216735708367854,-8.53898570436769,2081000000.0,3075000000.0,-15026000000.0,14754000000.0,3914500000.0,811500000.0,0.0,32.94047971572402,12.15466926070039,0.0,2.732200647249191,7.404561824729892,0.0,-0.059142702116115,0.0274240582121342,2024-05-08,0.2203,bmo,10094869025.0,2025-04-25,2024-03-31,-2.4525646845211075,71.7827868852459,20296030.62295082
2023-12-31,UBER,USD,1543151,2024-02-15,2024-02-15 16:30:29,2023,Q4,9936000000.0,6057000000.0,3879000000.0,0.3903985507,784000000,603000000.0,935000000.0,1538000000.0,-36000000.0,3227000000.0,9284000000.0,160000000.0,155000000.0,203000000.0,855000000.0,0.0860507246,652000000.0,0.0656199678,1176000000.0,1828000000.0,0.1839774557,133000000.0,1429000000.0,0.1438204509,0.69,0.66,2060885000,2121929000,https://www.sec.gov/Archives/edgar/data/1543151/000154315124000012/0001543151-24-000012-index.htm,https://www.sec.gov/Archives/edgar/data/1543151/000154315124000012/uber-20231231.htm,4.821229714418806,0.6933914313510943,0.3993430007011551,0.3726554368632893,3.014239028378585,6.153666992578431,1.5071195141892926,5.458334647493674,5.815462774487659,126888689450.0,133233689450.0,22.19886099545137,12.77060079005636,154.17823748481166,165.21964772135416,11.27999728420304,11.27999728420304,13.4091877465781,155.82887654970762,161.8878365127582,173.48136647135416,0.0112618390669334,0.0060525489177081,1.0516490354698196,0.3056926535569395,7.421052631578948,1.194943939073408,4.2064516129032254,0.57592722183345,0.0,0.0,0.0606884057971014,0.0789049919484702,0.2474482544768598,0.0668286755771567,0.0055354267310789,0.270935960591133,0.0472020933977455,9.228063484037452,0.0203255232395949,0.0490677471414346,-8.110229343219054,1843000000.0,3106000000.0,-14720000000.0,14733000000.0,3560500000.0,794500000.0,416500000.0,37.32789855072464,11.738484398216938,0.0,2.411065275418588,7.667088607594937,0.0,0.1270335140901413,0.0266875638378657,2024-02-07,0.17,bmo,9755682515.0,2025-04-25,2023-12-31,2.88235294117647,52.313809523809525,29810565.714285716
2023-09-30,UBER,USD,1543151,2023-11-07,2023-11-07 16:08:11,2023,Q3,9292000000.0,5626000000.0,3666000000.0,0.3945329316,797000000,646000000.0,941000000.0,1587000000.0,6000000.0,3272000000.0,8898000000.0,130000000.0,166000000.0,205000000.0,599000000.0,0.0644640551,394000000.0,0.0424020663,-218000000.0,176000000.0,0.0189410245,-40000000.0,221000000.0,0.0237839001,0.11,0.1,2044688000,2108479000,https://www.sec.gov/Archives/edgar/data/1543151/000154315123000039/0001543151-23-000039-index.htm,https://www.sec.gov/Archives/edgar/data/1543151/000154315123000039/uber-20230930.htm,4.544458616669145,0.1080849498798838,0.472443717574515,0.4426103151189814,2.529970342663526,5.144550170979631,0.4245146447771005,4.576737379981689,5.456578216334228,94035201120.0,100578201120.0,106.3746619004525,10.120017339647008,97.3449286956522,103.9062995801105,10.048642992092327,10.048642992092327,10.824171450710288,167.91018550918196,104.118220621118,111.13613383425414,0.0023501837329829,0.0096240555581426,1.1745030989527676,0.3057386853598153,10.92320534223706,1.1354598617756513,2.3734939759036147,4.410958904109589,0.0,0.0,0.0695221696082651,0.0857727077055531,0.2684636568472002,0.0631469979296066,0.0065647869134739,0.2975609756097561,0.0529487731381833,3.336198387745552,0.0179950673419468,0.0084036808882804,-8.603024031050214,1274000000.0,868000000.0,-14751000000.0,14284000000.0,2788000000.0,746500000.0,871000000.0,29.0572535514421,12.781727692854604,13.325630998933525,3.0973333333333333,7.041301627033792,6.75390156062425,0.023616157298568,0.0298334024555335,2023-11-07,0.12,bmo,8987100000.0,2024-12-19,2023-09-30,-0.1666666666666666,45.684603174603176,19603829.38095238
2023-06-30,UBER,USD,1543151,2023-08-02,2023-08-02 16:07:32,2023,Q2,9230000000.0,5515000000.0,3715000000.0,0.4024918743,808000000,491000000.0,1218000000.0,1709000000.0,-147000000.0,3389000000.0,8904000000.0,107000000.0,144000000.0,208000000.0,534000000.0,0.0578548212,326000000.0,0.03531961,129000000.0,455000000.0,0.0492957746,65000000.0,394000000.0,0.0426868906,0.19,0.18,2026813000,2079265000,https://www.sec.gov/Archives/edgar/data/1543151/000154315123000025/0001543151-23-000025-index.htm,https://www.sec.gov/Archives/edgar/data/1543151/000154315123000025/uber-20230630.htm,4.553947502803663,0.1943938587328974,0.5871286596247409,0.5624593882119366,2.729901574540917,4.848991988900801,0.0345369799779259,4.274691350410719,5.513582160761748,87497517210.0,93533517210.0,55.51872919416244,9.479687671722644,73.52732538655462,76.75220807894736,10.098974747229915,10.098974747229915,10.13364216793066,175.15639926966293,78.59959429411765,82.04694492105263,0.0045029849138961,0.0130289411214254,1.2731994459833795,0.3237935892920042,11.303370786516854,1.234973943254198,2.263888888888889,3.020304568527919,0.0,0.0,0.0531960996749729,0.0875406283856988,0.2864271457085828,0.042016806722689,0.0054171180931744,0.2403846153846154,0.0546045503791982,4.323992286789582,0.0108452773696321,0.016207322089675,-8.052296881853431,2029000000.0,70000000.0,-13576000000.0,15198000000.0,2573500000.0,703000000.0,903000000.0,25.1180931744312,11.325475974614688,14.834088848594742,3.5830745341614905,7.946685878962536,6.067106710671067,0.0454755309325946,0.0246692714128042,2023-08-01,0.00887,bmo,9334270000.0,2025-04-25,2023-06-30,19.29312288613303,37.1708064516129,24285164.41935484
2023-03-31,UBER,USD,1543151,2023-05-03,2023-05-03 16:06:08,2023,Q1,8823000000.0,5259000000.0,3564000000.0,0.4039442367,775000000,942000000.0,1262000000.0,2204000000.0,-21000000.0,3826000000.0,9085000000.0,87000000.0,168000000.0,207000000.0,-55000000.0,-0.0062337074,-262000000.0,-0.029695115,124000000.0,-138000000.0,-0.0156409385,55000000.0,-157000000.0,-0.017794401,-0.0781,-0.0781,2009557000,2009557000,https://www.sec.gov/Archives/edgar/data/1543151/000154315123000016/0001543151-23-000016-index.htm,https://www.sec.gov/Archives/edgar/data/1543151/000154315123000016/uber-20230331.htm,4.390519900654722,-0.0781266716992849,0.3015590003169853,0.2731945398911302,2.07309372165109,4.3153789616318425,-0.6364586821871686,3.736146822409118,5.596755901922663,63702956900.0,70736956900.0,-101.43782945859871,7.220101654765952,105.1203909240924,116.03452987249544,8.484677264251465,8.484677264251465,8.017336155502663,-1286.126489090909,116.727651650165,128.8469160291439,-0.0024645637760026,0.0086181242867864,1.47562599893447,0.3414070444670426,-127.89090909090908,1.0590809628008753,-1.5595238095238095,-3.859872611464968,0.0,0.0,0.106766405984359,0.0878386036495523,0.3066469446242026,0.094059405940594,0.0064603876232573,0.2753623188405797,0.0532698628584381,,-0.015180225779065,-0.0069777777777777,-8.577139140616564,513000000.0,-1279000000.0,-14583000000.0,13941000000.0,2675000000.0,720000000.0,788500000.0,26.225773546412785,12.184826012549914,15.350827153451226,3.4317386231038505,7.38623595505618,5.862876254180602,-0.0209110282365476,0.028364460425855,2023-05-02,-0.1,bmo,8722640000.0,2024-12-19,2023-03-31,-0.2,31.718387096774197,24333207.29032258
2022-12-31,UBER,USD,1543151,2023-02-21,2023-02-21 16:10:08,2022,Q4,8607000000.0,5307000000.0,3300000000.0,0.3834088533,747000000,745000000.0,1122000000.0,1867000000.0,828000000.0,3442000000.0,8749000000.0,73000000.0,151000000.0,223000000.0,156000000.0,0.0181247822,-67000000.0,-0.0077843616,616000000.0,474000000.0,0.0550714535,-84000000.0,595000000.0,0.0691297781,0.3,0.29,1994800000,2060574999,https://www.sec.gov/Archives/edgar/data/1543151/000154315123000010/0001543151-23-000010-index.htm,https://www.sec.gov/Archives/edgar/data/1543151/000154315123000010/uber-20221231.htm,4.314718267495488,0.2982755163424905,-0.1223180268698616,-0.1518949268097052,2.161118909163826,4.263084018447965,-0.8186284339282134,3.679566873872067,5.659715259675155,49331404000.0,56262404000.0,20.727480672268907,5.731544556756129,-202.17788524590165,-162.80991419141915,6.720899727520436,6.720899727520436,6.536819333100964,360.6564358974358,-230.5836229508197,-185.684501650165,0.0120612825047509,-0.006142132099058,1.517574931880109,0.3469120807250304,44.42948717948718,1.0447305997966791,-0.4437086092715231,-0.4066666666666667,0.0,0.0,0.0865574532357383,0.0867898222377134,0.315705876856956,-0.2418032786885245,0.0068548855582665,0.2645739910313901,0.0560009294760079,4.969336571160237,-0.0033208461842246,0.027079919898052,-8.456862843392821,396000000.0,-1633000000.0,-14356000000.0,14064000000.0,2623500000.0,751000000.0,636500000.0,29.05890554200069,12.345958168456756,11.531938948558508,3.097157250809644,7.289835164835165,7.804411764705883,0.0810626702997275,0.0295768999398435,2023-02-08,-0.18,bmo,8513263515.0,2024-12-19,2022-12-31,-2.611111111111111,27.364761904761902,23939760.34920635
2022-09-30,UBER,USD,1543151,2022-11-02,2022-11-02 16:15:18,2022,Q3,8343000000.0,5173000000.0,3170000000.0,0.3799592473,760000000,908000000.0,1153000000.0,2061000000.0,1000000.0,3665000000.0,8838000000.0,38000000.0,146000000.0,227000000.0,-803000000.0,-0.0962483519,-495000000.0,-0.0593311758,-681000000.0,-1176000000.0,-0.1409564905,58000000.0,-1206000000.0,-0.1445523193,-0.61,-0.61,1979299000,1979299000,https://www.sec.gov/Archives/edgar/data/1543151/000154315122000034/0001543151-22-000034-index.htm,https://www.sec.gov/Archives/edgar/data/1543151/000154315122000034/uber-20220930.htm,4.215128689500677,-0.6093066282557612,0.2182590907184816,0.1808721168454084,2.4579409174662343,3.7386973873073246,-1.4611233573098354,3.1561679160147103,5.673220670550533,52451423500.0,58669423500.0,-10.873014821724713,6.286878041471892,121.41533217592593,146.5123561452514,8.396257963822634,8.396257963822634,7.03217349874146,-73.06279389788294,135.80885069444443,163.8810712290503,-0.0229927029530475,0.0068253628998267,1.7741315831599167,0.3562291077397788,-7.74346201743462,1.038580931263858,-3.3904109589041096,-0.3588039867109635,0.0,0.0,0.1088337528466978,0.0910943305765312,0.3308048341475957,0.1712962962962963,0.0088697111350833,0.3259911894273127,0.0577729833393263,,-0.0231230585988568,-0.0579250720461095,-8.437077975586305,348000000.0,-2892000000.0,-14344000000.0,13987000000.0,2463500000.0,792000000.0,992000000.0,26.623516720604098,13.466073844964235,10.317030736516529,3.3804700162074552,6.683462532299742,8.723440134907252,-0.193052665279334,0.0373869738730732,2022-11-01,-0.17,bmo,8109405425.0,2025-04-25,2022-09-30,2.5882352941176467,27.6284375,27267005.6875
2022-06-30,UBER,USD,1543151,2022-08-04,2022-08-04 17:07:27,2022,Q2,8073000000.0,5153000000.0,2920000000.0,0.3616994921,704000000,851000000.0,1218000000.0,2069000000.0,860000000.0,3633000000.0,8786000000.0,17000000.0,139000000.0,265000000.0,-2174000000.0,-0.2692927041,-713000000.0,-0.0883190883,-1843000000.0,-2556000000.0,-0.3166109253,77000000.0,-2633000000.0,-0.3261488914,-1.34,-1.34,1964304000,1968882000,https://www.sec.gov/Archives/edgar/data/1543151/000154315122000024/0001543151-22-000024-index.htm,https://www.sec.gov/Archives/edgar/data/1543151/000154315122000024/uber-20220630.htm,4.109852650098967,-1.3404238855085566,0.2234888286130863,0.1944709169252824,2.238451889320594,3.8502187034186153,-1.4855134439475763,3.391022978113367,5.77100082268325,40189659840.0,46989659840.0,-3.8159570679832897,4.978280668896321,91.5482000911162,105.20853361256545,6.033577516889356,6.033577516889356,5.820594554688467,-21.61437895124195,107.03794952164009,123.00958073298428,-0.065514363905599,0.0095049324010401,1.680978832007206,0.3610305023537757,-3.1278748850046,0.9783119060927892,-5.129496402877698,-0.1678134556574923,0.0,0.0,0.1054131054131054,0.0872042611173046,0.337944154252918,0.1298405466970387,0.0070605722779635,0.2345679012345679,0.0582187538709277,,-0.0325769211601057,-0.1282326011785905,-8.407176282286246,-194000000.0,-2918000000.0,-14700000000.0,13629000000.0,2467500000.0,836000000.0,1452000000.0,27.41360089186176,14.147098777411218,24.294585678245685,3.283041886945913,6.3617283950617285,3.704529115744069,-0.39528599309413,0.0290179116878039,2022-08-02,-0.25,bmo,7383744903.0,2025-04-25,2022-06-30,4.32,26.54741935483871,34985484.951612905
2022-03-31,UBER,USD,1543151,2022-05-05,2022-05-05 16:07:20,2022,Q1,6854000000.0,4026000000.0,2828000000.0,0.4126057776,587000000,632000000.0,1263000000.0,1895000000.0,828000000.0,3310000000.0,7336000000.0,11000000.0,129000000.0,258000000.0,-5785000000.0,-0.8440326816,-482000000.0,-0.0703238985,-5686000000.0,-6168000000.0,-0.8999124599,-232000000.0,-5936000000.0,-0.8660636125,-3.04,-3.03,1953989000,1957731000,https://www.sec.gov/Archives/edgar/data/1543151/000154315122000015/0001543151-22-000015-index.htm,https://www.sec.gov/Archives/edgar/data/1543151/000154315122000015/uber-20220331.htm,3.507696307399888,-3.037888135501275,0.0076766041159904,-0.0240533595634366,2.1412607747535937,5.0245932807195945,-0.4534314164511673,4.5629734865447045,5.778947578517586,69718327520.0,76697327520.0,-2.93625031671159,10.171918225853515,4647.888501333333,-1483.3686706382978,7.81946248541947,7.81946248541947,11.190155751386053,-13.257964999135696,5113.155168,-1631.8580323404256,-0.0851426046945424,-0.0006741412433698,1.2520188425302827,0.3402108984517859,-1.2063958513396715,1.0015025427646786,-3.736434108527132,-0.0025346400811084,0.0,0.0,0.0922089290925007,0.0856434199007878,0.3262221138607826,4.133333333333334,0.0090458126641377,0.2440944881889764,0.0523781733294426,,-0.0188335484496093,-0.26850009046499,-8.288941237642586,13000000.0,-886000000.0,-14329000000.0,14009000000.0,2457500000.0,861000000.0,1072000000.0,32.51240151736213,19.269746646795827,33.822652757078984,2.768174474959612,4.670533642691416,2.6609385327164574,-0.6657694033198743,0.031729963679427,2022-05-04,-0.27,amc,6094690494.0,2025-04-25,2022-03-31,10.25925925925926,35.95516129032258,33942536.87096774
2021-12-31,UBER,USD,1543151,2022-02-24,2022-02-24 16:33:34,2021,Q4,5778000000.0,3104000000.0,2674000000.0,0.4627898927,558000000,611000000.0,1262000000.0,1873000000.0,51000000.0,3224000000.0,6328000000.0,9000000.0,130000000.0,246000000.0,-304000000.0,-0.052613361,-550000000.0,-0.0951886466,1341000000.0,791000000.0,0.1368985808,-97000000.0,892000000.0,0.1543786777,0.46,0.44,1936736000,2005591000,https://www.sec.gov/Archives/edgar/data/1543151/000154315122000008/0001543151-22-000008-index.htm,https://www.sec.gov/Archives/edgar/data/1543151/000154315122000008/uber-20211231.htm,2.983369958528163,0.460568709416255,-0.0552475918245956,-0.0965542025345736,2.1494927548204816,7.9251895973431585,2.332274507212134,7.465137220560779,5.800997141582539,81207340480.0,88017340480.0,22.759904843049327,14.054576060920734,-758.9471072897196,-434.2638528342246,5.616775520818924,5.616775520818924,15.233184575977846,-289.5307252631579,-822.5919671028038,-470.6809651336898,0.0109842287006023,-0.0023027474966509,0.768086872319823,0.2864032599164388,-22.401315789473685,0.9772828014184396,-4.230769230769231,-0.1217292377701934,0.0,0.0,0.1057459328487365,0.0965732087227414,0.2793624593799969,-0.7476635514018691,0.0138456213222568,0.3252032520325203,0.0578054690204222,8.79543596668186,-0.0203167474102074,0.0319232696299477,-8.838194777192141,-205000000.0,4517000000.0,-14606000000.0,13868000000.0,1886000000.0,585000000.0,522500000.0,37.99065420560748,24.93556701030928,18.295747422680417,2.3690036900369003,3.609302325581395,4.919175911251981,0.0616959468806197,0.041306610709978,2022-02-09,-0.33,amc,5369571596.0,2024-12-19,2021-12-31,-2.333333333333333,43.10890625,26755764.78125
2021-09-30,UBER,USD,1543151,2021-11-09,2021-11-09 15:17:43,2021,Q3,4845000000.0,2438000000.0,2407000000.0,0.4968008256,493000000,625000000.0,1168000000.0,1793000000.0,202000000.0,2979000000.0,5417000000.0,10000000.0,123000000.0,218000000.0,-2186000000.0,-0.4511867905,-572000000.0,-0.1180598555,-1955000000.0,-2527000000.0,-0.5215686275,-101000000.0,-2424000000.0,-0.5003095975,-1.28,-1.28,1893750000,1898954000,https://www.sec.gov/Archives/edgar/data/1543151/000154315121000047/0001543151-21-000047-index.htm,https://www.sec.gov/Archives/edgar/data/1543151/000154315121000047/uber-20210930.htm,2.5584158415841585,-1.28,0.3242244224422442,0.2766996699669967,3.4228382838283826,7.543234323432343,3.464026402640264,7.356303630363036,5.839207920792079,84840000000.0,89293000000.0,-8.75,17.510835913312693,138.17589576547232,161.9083969465649,6.0900150742947385,6.0900150742947385,18.429927760577915,-40.84766697163769,145.428338762215,170.40648854961833,-0.0285714285714285,0.0061763319189061,0.784940061732826,0.2964700140982539,-2.0370539798719123,1.1917302485847896,-4.650406504065041,-0.2517425174251742,0.0,0.0,0.1289989680082559,0.1017543859649122,0.2094404077648845,0.1465798045602606,0.0185758513931888,0.4128440366972477,0.0579979360165118,,-0.0188610032089633,-0.0831304228540073,-7.873399339933993,1558000000.0,6560000000.0,-12915000000.0,12282000000.0,1267000000.0,369500000.0,369000000.0,24.761609907120743,11.44380639868745,15.283018867924527,3.6346586646661674,7.864516129032258,5.888888888888889,-0.1740004306941353,0.0475247524752475,2021-11-04,-0.37,amc,4448050000.0,2024-12-19,2021-09-30,2.45945945945946,43.691875,24723208.3125
2021-06-30,UBER,USD,1543151,2021-08-05,2021-08-05 16:12:54,2021,Q2,3929000000.0,2099000000.0,1830000000.0,0.4657673708,488000000,616000000.0,1256000000.0,1872000000.0,18000000.0,3018000000.0,5117000000.0,13000000.0,115000000.0,226000000.0,-962000000.0,-0.2448460168,-1188000000.0,-0.3023670145,1828000000.0,640000000.0,0.1628913209,-479000000.0,1144000000.0,0.2911682362,0.61,0.58,1875156000,1955975000,https://www.sec.gov/Archives/edgar/data/1543151/000154315121000038/0001543151-21-000038-index.htm,https://www.sec.gov/Archives/edgar/data/1543151/000154315121000038/uber-20210630.htm,2.0952923383441164,0.610082574463138,-0.1818515366188199,-0.2122490075492385,2.6680446853488458,8.396101444359829,4.222582014509726,7.559371060327781,5.121173918329995,93982818720.0,99027818720.0,20.53820339160839,23.920289824382795,-275.60943906158354,-236.13773547738697,6.630181214814814,6.630181214814814,25.204331565283788,-102.9395204989605,-290.4041604692082,-248.81361487437184,0.0121724376389293,-0.0042348165911659,0.6693474426807761,0.2617307108769413,-5.244282744282744,1.012883914627798,-10.330434782608696,-0.3066546762589928,0.0,0.0,0.1567828964113005,0.1242046322219394,0.2158836997600066,-0.1671554252199413,0.0145075082718248,0.252212389380531,0.0692288114023924,10.186580022296765,-0.0719307320705059,0.0402462620932277,-7.701359246910657,99000000.0,7918000000.0,-12724000000.0,10939000000.0,1138000000.0,330500000.0,285500000.0,27.510817001781625,18.39447355883754,13.89232968080038,3.2714404662781016,4.892773892773893,6.478395061728395,0.080705467372134,0.0303974709304185,2021-08-04,-0.53,amc,3746660000.0,2024-12-19,2021-06-30,-2.150943396226415,52.23015873015873,20607117.41269841
2021-03-31,UBER,USD,1543151,2021-05-06,2021-05-06 16:23:37,2021,Q1,2903000000.0,1710000000.0,1193000000.0,0.4109541853,515000000,464000000.0,1103000000.0,1567000000.0,-17000000.0,2717000000.0,4427000000.0,5000000.0,115000000.0,212000000.0,-1312000000.0,-0.4519462625,-1524000000.0,-0.5249741647,1595000000.0,71000000.0,0.0244574578,185000000.0,-108000000.0,-0.0372028936,-0.0581,-0.0581,1800000000,1858525000,https://www.sec.gov/Archives/edgar/data/1543151/000154315121000029/0001543151-21-000029-index.htm,https://www.sec.gov/Archives/edgar/data/1543151/000154315121000029/uber-20210331.htm,1.612777777777778,-0.06,-0.3394444444444444,-0.3788888888888889,3.1416666666666666,7.817222222222222,3.48,7.554444444444444,5.343333333333334,98118000000.0,102785000000.0,-227.125,33.79882879779539,-160.5859247135843,-143.86803519061584,7.215619944109428,7.215619944109428,35.40647605924905,-78.3422256097561,-168.2242225859247,-150.71114369501467,-0.0011007154650522,-0.0069508143256079,0.6988527724665392,0.2742172846631078,-3.557164634146341,1.138172338090011,-13.252173913043478,5.008196721311475,0.0,0.0,0.1598346538064071,0.1774026868756459,0.2252777377001875,-0.11620294599018,0.0244574578022735,0.3349056603773584,0.0967964174991388,,0.0883324639193183,-0.0040226460071513,-7.777361111111111,1007000000.0,6264000000.0,-12289000000.0,11838000000.0,1074000000.0,233500000.0,507000000.0,33.32759214605581,12.210526315789474,13.0,2.70046511627907,7.370689655172414,6.923076923076923,-0.0079423444624209,0.0394444444444444,2021-05-05,-0.56,amc,3276260000.0,2024-12-19,2021-03-31,-0.9107142857142856,55.80295081967213,21583989.37704918
2020-12-31,UBER,USD,1543151,2021-03-01,2021-03-01 08:06:48,2020,Q4,3165000000.0,1441000000.0,1724000000.0,0.5447077409,483000000,531000000.0,1038000000.0,1569000000.0,8000000.0,2601000000.0,4042000000.0,4000000.0,118000000.0,180000000.0,-634000000.0,-0.2003159558,-877000000.0,-0.277093207,-55000000.0,-932000000.0,-0.2944707741,23000000.0,-968000000.0,-0.3058451817,-0.54,-0.54,1784007997,1793084000,https://www.sec.gov/Archives/edgar/data/1543151/000154315121000014/0001543151-21-000014-index.htm,https://www.sec.gov/Archives/edgar/data/1543151/000154315121000014/uber-20201231.htm,1.7740951864130012,-0.5425984645964567,-0.4512311611571772,-0.5201770404395782,3.826776567975216,7.709606696342629,3.408617007449435,6.875529717706753,5.267353070054652,90984407847.0,94616407847.0,-23.49803921668388,28.747048292890995,-113.02410912670808,-98.0435429385776,7.417610292434372,7.417610292434372,29.894599635703003,-149.23723635173502,-117.5359103689441,-101.95733604202586,-0.0106391855803226,-0.0101995498125407,0.7564813305070928,0.2790508841573439,-5.728706624605678,1.4394756008739986,-7.432203389830509,0.8367983367983368,0.0,0.0,0.1677725118483412,0.15260663507109,0.2307530374112835,-0.1527950310559006,0.0388625592417061,0.6833333333333333,0.074565560821485,,-0.033607939857985,-0.0378435435318034,-6.436490205934878,3017000000.0,6081000000.0,-9616000000.0,13778000000.0,923000000.0,237500000.0,492500000.0,30.51184834123223,14.677307425399029,47.90423317140874,2.949673811742777,6.131914893617021,1.878748370273794,-0.0789173324637208,0.0689458792824009,2021-02-10,-0.53,amc,3605310000.0,2025-04-25,2020-12-31,0.0188679245283019,44.81484375,20735457.90625
2020-09-30,UBER,USD,1543151,2020-11-06,2020-11-06 16:07:46,2020,Q3,3129000000.0,1614000000.0,1515000000.0,0.4841802493,493000000,711000000.0,924000000.0,1635000000.0,38000000.0,2631000000.0,4245000000.0,7000000.0,112000000.0,138000000.0,-827000000.0,-0.2643016938,-1116000000.0,-0.3566634708,39000000.0,-1077000000.0,-0.3441994247,23000000.0,-1089000000.0,-0.3480345158,-0.62,-0.62,1755029000,1755029000,https://www.sec.gov/Archives/edgar/data/1543151/000162828020015936/0001628280-20-015936-index.htm,https://www.sec.gov/Archives/edgar/data/1543151/000162828020015936/uber-20200930.htm,1.782876522268293,-0.6205025671940464,-0.231335208705953,-0.305977849938662,4.151498351309295,5.801613534591167,3.726434150090967,5.095072503075448,4.832398780874846,64023457919.99999,66238457919.99999,-14.697763526170798,20.461316049856183,-157.69324610837438,-119.224316424581,7.159858859315588,7.159858859315588,21.16920994566954,-80.09487051995163,-163.1489111330049,-123.34908364990687,-0.0170093905480824,-0.0083875507110378,0.9359203757548646,0.2896449089776424,-2.678355501813785,1.3599190868371622,-9.964285714285714,0.3664259927797834,0.0,0.0,0.2272291466922339,0.1575583253435602,0.1260469301585104,-0.3226600985221675,0.0418664109939277,0.9492753623188406,0.0584851390220517,,-0.0488695279146278,-0.0431252970061777,-6.117990073098508,2491000000.0,6540000000.0,-9300000000.0,9343000000.0,688500000.0,246500000.0,170500000.0,22.233940556088207,13.382899628252789,12.156133828996284,4.047865459249676,6.725,7.403669724770643,-0.1217848356072467,0.0746426412327089,2020-11-05,-0.6,amc,3280403225.0,2025-04-25,2020-09-30,0.0333333333333333,33.00921875,21847169.515625
2020-06-30,UBER,USD,1543151,2020-08-07,2020-08-07 16:29:33,2020,Q2,2241000000.0,1252000000.0,989000000.0,0.4413208389,584000000,565000000.0,736000000.0,1301000000.0,-5000000.0,2596000000.0,3848000000.0,6000000.0,110000000.0,129000000.0,-1522000000.0,-0.6791610888,-1607000000.0,-0.7170905846,-154000000.0,-1761000000.0,-0.7858099063,4000000.0,-1775000000.0,-0.7920571174,-1.02,-1.02,1738897000,1738897000,https://www.sec.gov/Archives/edgar/data/1543151/000154315120000029/0001543151-20-000029-index.htm,https://www.sec.gov/Archives/edgar/data/1543151/000154315120000029/uber-20200630.htm,1.2887479821979104,-1.0207620117810312,-0.6159076702070335,-0.7102203293237035,4.478126076472615,6.05038711321027,4.295826607326369,5.491987161976816,4.896207193410535,54044918760.0,55694918760.0,-7.611960388732395,24.116429611780458,-50.46210901960784,-43.76106782186235,5.659153796858639,5.659153796858639,24.85270805890228,-36.59324491458607,-52.002725266106445,-45.09710021052632,-0.0328430505721052,-0.0228513619473521,0.88,0.2975920679886685,-1.0840998685939554,1.6401290103547783,-14.60909090909091,0.6044018058690744,0.0,0.0,0.252119589468987,0.2605979473449353,0.1080382436260623,-0.1531279178338002,0.07318161535029,1.2713178294573644,0.0584560464078536,,-0.0709443773400303,-0.0704672674580173,-5.415789434336824,3771000000.0,7470000000.0,-8057000000.0,10109000000.0,643500000.0,234000000.0,158000000.0,24.2570281124498,18.18690095846645,8.84185303514377,3.710264900662251,4.948616600790514,10.178861788617889,-0.1858638743455497,0.0943126591166699,2020-08-06,-0.78,amc,1889470588.0,2025-04-25,2020-06-30,0.3076923076923076,31.166666666666668,30483774.603174604
2020-03-31,UBER,USD,1543151,2020-05-08,2020-05-08 16:56:27,2020,Q1,3543000000.0,1786000000.0,1757000000.0,0.4959074231,645000000,859000000.0,885000000.0,1744000000.0,18000000.0,3020000000.0,4806000000.0,38000000.0,118000000.0,128000000.0,-2930000000.0,-0.826982783,-1263000000.0,-0.3564775614,-1913000000.0,-3176000000.0,-0.8964154671,-242000000.0,-2936000000.0,-0.8286762631,-1.7,-1.7,1724367000,1724367000,https://www.sec.gov/Archives/edgar/data/1543151/000154315120000022/0001543151-20-000022-index.htm,https://www.sec.gov/Archives/edgar/data/1543151/000154315120000022/fy2020q1financialstate.htm,2.054667016940129,-1.7026537854180694,-0.2685043265151792,-0.3833290708996403,5.216986871124303,7.143490915796927,5.330651769605891,6.577486115194735,4.375518668589691,48144326640.0,47406326640.0,-4.099482854223433,13.588576528365792,-103.98342686825056,-72.83559249621786,4.244782810791748,4.244782810791748,13.38027847586791,-16.17963366552901,-102.38947438444924,-71.71910232980333,-0.0609833017699881,-0.0137295512499871,0.6548227825780286,0.2468261881023596,0.251877133105802,1.6760669582265115,-10.703389830508474,0.1571622539035981,0.0,0.0,0.2424499012136607,0.1820491109229466,0.1038883349950149,-0.427645788336933,0.0558848433530906,1.546875,0.0781823313576065,,-0.0471953666331317,-0.1088859219700341,-4.73637572512116,4483000000.0,9192000000.0,-6658000000.0,11049000000.0,948500000.0,243500000.0,146000000.0,17.34970364098222,10.834266517357223,9.725643896976484,5.187408491947291,8.306976744186047,9.253886010362692,-0.2588608710985717,0.114824744384461,2020-05-07,-0.79,amc,3026773828.0,2025-04-25,2020-03-31,-0.189873417721519,32.906612903225806,39251772.32258064
2019-12-31,UBER,USD,1543151,2020-03-02,2020-03-02 16:12:35,2019,Q4,4069000000.0,1927000000.0,2142000000.0,0.5264192676,608000000,647000000.0,1251000000.0,1898000000.0,4000000.0,3113000000.0,5040000000.0,50000000.0,101000000.0,101000000.0,-855000000.0,-0.2101253379,-971000000.0,-0.2386335709,-86000000.0,-1057000000.0,-0.259768985,25000000.0,-1096000000.0,-0.2693536495,-0.64,-0.64,1710260000,1710260000,https://www.sec.gov/Archives/edgar/data/1543151/000154315120000010/0001543151-20-000010-index.htm,https://www.sec.gov/Archives/edgar/data/1543151/000154315120000010/fy2019q410kfinancialst.htm,2.379170418532855,-0.6408382351221452,-1.051886847613813,-1.1583034158548993,6.614783717095646,8.877597558265995,8.738437430566112,8.296984084291278,4.401085215113492,50863132400.0,47416132400.0,-11.601991879562044,12.500155419021873,-28.273003001667597,-25.675483291267035,3.584434982381959,3.584434982381959,11.653018530351437,-55.457464795321634,-26.35693852140077,-23.93545300353357,-0.0215480240458017,-0.0389476602506691,0.5233262861169838,0.2338087591700513,4.031578947368421,2.4694094697641424,-9.613861386138614,1.6489459211732356,0.0011599757469911,-0.0538321167883211,0.1590071270582452,0.149422462521504,0.0074934668303894,-0.1011673151750972,0.0447284345047923,1.801980198019802,0.0597198328827721,,-0.0374940000506761,-0.0347682644418361,-2.5171611333949224,8286000000.0,14945000000.0,-2653000000.0,11849000000.0,1184000000.0,199000000.0,66000000.0,26.851806340624236,12.703684483653346,4.623767514270887,3.351729818780889,7.084558823529412,19.464646464646464,-0.0772374911909795,0.1064165682410861,2020-02-06,-0.68,amc,4259734375.0,2025-04-25,2019-12-31,-0.0588235294117647,29.66734375,26623601.921875
2019-09-30,UBER,USD,1543151,2019-11-05,2019-11-05 16:58:34,2019,Q3,3813000000.0,1860000000.0,1953000000.0,0.512195122,755000000,591000000.0,1113000000.0,1704000000.0,-22000000.0,3059000000.0,4919000000.0,76000000.0,90000000.0,102000000.0,-955000000.0,-0.2504589562,-1106000000.0,-0.29006032,-41000000.0,-1147000000.0,-0.3008130081,3000000.0,-1162000000.0,-0.3047469184,-0.68,-0.68,1700213000,1700213000,https://www.sec.gov/Archives/edgar/data/1543151/000154315119000017/0001543151-19-000017-index.htm,https://www.sec.gov/Archives/edgar/data/1543151/000154315119000017/fy2019q3financialstate.htm,2.242660184341609,-0.6834437802792944,-0.5164058856155082,-0.5922787321353266,7.440244251749633,9.440581856508569,9.29883491068472,8.85889003318996,4.385921058126247,51805490110.0,46522490110.0,-11.14575949010327,13.586543432992396,-59.00397506833713,-51.44537250248262,3.439482811711592,3.439482811711592,12.201020222921583,-48.714649329842935,-52.986890785876994,-46.19909643495532,-0.0224300551453657,-0.0194380942610871,0.4891116717567388,0.2281369998761303,5.531937172774869,2.8207371556217424,-12.28888888888889,0.7575496117342536,0.0,0.0,0.1549960660896931,0.1980068187778652,0.0074631487674965,-0.1469248291571754,0.033831628638867,1.2647058823529411,0.1051665355363231,,-0.0406977929214766,-0.0362547190415275,-1.5933297769161865,9781000000.0,15810000000.0,-1088000000.0,13097000000.0,1222000000.0,146500000.0,85000000.0,27.238394964594807,6.096774193548387,1.596774193548387,3.304159445407279,14.761904761904765,56.36363636363637,-0.0771477891382286,0.0758728465198184,2019-11-04,-0.83,amc,4541955882.0,2025-04-25,2019-09-30,-0.1807228915662649,37.629375,9502300.03125
2019-06-30,UBER,USD,1543151,2019-08-09,2019-08-09 16:21:21,2019,Q2,3166000000.0,1740000000.0,1426000000.0,0.4504106128,3064000000,1638000000.0,1222000000.0,2860000000.0,16000000.0,6911000000.0,8651000000.0,64000000.0,151000000.0,123000000.0,-4964000000.0,-1.5679090335,-5485000000.0,-1.7324699937,247000000.0,-5238000000.0,-1.6544535692,-2000000.0,-5236000000.0,-1.6538218572,-4.71,-4.71,1109322033,1110704000,https://www.sec.gov/Archives/edgar/data/1543151/000154315119000009/0001543151-19-000009-index.htm,https://www.sec.gov/Archives/edgar/data/1543151/000154315119000009/fy2019q2financialstate.htm,2.8539954186594616,-4.720000003822154,-0.8311382741642526,-0.964553094745933,10.586646303454428,14.340290309549816,14.11943469439771,14.35291063041565,5.526799087745155,49109686400.91,43345686400.91,-2.3448093201351226,15.51158761873342,-53.26430195326464,-45.896903178420565,3.084391810131265,3.084391810131265,13.690993809510424,-8.73200773588034,-47.01267505521693,-40.509987290570095,-0.1066184776106201,-0.0217879623841412,0.3755809571661851,0.1930277598450613,1.16116035455278,2.567324955116697,-36.32450331125827,0.1757529546321006,0.0,0.0,0.5173720783322805,0.9677826910928616,0.0079083279535184,-0.1605206073752711,0.0467466835123183,1.2032520325203253,1.2447883765003158,,-0.2131518753331395,-0.1703595249715308,-2.0661268160352133,8730000000.0,15663000000.0,-772000000.0,11759000000.0,1182000000.0,159000000.0,136500000.0,36.6708780795957,8.63793103448276,7.086206896551724,2.454263565891473,10.419161676646707,12.700729927007298,-0.3288531591508604,0.1334148205816804,2019-08-08,-3.33,amc,2139733050.0,2025-04-25,2019-06-30,0.4174174174174173,42.44714285714286,22943427.22857143
2019-03-31,UBER,USD,1543151,2019-06-04,2019-06-03 20:32:11,2019,Q1,3099000000.0,1681000000.0,1418000000.0,0.4575669571,409000000,423000000.0,1040000000.0,1463000000.0,26000000.0,2452000000.0,4133000000.0,44000000.0,217000000.0,146000000.0,-628000000.0,-0.2026460148,-1034000000.0,-0.3336560181,43000000.0,-991000000.0,-0.3197805744,19000000.0,-1012000000.0,-0.3265569539,-0.6,-0.6,1676959021,1676959021,https://www.sec.gov/Archives/edgar/data/1543151/000162828019007524/0001628280-19-007524-index.htm,https://www.sec.gov/Archives/edgar/data/1543151/000162828019007524/fy2019q1financialstate.htm,1.8479879121625835,-0.6034733033586752,-0.4305412302618217,-0.5074661869152496,3.425843999798013,-5.030534374638127,-5.168283715622172,-5.028149104664377,5.10388142633093,69711186502.97,72308186502.97,-17.22114291081275,22.49473588350113,-96.55288989331024,-81.91678790008226,-8.267455704811432,-8.267455704811432,23.332748145521137,-115.14042436778662,-100.1498428018975,-84.9684917778731,-0.0145170388106489,-0.0122075099089547,-0.989326375711575,0.3420254202542025,-4.135350318471337,1.6822231650403054,-4.764976958525345,0.7106299212598425,0.0,0.0,0.1364956437560503,0.1319780574378831,0.0094710947109471,-0.1786703601108033,0.0416263310745401,0.8835616438356164,0.0035495321071313,,-0.0527017613411683,-0.0418891510410199,-15.627990709261343,3216000000.0,-8667000000.0,-24896000000.0,6095000000.0,1204500000.0,150500000.0,437000000.0,31.190706679574053,8.084473527662107,7.28138013087448,2.8854748603351954,11.132450331125828,12.360294117647058,0.1200189753320683,0.0769249566534279,2019-05-30,-2.32,amc,3140137168.0,2025-04-25,2019-03-31,-0.0258620689655172,,
2018-12-31,UBER,USD,1543151,2018-12-31,2018-12-30 19:00:00,2018,Q4,2974000000.0,1615000000.0,1359000000.0,0.4569603228,366000000,555000000.0,974000000.0,1529000000.0,7000000.0,2412000000.0,4027000000.0,35000000.0,195000000.0,109000000.0,-897000000.0,-0.3016139879,-1053000000.0,-0.3540685945,-148000000.0,-1201000000.0,-0.4038332213,-322000000.0,-887000000.0,-0.2982515131,-0.53,-0.53,1676959021,1676959021,,,1.7734482254829051,-0.528933616678997,-0.4060922130308871,-0.5229704417446227,3.820009862960151,6.161748659688924,6.021614048731129,6.161748659688924,2.8205817439590253,69711186502.97,67840186502.97,-19.648023253373733,23.44021066004371,-102.36591263284876,-79.48824002619156,6.7464614829159,6.7464614829159,22.81109162843645,-75.63008528759198,-99.61848238321586,-77.35483067613455,-0.0127239263093335,-0.0125804773092283,0.4388851253266234,0.1890528597632149,2.0858416945373466,1.629587803500847,-5.4,0.766029246344207,0.0,0.0,0.1866173503698722,0.1230665770006725,0.0097965649491412,-0.2878120411160059,0.0659045057162071,1.798165137614679,0.0084061869535978,,-0.0409674817374351,-0.0373426514545531,-3.505601464545269,3345000000.0,10098000000.0,-4997000000.0,5221000000.0,,,,40.40013449899126,8.359133126934985,41.126934984520126,2.2277153558052434,10.766666666666667,2.1883468834688347,-0.0858414787573792,0.1168782287137355,2018-12-30,,amc,,2025-04-25,2018-12-31,,,
2018-09-30,UBER,USD,1543151,2018-09-30,2018-09-29 20:00:00,2018,Q3,2944000000.0,1510000000.0,1434000000.0,0.4870923913,434000000,460000000.0,785000000.0,1245000000.0,19000000.0,2197000000.0,3707000000.0,27000000.0,161000000.0,131000000.0,-686000000.0,-0.2330163043,-763000000.0,-0.2591711957,-215000000.0,-978000000.0,-0.332201087,1000000.0,-986000000.0,-0.3349184783,-0.58,-0.58,1700213000,1700213000,,,1.7315477531344603,-0.5799273385158212,-0.2411462563808181,-0.3311349813229283,,,,,,70677854410.0,,-17.920348481237323,24.00742337296196,-172.38501075609756,-125.5379296802842,0.0,0.0,,,,,-0.0139506215664137,-0.0079657200222017,0.0,0.0,,0.0,-4.739130434782608,0.4124748490945674,0.0,0.0,0.15625,0.1474184782608695,0.0,-0.373170731707317,0.0519701086956521,1.16793893129771,0.0217391304347826,,0.0,0.0,,,,,,,,,,,,0.0,0.0,0.0,0.0,0.0899887249421101,2019-02-15,,bmo,,2025-04-25,2018-09-30,,,
2018-06-30,UBER,USD,1543151,2018-06-30,2018-06-29 20:00:00,2018,Q2,2768000000.0,1342000000.0,1426000000.0,0.5151734104,365000000,638000000.0,715000000.0,1353000000.0,71000000.0,2165000000.0,3507000000.0,24000000.0,160000000.0,98000000.0,-578000000.0,-0.2088150289,-739000000.0,-0.2669797688,-97000000.0,-836000000.0,-0.3020231214,28000000.0,-878000000.0,-0.3171965318,-0.52,-0.52,1700213000,1700213000,,,1.628031311370987,-0.5164058856155082,-0.0899887249421101,-0.1599799554526403,,,,,,70677854410.0,,-20.12467380694761,25.533906940028903,-461.9467608496733,-259.8450529779412,0.0,0.0,,,,,-0.0124225615976788,-0.0038484473286658,0.0,0.0,,0.0,-4.61875,0.174259681093394,0.0,0.0,0.2304913294797687,0.1318641618497109,0.0,-0.7777777777777778,0.0429913294797687,1.2142857142857142,0.0072254335260115,,0.0,0.0,,,,,,,,,,,,0.0,0.0,0.0,0.0,0.0699912305105301,2018-06-29,,amc,,2025-04-25,2018-06-30,,,
2018-03-31,UBER,USD,1543151,2018-03-31,2018-03-30 20:00:00,2018,Q1,2584000000.0,1156000000.0,1428000000.0,0.5526315789,340000000,429000000.0,677000000.0,1106000000.0,128000000.0,1906000000.0,3062000000.0,18000000.0,132000000.0,88000000.0,-390000000.0,-0.1509287926,-478000000.0,-0.1849845201,4805000000.0,4327000000.0,1.6745356037,576000000.0,3748000000.0,1.4504643963,0.52,0.52,1700213000,1700213000,,,1.5198095768000832,2.2044296802812355,-0.1746839954758609,-0.2276185395594551,0.0,2.148554328192997,2.148554328192997,2.148554328192997,0.0776373313226048,70677854410.0,70677854410.0,4.714371292022412,27.352110839783283,-237.97257377104376,-182.630114754522,19.34789335067068,19.34789335067068,27.352110839783283,-181.22526771794875,-237.97257377104376,-182.630114754522,0.0530293403964694,-0.0054755482213003,0.0,0.0,0.0,0.0,-3.621212121212121,-0.0792422625400213,0.0,0.0,0.1660216718266254,0.131578947368421,0.0,-0.303030303030303,0.0348297213622291,1.0227272727272727,0.0236068111455108,10.323157508350846,0.0,0.0,2.148554328192997,4393000000.0,3653000000.0,8046000000.0,4393000000.0,463000000.0,106500000.0,0.0,0.0,0.0,0.0,0.0,0.0,0.0,1.0260060224473035,0.0529345440835942,2018-03-30,,amc,,2025-04-25,2018-03-31,,,
2017-12-31,UBER,USD,1543151,2017-12-31,2017-12-30 19:00:00,2017,Q4,2441000000.0,1686000000.0,755000000.0,0.3092994674,320000000,0.0,0.0,1632000000.0,0.0,1952000000.0,-3638000000.0,0.0,132000000.0,120000000.0,-1046000000.0,-0.4285129045,-1197000000.0,-0.490372798,-101000000.0,-1298000000.0,-0.5317492831,-655000000.0,-643000000.0,-0.2634166325,-0.38,-0.38,1682521965,1682521965,,,1.450798296116152,-0.3821644016397729,,,2.6953585714407,2.171145504183656,2.115871337227981,2.171145504183656,3.1048628836176886,69942438085.05,70499438085.05,-27.193793967748835,28.65319053054076,0.0,0.0,19.14657489325212,19.14657489325212,28.881375700553058,-67.39908038723709,0.0,0.0,-0.009193274035116,,1.3939228031754722,0.3300920523791002,-0.5325047801147228,1.777229009617884,-9.068181818181818,0.0,,,0.0,0.1310938140106513,0.0060287825748735,0.0,,0.0,,,-0.0501833845726929,-0.0419356942542229,-3.8891022739189034,2990000000.0,3560000000.0,-4936000000.0,4275000000.0,,,,34.141745186399014,11.370106761565838,0.0,2.636069114470842,7.915492957746479,0.0,-0.176019709827539,,2017-12-30,,amc,,2025-04-25,2017-12-31,,,
2017-09-30,UBER,USD,1543151,2017-09-30,2017-09-29 20:00:00,2017,Q3,2149000000.0,1688000000.0,461000000.0,0.2145183806,307000000,0.0,0.0,1309000000.0,0.0,1616000000.0,-3304000000.0,0.0,123000000.0,140000000.0,-1110000000.0,-0.5165193113,-1155000000.0,-0.5374592834,-218000000.0,-1373000000.0,-0.6389018148,40000000.0,-1413000000.0,-0.6575151233,-0.84,-0.84,1682521965,1682521965,,,1.277249298792958,-0.8398107301975104,,,,,,,,69942438085.05,,-12.374812116958598,32.54650446023732,0.0,0.0,0.0,0.0,,,0.0,0.0,-0.020202326923202,,0.0,0.0,,0.0,-9.390243902439025,0.0,,,0.0,0.1428571428571428,0.0,0.0,,0.0,,,0.0,0.0,,,,,,,,,,,,0.0,0.0,0.0,0.0,,2017-09-29,,amc,,2025-04-25,2017-09-30,,,
2017-06-30,UBER,USD,1543151,2017-06-30,2017-06-29 20:00:00,2017,Q2,1813000000.0,1408000000.0,405000000.0,0.223386652,304000000,0.0,0.0,1011000000.0,0.0,1315000000.0,-2723000000.0,0.0,115000000.0,129000000.0,-769000000.0,-0.4241588527,-910000000.0,-0.5019305019,-103000000.0,-1013000000.0,-0.5587424159,37000000.0,-1050000000.0,-0.5791505792,-0.62,-0.62,1682521965,1682521965,,,1.0775490826950362,-0.6240631753060056,,,,,,,,69942438085.05,,-16.652961448821426,38.57828907062879,0.0,0.0,0.0,0.0,,,0.0,0.0,-0.01501234484739,,0.0,0.0,,0.0,-7.913043478260869,0.0,,,0.0,0.1676778819635962,0.0,0.0,,0.0,,,0.0,0.0,,,,,,,,,,,,0.0,0.0,0.0,0.0,,2017-06-29,,amc,,2025-04-25,2017-06-30,,,
2017-03-31,UBER,USD,1543151,2017-03-31,2017-03-30 20:00:00,2017,Q1,1529000000.0,1242000000.0,287000000.0,0.1877043819,270000000,0.0,0.0,835000000.0,0.0,1105000000.0,-2347000000.0,0.0,109000000.0,121000000.0,-661000000.0,-0.4323086985,-818000000.0,-0.5349901897,-73000000.0,-891000000.0,-0.5827338129,36000000.0,-927000000.0,-0.6062786135,-0.55,-0.55,1682521965,1682521965,,,0.9087548524217928,-0.5509586319130164,,,,,,,,69942438085.05,,-18.862577692839803,45.74390980055592,0.0,0.0,0.0,0.0,,,0.0,0.0,-0.0132537558795529,,0.0,0.0,,0.0,-7.504587155963303,0.0,,,0.0,0.1765860039241334,0.0,0.0,,0.0,,,0.0,0.0,,,,,,,,,,,,0.0,0.0,0.0,0.0,,2017-03-30,,amc,,2025-04-25,2017-03-31,,,
