date,symbol,reportedCurrency,cik,fillingDate,acceptedDate,calendarYear,period,revenue,costOfRevenue,grossProfit,grossProfitRatio,researchAndDevelopmentExpenses,generalAndAdministrativeExpenses,sellingAndMarketingExpenses,sellingGeneralAndAdministrativeExpenses,otherExpenses,operatingExpenses,costAndExpenses,interestIncome,interestExpense,depreciationAndAmortization,ebitda,ebitdaratio,operatingIncome,operatingIncomeRatio,totalOtherIncomeExpensesNet,incomeBeforeTax,incomeBeforeTaxRatio,incomeTaxExpense,netIncome,netIncomeRatio,eps,epsdiluted,weightedAverageShsOut,weightedAverageShsOutDil,link,finalLink,revenuePerShare,netIncomePerShare,operatingCashFlowPerShare,freeCashFlowPerShare,cashPerShare,bookValuePerShare,tangibleBookValuePerShare,shareholdersEquityPerShare,interestDebtPerShare,marketCap,enterpriseValue,peRatio,priceToSalesRatio,pocfratio,pfcfRatio,pbRatio,ptbRatio,evToSales,enterpriseValueOverEBITDA,evToOperatingCashFlow,evToFreeCashFlow,earningsYield,freeCashFlowYield,debtToEquity,debtToAssets,netDebtToEBITDA,currentRatio,interestCoverage,incomeQuality,dividendYield,payoutRatio,salesGeneralAndAdministrativeToRevenue,researchAndDdevelopementToRevenue,intangiblesToTotalAssets,capexToOperatingCashFlow,capexToRevenue,capexToDepreciation,stockBasedCompensationToRevenue,grahamNumber,roic,returnOnTangibleAssets,grahamNetNet,workingCapital,tangibleAssetValue,netCurrentAssetValue,investedCapital,averageReceivables,averagePayables,averageInventory,daysSalesOutstanding,daysPayablesOutstanding,daysOfInventoryOnHand,receivablesTurnover,payablesTurnover,inventoryTurnover,roe,capexPerShare,report_date,epsEstimated,time,revenueEstimated,updatedFromDate,fiscalDateEnding,surprise(%),QuarterAvgPrice,QuarterAvgVolume
2025-03-31,UDR,USD,74208,2025-05-01,2025-05-01 15:06:08,2025,Q1,421948000.0,309774000.0,112174000.0,0.2658479244,0,19495000.0,0.0,19495000.0,-29516000.0,-10021000.0,299753000.0,1921000.0,47701000.0,168461000.0,298391000.0,0.7071748178,122195000.0,0.2895972963,-39966000.0,82229000.0,0.1948794638,158000.0,76720000.0,0.1818233526,0.2283956591698222,0.2276458547496812,330628000,331717000,https://www.sec.gov/Archives/edgar/data/74208/000007420825000036/0000074208-25-000036-index.htm,https://www.sec.gov/Archives/edgar/data/74208/000007420825000036/udr-20250331x10q.htm,1.276201652612604,0.2320432631235104,0.4724826693443991,0.2853630061579781,0.0037806840316004,13.274293163313452,13.274293163313452,10.074899887486843,0.0,14934466760.0,14933216760.0,48.6654938738269,35.39409301620105,95.60139012649152,158.28961366840136,4.483419240334261,4.483419240334261,35.39113056585172,76.22021396269945,95.59338838531264,158.27636498532047,0.0051371100979302,0.0063175338976749,0.0,0.0,-0.0063800900358305,0.615373467748525,0.0,1.9034250831597035,0.0095024484155067,1.849765380604797,0.0462023756481841,0.0,0.0,0.0,0.0,0.0,0.0177699621754339,7.252639831436588,0.0111140724659231,0.0071397913825919,-18.392072812949905,-249483000.0,4388853000.0,-5957405000.0,-63417000.0,306841000.0,57552500.0,0.0,78.03087110260032,0.0,0.0,1.1533896614028805,0.0,0.0,0.023031818252776,0.0,2025-04-30,0.61,amc,421042420.0,2025-05-11,2025-03-31,0.0,42.82558333333333,2022838.5166666664
2024-12-31,UDR,USD,74208,2025-02-18,2025-02-18 15:30:53,2024,Q4,422728000.0,308547000.0,114181000.0,0.2701051267,0,25469000.0,0.0,25469000.0,22424000.0,47893000.0,363716000.0,-18522000.0,61961000.0,171827000.0,244545000.0,0.5784925531,66288000.0,0.1568100528,-71499000.0,-5211000.0,-0.0123270756,312000.0,-5044000.0,-0.0119320225,-0.0189,-0.0189,329290000,331243630,https://www.sec.gov/Archives/edgar/data/74208/000007420825000010/0000074208-25-000010-index.htm,https://www.sec.gov/Archives/edgar/data/74208/000007420825000010/udr-20241231x10k.htm,1.2837559597922803,-0.0153178049743387,0.7304685839229859,0.528215250994564,0.0040268456375838,13.54701023414012,13.54701023414012,10.456451759846944,18.43724680372923,14294478899.999998,20302392900.0,-708.4892396907215,33.814838146515015,59.42760709415638,82.18240559746113,4.151503875023416,4.151503875023416,48.02708337275979,83.02109182359075,84.4047996973426,116.7233516925766,-0.0003528635101206,0.0121680546186262,1.745246071610607,0.5514285457348077,24.567723731828497,0.3898050396855976,1.0698342505769758,-47.68754956383823,0.0098938898710046,-28.038858049167327,0.0602491436573872,0.0,0.0,0.2768816310240463,0.1575481160462519,0.3875991549640045,0.0160102950360515,,0.0067102176125949,-0.0004628548010541,-18.97864572261532,-443436000.0,4460895000.0,-6153415000.0,-256439000.0,263927500.0,112203500.0,0.0,52.76776082965878,33.574949683516614,0.0,1.7055868694245286,2.6805699144259587,0.0,-0.0014649142296203,0.2022533329284217,2025-02-05,0.1,amc,421173050.0,2025-05-05,2024-12-31,5.3,44.22015625,1890973.046875
2024-09-30,UDR,USD,74208,2024-10-31,2024-10-31 15:24:10,2024,Q3,420160000.0,147254000.0,272906000.0,0.649528751,0,20890000.0,0.0,20890000.0,189366000.0,210256000.0,350304000.0,6159000.0,50214000.0,174305000.0,245634000.0,0.5846201447,69856000.0,0.1662604722,-45935000.0,23921000.0,0.0569330731,-156000.0,22597000.0,0.0537818926,0.065,0.0647,329421000,330557000,https://www.sec.gov/Archives/edgar/data/74208/000007420824000081/0000074208-24-000081-index.htm,https://www.sec.gov/Archives/edgar/data/74208/000007420824000081/udr-20240930x10q.htm,1.2754499561351584,0.0685961125732725,0.6989566542509433,0.4734154774589355,0.0069364126755732,14.003500080444171,14.003500080444171,10.666366139377878,18.51326418170062,14935948140.000002,20982107140.0,165.24260012391028,35.54823909939071,64.86811410156743,95.77211172596871,4.250744762324883,4.250744762324883,49.93837380997715,85.42020705602644,91.12710537630672,134.54122165011253,0.001512927052785,0.0104414529655698,1.7213766017545482,0.545900075127954,24.614503692485567,0.4179266173634803,1.39116581033178,9.56311002201271,0.009456312962265,6.250342965880427,0.0497191546077684,0.0,0.0,0.3226826376432675,0.1768326351865956,0.4262528326783512,0.0218392993145468,4.057413360751084,0.8252240362827152,0.0020394838734832,-18.986122621205084,-439498000.0,4613047000.0,-6151159000.0,-251580000.0,260924000.0,115043000.0,0.0,59.9784367859863,66.80416151683485,0.0,1.500539274158411,1.3472214598086036,0.0,0.0064310667454055,0.2255411767920078,2024-10-30,0.62,amc,420050000.0,2025-04-25,2024-09-30,0.0,42.85296875,2357124.640625
2024-06-30,UDR,USD,74208,2024-07-31,2024-07-31 15:11:08,2024,Q2,415320000.0,325520000.0,89800000.0,0.2162188192,0,20136000.0,3393000.0,20136000.0,189598000.0,32408000.0,345656000.0,6498000.0,47811000.0,175167000.0,244831000.0,0.5894996629,69664000.0,0.1677357219,-37267000.0,31399000.0,0.0756019455,386000.0,28883000.0,0.0695439661,0.0841,0.084,329056000,329572000,https://www.sec.gov/Archives/edgar/data/74208/000007420824000060/0000074208-24-000060-index.htm,https://www.sec.gov/Archives/edgar/data/74208/000007420824000060/udr-20240630x10q.htm,1.262155985607313,0.0877753330740056,0.7382208499465137,0.5144200379266751,0.1276621608480015,14.418521467470583,14.324880871341048,11.312311582223089,18.258360279101428,13504458240.0,19430284240.0,116.8893314406398,32.515790811904075,55.59311959689769,79.779162890715,3.627905729231589,3.627905729231589,46.78388770104979,79.36202621400068,79.98766750646314,114.78667147152824,0.0021387751723685,0.0125346013140028,1.601181393429587,0.5360961088991937,24.20374053939248,0.3270328858496251,1.4570705486185187,8.410345185749403,0.0104564727803549,4.88900045009175,0.0484830973707021,0.0,0.0027715003096384,0.3031624100512111,0.1773162862371183,0.4204159459258879,0.0226885293267841,4.726647134253589,0.0063621340956231,0.0026051249969333,-18.689568037051444,-568421000.0,4713688000.0,-6097076000.0,-348780000.0,238612000.0,120261500.0,-117691000.0,52.40725223923721,33.394445809781274,0.0,1.71731957228273,2.69505894820506,0.0,0.0077592747013741,0.2238008120198385,2024-07-30,0.61,amc,414110000.0,2025-04-25,2024-06-30,0.0163934426229508,38.54047619047619,2409762.714285714
2024-03-31,UDR,USD,74208,2024-05-01,2024-05-01 13:30:41,2024,Q1,413634000.0,326654000.0,86980000.0,0.2102825203,0,17810000.0,0.0,17810000.0,-17810000.0,17810000.0,344464000.0,5865000.0,48062000.0,174174000.0,243344000.0,0.5883075376,69170000.0,0.1672251314,-22523000.0,46647000.0,0.1127736115,337000.0,43149000.0,0.1043168598,0.13,0.13,328823000,328954000,https://www.sec.gov/Archives/edgar/data/74208/000007420824000039/0000074208-24-000039-index.htm,https://www.sec.gov/Archives/edgar/data/74208/000007420824000039/udr-20240331x10q.htm,1.2579229555110196,0.13122257263026,0.522737156464116,0.3489476101124313,0.1258762312855244,14.769614655909104,14.672866557388016,11.91809271249274,18.232760482083066,12048074720.0,17963397720.0,69.80506338501472,29.127380050962927,70.09258773154612,105.0014355684928,3.074317416711598,3.074317416711598,43.42824264929865,73.81894651193372,104.50640952247976,156.55468546826793,0.0035814020914372,0.0095236793152956,1.5175747644198958,0.5314593072259226,24.30848099809323,0.3326593410968944,1.4391827223170073,3.983591740248905,0.0115750444150631,3.231986836311386,0.0430573888993651,0.0,0.0028428608296617,0.332460672065531,0.1381559542977608,0.3280971901661557,0.01754691345489,5.931969546283355,0.0062957621903013,0.0038668569521022,-18.957501452149028,-536321000.0,4824776000.0,-6066551000.0,-314779000.0,232103500.0,130525000.0,-117691000.0,51.2152772741119,32.99059555370514,-64.85265755202752,1.7572881528749011,2.7280501757990296,-1.387761171202556,0.0110103668259528,0.1737895463516846,2024-04-30,0.61,amc,411690000.0,2025-04-25,2024-03-31,0.0,36.78868852459016,3014985.8524590163
2023-12-31,UDR,USD,74208,2024-02-20,2024-02-20 16:11:33,2023,Q4,413273000.0,315398000.0,97875000.0,0.2368289242,0,20838000.0,9200000.0,20838000.0,-29158000.0,29158000.0,344556000.0,9371000.0,47347000.0,175040000.0,243757000.0,0.5898207722,68717000.0,0.1662750772,-58195000.0,36054000.0,0.0872401536,93000.0,32986000.0,0.0798164893,0.0967,0.0966,328558000,328825000,https://www.sec.gov/Archives/edgar/data/74208/000007420824000011/0000074208-24-000011-index.htm,https://www.sec.gov/Archives/edgar/data/74208/000007420824000011/udr-20231231x10k.htm,1.2578387986291613,0.1003962770652365,0.6667650764857347,0.4295923398608465,0.1368677676391991,15.07326255942634,14.935031257799231,12.147456461264069,18.35868248528418,12580485820.0,18530164820.0,95.347161068332,30.44110266095293,57.42652299939289,89.13101200175704,3.1521002048535456,3.1521002048535456,44.83758876094011,76.01900589521532,84.58520214907496,131.28366953367436,0.0026219973117063,0.0112194395367157,1.499456045685147,0.5261951693281476,24.40823853263701,0.310617911615174,1.4513485542906626,6.641332887932241,0.0110803352107748,4.22591402413145,0.0504218760964302,0.0,0.0039933204621865,0.3557065974044944,0.1885557488633421,0.445183957952468,0.0245019635930728,5.238328607654042,0.0065125119711214,0.0029119447025355,-18.883159898708904,-585233000.0,4907024000.0,-6157110000.0,-349197000.0,219061000.0,133645000.0,136291500.0,49.83207226216085,40.32362285112779,0.0,1.8060657707855348,2.2319423116388672,0.0,0.008264798263355,0.2371727366248881,2024-02-06,0.63,amc,409240000.0,2025-04-25,2023-12-31,0.0,34.787301587301585,2899109.285714286
2023-09-30,UDR,USD,74208,2023-10-27,2023-10-27 13:15:10,2023,Q3,410131000.0,310525000.0,99606000.0,0.2428638654,0,15159000.0,0.0,15159000.0,182586000.0,23462000.0,333987000.0,5000000.0,47733000.0,171243000.0,247387000.0,0.6031902002,78072000.0,0.1903586903,-42225000.0,35847000.0,0.0874037807,428000.0,32858000.0,0.0801158654,0.0962,0.0961,328760000,329201000,https://www.sec.gov/Archives/edgar/data/74208/000007420823000066/0000074208-23-000066-index.htm,https://www.sec.gov/Archives/edgar/data/74208/000007420823000066/udr-20230930x10q.htm,1.2475088210244556,0.0999452488137243,0.6193119600924687,0.3729954982357951,0.0479802895729407,15.386309161698504,15.283459058279597,12.626000730015816,18.21163158535101,11726869200.0,17664768200.0,89.22385111692739,28.592984192855457,57.59617494658776,95.63118098934972,2.825122599209237,2.825122599209237,43.07103876566268,71.40540206235575,86.75999214164682,144.05401953908634,0.0028019413740881,0.0104568404327388,1.4308917725306465,0.5200955126163063,24.002469814501165,0.5726874751264995,1.6355980139526114,5.748468336203732,0.0119013009883319,4.247519629922698,0.0369613611260792,0.0,0.0029608420689835,0.3977259890474202,0.1974466694787763,0.4728894027785077,0.0173456773567469,5.32850332184218,0.0067525920388257,0.0028857615883861,-18.410453674412945,-180384000.0,5024590000.0,-6119907000.0,44928000.0,196463000.0,125216500.0,257715000.0,45.92856916448647,36.51271234200145,79.00320425086547,1.95956463781134,2.4648949428079283,1.1391943004516056,0.0079158278975958,0.2463164618566735,2023-10-26,0.63,amc,410040000.0,2025-04-25,2023-09-30,0.0,39.8584126984127,2062625.857142857
2023-06-30,UDR,USD,74208,2023-07-27,2023-07-27 14:28:19,2023,Q2,404548000.0,308403000.0,96145000.0,0.2376603024,0,16452000.0,0.0,16452000.0,186841000.0,24392000.0,332795000.0,10447000.0,45113000.0,172606000.0,244359000.0,0.6040296825,396503000.0,0.9801136083,-24969000.0,371534000.0,0.918392873,1351000.0,347545000.0,0.8590945945,1.05,1.05,328957000,332480000,https://www.sec.gov/Archives/edgar/data/74208/000007420823000056/0000074208-23-000056-index.htm,https://www.sec.gov/Archives/edgar/data/74208/000007420823000056/udr-20230630x10q.htm,1.229789911751384,1.056505865508258,0.7355763823235255,0.4481284787981408,0.0512802585140307,15.368926637828045,15.263098216484222,12.524320807886744,17.205534461950954,14131992720.0,19745216720.0,10.165584830741343,34.93279591049764,58.40318018952528,95.86536458298002,3.430126124919083,3.430126124919083,48.80809377379199,80.80413129862211,81.6009088617325,133.94306359597056,0.0245927808544752,0.0104312960614092,1.3628200059078202,0.5064872283720341,22.971218575947685,0.5154122744273532,8.789107352647795,0.6536577854736711,0.0098698748834339,0.4013322015854062,0.0406676092824584,0.0,0.0031403505685926,0.390779136515231,0.2337374056972225,0.5478256839275576,0.0183167386811948,17.254576607045102,0.0361533956676095,0.0314494974704304,-17.49157108679858,-201211000.0,5020903000.0,-5815979000.0,25971000.0,127377000.0,118124500.0,159651000.0,40.85203733549542,36.31890740362448,70.86905769399131,2.2030724994418094,2.4780481141626627,1.2699477448764036,0.0843563400933455,0.2874479035253848,2023-07-26,0.62,amc,415520000.0,2025-04-25,2023-06-30,-0.0161290322580645,41.14096774193549,2242887.9516129037
2023-03-31,UDR,USD,74208,2023-04-27,2023-04-27 13:31:13,2023,Q1,399549000.0,305049000.0,94500000.0,0.2365166725,0,17480000.0,0.0,17480000.0,6681000.0,24161000.0,329210000.0,1010000.0,43742000.0,172949000.0,243288000.0,0.6089065421,66184000.0,0.1656467667,-33025000.0,33159000.0,0.0829910724,234000.0,30964000.0,0.0774973783,0.0906,0.0904,328789000,329421000,https://www.sec.gov/Archives/edgar/data/74208/000007420823000044/0000074208-23-000044-index.htm,https://www.sec.gov/Archives/edgar/data/74208/000007420823000044/udr-20230331x10q.htm,1.2152140126342426,0.0941759000453178,0.5110116214350237,0.3319149971562309,0.0438852881331188,14.668255324843592,14.559027218063864,11.92527426404168,17.66819145409366,13500076340.0,19264269340.0,108.99816189768764,33.78828714375458,80.3504231169836,123.7063716668194,3.4431073945031483,3.4431073945031483,48.21503580286773,79.18298206241163,114.65803255661696,176.5258805094841,0.0022936166596521,0.0080836579921147,1.470419156423055,0.5256676422586322,23.692878399263424,0.2643358080374314,1.5130538155548443,5.102961275626424,0.0093466138132964,4.075054902467381,0.0437493273666058,0.0,0.0032744331081265,0.3504746600005952,0.1473786694498046,0.3404760941086678,0.0206382696490292,5.026843177862851,0.0059724168778623,0.0028324737757879,-18.36721651271788,-279239000.0,4786848000.0,-6044604000.0,-50096000.0,62916000.0,132507500.0,95178500.0,16.02118889047401,32.98338955380939,22.556867913023808,5.617560632688928,2.7286461827452038,3.9899156366490094,0.0078971684810039,0.1790966242787927,2023-04-26,0.61,amc,410980000.0,2025-04-25,2023-03-31,-0.0163934426229508,41.31145161290323,2544877.741935484
2022-12-31,UDR,USD,74208,2023-02-13,2023-02-13 14:59:15,2022,Q4,399656000.0,301716000.0,97940000.0,0.2450607522,0,16811000.0,8700000.0,16811000.0,8831000.0,25642000.0,327358000.0,1000.0,36313000.0,172064000.0,244362000.0,0.6114308305,89269000.0,0.2233645936,-42485000.0,46784000.0,0.1170606722,-683000.0,44530000.0,0.1114208219,0.13,0.13,325509000,326093000,https://www.sec.gov/Archives/edgar/data/74208/000007420823000007/0000074208-23-000007-index.htm,https://www.sec.gov/Archives/edgar/data/74208/000007420823000007/udr-20221231x10k.htm,1.227787864544452,0.1368011329947866,0.667978458352918,0.4261756203361505,2.321407395801652,15.17053291921268,15.16016454230144,12.58977478349293,18.558224196565995,12606963569.999998,18610326570.0,70.77792258028295,31.54453722701523,57.98091168313917,90.87802809895906,3.076306023423135,3.076306023423135,46.56586306723783,76.15884044982444,85.59108585173364,134.1536184798593,0.0035321748772214,0.0110037598847443,1.4652102140389962,0.5439663286669257,24.56749821985415,0.2003402676835368,2.4583207115908903,4.580719236522215,0.0099050813708348,2.8042443296653943,0.0420636747602938,0.0,0.0003057488945478,0.3619919699401654,0.196941870008207,0.4574402547889157,0.0176326640911183,6.225082146200813,0.0082981992210966,0.0040353073534935,-16.118462930364444,-338883000.0,4934770000.0,-6015424000.0,-141427000.0,47417500.0,144562000.0,240051000.0,12.31966991612787,45.70456986039852,33.97625581672831,7.30539053503208,1.9691685158595484,2.648908710997173,0.0108660508505802,0.2418028380167675,2023-02-06,0.61,amc,398731579.0,2025-04-25,2022-12-31,0.0,39.50412698412699,2367961.206349206
2022-09-30,UDR,USD,74208,2022-10-27,2022-10-27 14:17:30,2022,Q3,391297000.0,304461000.0,86836000.0,0.2219183894,0,15840000.0,0.0,15840000.0,7176000.0,23016000.0,327477000.0,1000000.0,47400000.0,170211000.0,234031000.0,0.598090453,62919000.0,0.1607960194,-37397000.0,25522000.0,0.0652241137,377000.0,22499000.0,0.0574985241,0.0693,0.0691,324701000,325686000,https://www.sec.gov/Archives/edgar/data/74208/000007420822000068/0000074208-22-000068-index.htm,https://www.sec.gov/Archives/edgar/data/74208/000007420822000068/udr-20220930x10q.htm,1.205099460734645,0.0692914404328905,0.6299672621889061,0.4136420891835873,0.0543546216365209,15.002352933929984,14.888669883985576,12.167372444187114,19.49487990489712,13543278710.0,19824353710.0,150.4875628916841,34.611251070158985,66.20978978347698,100.83596686769414,3.428020321669917,3.428020321669917,50.663188600985954,84.70823826757993,96.91643506998254,147.60147204229025,0.0016612668528623,0.0099170963601914,1.5902282549323443,0.5661045694696017,26.83864530767292,0.1706808171463253,1.3274050632911392,8.134857824617221,0.0091976989226414,5.536557180319125,0.0404807601387181,0.0,0.0033261061805762,0.3433911347292362,0.1795081485419004,0.4126701564528732,0.0169768743435293,4.35541412108845,0.0055765565016423,0.0020340747066575,-18.465720770801443,-340234000.0,4834366000.0,-6156660000.0,-108398000.0,38838000.0,136499500.0,382614500.0,9.22961331162774,40.1738153655148,108.25031777469036,9.751221092503988,2.2402651871909582,0.831406335335882,0.0056948565313289,0.2163251730053187,2022-10-26,0.59,amc,380885386.0,2025-04-25,2022-09-30,0.0169491525423729,45.8859375,2068147.40625
2022-06-30,UDR,USD,74208,2022-07-27,2022-07-27 14:25:08,2022,Q2,369167000.0,292729000.0,76438000.0,0.2070553435,0,16585000.0,0.0,16585000.0,183626000.0,24628000.0,317357000.0,3001000.0,36832000.0,170600000.0,222410000.0,0.6024644673,50736000.0,0.137433736,-45060000.0,5676000.0,0.0153751554,312000.0,3975000.0,0.0107674846,0.01,0.01,318351000,319572000,https://www.sec.gov/Archives/edgar/data/74208/000007420822000053/0000074208-22-000053-index.htm,https://www.sec.gov/Archives/edgar/data/74208/000007420822000053/udr-20220630x10q.htm,1.1596225549786243,0.0124862180423494,0.7446717616718653,0.610320055536185,0.0398333914452915,15.337784395211576,15.21712198171201,12.15458409114468,18.045952423582776,14656880040.0,20364074040.0,921.8163547169812,39.70257374033974,61.82589748889554,75.43583007370198,3.787871280066491,3.787871280066491,55.16222750137472,91.56096416528034,85.90007904938267,104.80953823032898,0.0002712036933611,0.0132563000768067,1.4751846786498457,0.5190617683790814,25.660689717188976,0.610586103131369,1.377497827975673,44.19593586875466,0.0083312410053674,30.719496855345916,0.0449254673359211,0.0,0.003493048004244,0.1804173503693048,0.1158581346653411,0.2507092614302462,0.0201643158787215,1.8478927759646544,0.0046846301772595,0.0003627297094247,-18.45079958913275,-296733000.0,4844386000.0,-5648921000.0,-62565000.0,32062500.0,127167500.0,428094500.0,9.153905955841124,42.15007737531983,122.6821052919253,9.831868541600086,2.1352273970604325,0.7336033220643111,0.0010272846811308,0.1343517061356804,2022-07-26,0.57,amc,368218632.0,2025-04-25,2022-06-30,0.0,50.43,1988680.5806451607
2022-03-31,UDR,USD,74208,2022-04-27,2022-04-27 14:28:47,2022,Q1,357266000.0,287446000.0,69820000.0,0.1954286162,0,14908000.0,0.0,14908000.0,7787000.0,22695000.0,310141000.0,0.0,38356000.0,166697000.0,213822000.0,0.5984952388,47890000.0,0.134045781,-32944000.0,14946000.0,0.0418343755,343000.0,12613000.0,0.0353042271,0.0431,0.0429,318009000,319680000,https://www.sec.gov/Archives/edgar/data/74208/000007420822000030/0000074208-22-000030-index.htm,https://www.sec.gov/Archives/edgar/data/74208/000007420822000030/udr-20220331x10q.htm,1.1234461917744467,0.0396623994918382,0.5063378709407595,0.367058793933505,0.0357945844300004,14.638035401513791,14.512840831548791,10.668481080724131,18.94993223462229,18244176330.0,24231174330.0,361.614531237612,51.06608613749979,113.30379039870824,156.29648696114043,5.377522776288784,5.377522776288784,67.82390244243784,113.32404677722592,150.4854945348404,207.58664870468093,0.0006913438991082,0.0063980964604062,1.7649484639397903,0.5604036663109019,27.999915817829784,1.4215199951007411,1.248566065283137,11.026501403821133,0.0063831327813087,9.23293427416158,0.0417280121813998,0.0,0.0037260771304423,0.2750714196994162,0.1239748534705233,0.2657036419371674,0.0178326513018311,3.08554615398684,0.0044076228916408,0.001184858721121,-18.144270287947823,151426000.0,4615214000.0,-5519273000.0,387817000.0,26718500.0,127097000.0,422611000.0,6.695095531060891,36.70811213236573,143.13784154241145,13.442675998043422,2.451774138519277,0.6287645463295126,0.0037177175637027,0.1392790770072545,2022-04-26,0.55,amc,356386145.0,2025-04-25,2022-03-31,0.0,56.762258064516125,1734386.0806451612
2021-12-31,UDR,USD,74208,2022-02-15,2022-02-15 15:16:13,2021,Q4,348208000.0,283239000.0,64969000.0,0.1865810091,0,13868000.0,8300000.0,13868000.0,177072000.0,27185000.0,310424000.0,2254000.0,36418000.0,168468000.0,206252000.0,0.5923241281,123941000.0,0.3559395534,2359000.0,126300000.0,0.3627142398,156000.0,116403000.0,0.3342915729,0.38,0.37,310201000,315833000,https://www.sec.gov/Archives/edgar/data/74208/000007420822000010/0000074208-22-000010-index.htm,https://www.sec.gov/Archives/edgar/data/74208/000007420822000010/udr-20211231x10k.htm,1.1225237829665282,0.3752502409727886,0.5828188819507352,0.4395698273055212,0.0136878991363664,15.389202484840474,15.256343467622608,11.098848810932267,18.18721732038259,18608957990.0,24213265990.0,39.96666320885201,53.442074823094245,102.93077636608017,136.47433530123575,5.405065067731203,5.405065067731203,69.53678832766622,117.39651489440102,133.9295982100879,177.57519702247808,0.0062552132184162,0.0073273850192618,1.628080202760833,0.5202005156275231,27.172138936834557,1.1189831372618306,3.403289582074798,1.433211250634196,0.0060618117393041,0.9690815528809394,0.0398267702063134,0.0,0.0038247942965433,0.2457865712341875,0.127613380508202,0.2637652254434076,0.0131501860956669,9.68034235156561,0.0116791837405752,0.0108443193674086,-18.642918623731063,47141000.0,4732533000.0,-5558134000.0,285817000.0,26300500.0,125777500.0,359631000.0,6.942402242337913,43.51752406977853,123.30780718756952,12.963812360387193,2.068132365611812,0.7298807922445383,0.0338098344580719,0.1432490546452139,2022-02-08,0.54,amc,338504514.0,2025-04-25,2021-12-31,0.0,56.2665625,1677350.65625
2021-09-30,UDR,USD,74208,2021-10-27,2021-10-27 12:41:06,2021,Q3,329770000.0,271716000.0,58054000.0,0.1760439094,0,15810000.0,0.0,15810000.0,160142000.0,23316000.0,295032000.0,8238000.0,36289000.0,155905000.0,190643000.0,0.5781089851,33170000.0,0.1005852564,-13601000.0,19569000.0,0.0593413591,529000.0,16673000.0,0.0505594809,0.06,0.06,297828000,301164000,https://www.sec.gov/Archives/edgar/data/74208/000007420821000108/0000074208-21-000108-index.htm,https://www.sec.gov/Archives/edgar/data/74208/000007420821000108/udr-20210930x10q.htm,1.1072498220449387,0.0559819761741676,0.5137596196462387,0.3498025706112252,0.0078837449803242,14.49246880749963,14.351347086237697,10.39756839518111,19.313177404407917,15778927440.0,21493580440.0,236.5940058777664,47.84828043788095,103.12215669359266,151.45686295965675,5.09542212047908,5.09542212047908,65.17748867392424,112.7425630104436,140.46990066138605,206.3099839702057,0.0010566624419435,0.0066025400266369,1.84575192778605,0.5495582739551432,29.975677050822743,1.0477203358791052,0.9140510898619416,8.036344537815125,0.0068863362489738,6.517063515863971,0.0479425053825393,0.0,0.0040411270004203,0.3191318327974276,0.1480759317099796,0.3132099676084795,0.0186887830912454,3.6189390142397975,0.0031180852958329,0.001609590700769,-19.80017745141491,17589000.0,4274233000.0,-5698127000.0,257958000.0,82394000.0,117003000.0,308871500.0,7.0251690572217,37.95908227708343,109.70277790045488,12.811079600637116,2.3709740752698494,0.8203985507246376,0.0053841411805584,0.1639570490350134,2021-10-26,0.51,amc,315750000.0,2025-04-25,2021-09-30,0.0,53.4184375,2022028.4375
2021-06-30,UDR,USD,74208,2021-07-29,2021-07-29 14:28:39,2021,Q2,311348000.0,255922000.0,55426000.0,0.1780194509,0,15127000.0,0.0,15127000.0,153144000.0,22102000.0,278024000.0,2536000.0,35404000.0,148771000.0,191846000.0,0.6161786811,35787000.0,0.1149421226,-23117000.0,12670000.0,0.0406940144,135000.0,10663000.0,0.0342478513,0.04,0.04,296589000,297542000,https://www.sec.gov/Archives/edgar/data/74208/000007420821000080/0000074208-21-000080-index.htm,https://www.sec.gov/Archives/edgar/data/74208/000007420821000080/udr-20210630x10q.htm,1.049762465903995,0.0359521088105088,0.6964250191342228,0.5555162194147456,0.0113928702682837,13.1813688302668,13.068856232024787,9.387637437666266,19.15637127472698,14526929220.0,20169724220.0,340.5919820875926,46.65817419736115,70.33061514775939,88.17024289876184,5.217500177784482,5.217500177784482,64.78192960931176,105.13497398955413,97.64961956311244,122.4188165816946,0.000734016104747,0.011341694965593,2.027879839239729,0.5692116890444873,29.413149088331267,1.2694929562747317,1.010817986668173,16.47802153968887,0.0074801768738844,10.190753071368285,0.0485855056078728,0.0,0.0033641584144641,0.2023316162515976,0.1342292226062155,0.2809149632656902,0.0205493531353983,2.755697853399957,0.0035291377495065,0.0010786067955689,-19.417059466129896,98003000.0,3876079001.0,-5548162000.0,330578999.0,147126500.0,111811500.0,264712000.0,40.19370607808626,41.99111448019318,100.7684763326326,2.239156544190094,2.143310581633935,0.8931364577044283,0.0038297291570142,0.1409087997194771,2021-07-28,0.49,amc,311420000.0,2025-04-25,2021-06-30,0.0,47.03825396825397,1813373.4285714289
2021-03-31,UDR,USD,74208,2021-04-28,2021-04-28 14:37:59,2021,Q1,301441000.0,251851000.0,49590000.0,0.1645098046,0,12736000.0,0.0,12736000.0,151124000.0,19772000.0,271623000.0,2057000.0,78156000.0,146689000.0,181429000.0,0.6018723399,75070000.0,0.249037125,-71177000.0,3893000.0,0.0129146334,619000.0,3104000.0,0.0102972058,0.0105,0.0105,296537000,297026000,https://www.sec.gov/Archives/edgar/data/74208/000007420821000056/0000074208-21-000056-index.htm,https://www.sec.gov/Archives/edgar/data/74208/000007420821000056/udr-20210331x10q.htm,1.0165375652953932,0.0104674964675571,0.4168282541470373,0.3107200787760043,0.0039826396031523,13.509568789054992,13.394675875185897,10.122608645801368,17.92073164562938,13006112820.0,18240944820.0,1047.5284165592784,43.14646255817888,105.22319339832532,141.1559889298893,4.332875203882564,4.332875203882564,60.51248775050507,100.54040324314197,147.57448986691475,197.96988083351425,0.0002386570102042,0.0070843611212039,1.7443299326254744,0.5473238227006668,28.85333656692149,1.3335398270999954,0.9605148677004964,37.75351252290776,0.0082944075215241,34.75451030927835,0.0422503906237041,0.0,0.0035613652394863,0.2545608996399822,0.1043819520237791,0.2145014281916162,0.0162950627154235,1.5440412334046532,0.0066721578893899,0.0003256233473618,-17.9452918185589,108222000.0,3972017000.0,-5127782000.0,342356000.0,156599000.0,107608500.0,244874000.0,46.33921729293626,37.24273479160297,86.79453327562726,1.942199399507751,2.416578710011706,1.0369316661245631,0.0010340710417466,0.1061081753710329,2021-04-27,0.48,amc,302660000.0,2025-04-25,2021-03-31,-0.0208333333333333,41.36131147540984,1879493.8688524591
2020-12-31,UDR,USD,74208,2021-10-14,2021-10-14 12:46:51,2020,Q4,302384000.0,251118000.0,51266000.0,0.1695393936,0,11978000.0,7900000.0,11978000.0,154362000.0,20205000.0,271323000.0,0.0,60424000.0,148209000.0,179270000.0,0.5928554421,88257000.0,0.2918706016,-59038000.0,29219000.0,0.0966287899,668000.0,25481000.0,0.0842670247,0.09,0.09,294301000,294805000,https://www.sec.gov/Archives/edgar/data/74208/000007420821000101/0000074208-21-000101-index.htm,https://www.sec.gov/Archives/edgar/data/74208/000007420821000101/udr-20201231x10ka.htm,1.0274650782702064,0.086581425139568,0.5019486851896527,0.3065331072609335,0.0047944111640803,13.98189268809824,13.863748339285287,10.989429189843053,17.779633776303854,11309987430.0,16480718430.0,110.96490944232956,37.4027310638129,76.56161104492162,125.36981842971632,3.49699691732113,3.49699691732113,54.50261399412667,91.93238372287612,111.5642578727898,182.6867350603572,0.002252964484506,0.0079764014379634,1.599202275678684,0.536666385474374,28.843258771685168,1.22402341743983,1.460628227194492,5.174039438198312,0.0094687107888324,4.2027785408735925,0.0396118842266786,0.0,0.0036077697477144,0.3893138555684926,0.1901919413725594,0.3880398626264262,0.0149809513730885,4.6269114878455415,0.0090987732483412,0.0026535071208151,-17.938469458139796,78522000.0,4080115000.0,-5093618000.0,314205000.0,157494000.0,106598000.0,222090000.0,47.02391660934441,39.78173607626693,88.47645330083866,1.9139196921363104,2.2623447058081605,1.0172197985149898,0.0078786098571516,0.1954155779287192,2021-02-09,0.49,amc,302384000.0,2025-04-25,2020-12-31,0.0,36.47921875,2192803.21875
2020-09-30,UDR,USD,74208,2020-10-30,2020-10-30 13:43:18,2020,Q3,310044000.0,258541000.0,51503000.0,0.166115132,0,11958000.0,0.0,11958000.0,161379000.0,21388000.0,279929000.0,2183000.0,62268000.0,155836000.0,185951000.0,0.5997568087,30115000.0,0.0971313749,-57145000.0,-27030000.0,-0.0871811743,187000.0,-25258000.0,-0.0814658565,-0.0857,-0.0856,294713000,295003000,https://www.sec.gov/Archives/edgar/data/74208/000007420820000094/0000074208-20-000094-index.htm,https://www.sec.gov/Archives/edgar/data/74208/000007420820000094/udr-20200930x10q.htm,1.0520201009117345,-0.0857037185329456,0.4736031325391143,0.3203659153142209,0.003152219277738,13.889573924462104,13.889573924462104,11.24027782961729,17.56373149470841,9610590930.0,14723655930.0,-95.12422727452687,30.997506579711267,68.85511889494687,101.78985479156076,2.90117384056781,2.90117384056781,47.4889239269265,79.18029981016504,105.48769446255471,155.94450019064564,-0.0026281422426539,0.0098241617698319,1.5437739384952738,0.5354187265767028,27.496840565525325,1.1004512178812529,0.4836352540630821,-5.1283021640886215,0.0111612283553931,-4.246812890965239,0.038568719278554,0.0,0.0,0.3235561732950271,0.1456599708428481,0.2897982494417208,0.0137980415682935,,0.0032128702768936,-0.0026444324112893,-17.782104963133627,34551000.0,4093438000.0,-5079441000.0,236305000.0,156476000.0,106730500.0,164449000.0,45.573015442969385,35.575518002947305,68.68608847339493,1.974852862493312,2.5298296427488087,1.310309001434269,-0.0076246975236788,0.1532372172248933,2020-10-29,0.5,amc,34449333.0,2025-04-25,2020-09-30,0.0,35.11046875,1763518.546875
2020-06-30,UDR,USD,74208,2020-07-29,2020-07-29 14:47:35,2020,Q2,307256000.0,257582000.0,49674000.0,0.1616697477,0,10971000.0,0.0,10971000.0,163183000.0,19098000.0,276680000.0,2421000.0,38597000.0,157083000.0,195680000.0,0.6368630718,91777000.0,0.2986988049,-28155000.0,63622000.0,0.2070651183,1526000.0,56709000.0,0.1845659645,0.19,0.19,294709677,295086430,https://www.sec.gov/Archives/edgar/data/74208/000007420820000080/0000074208-20-000080-index.htm,https://www.sec.gov/Archives/edgar/data/74208/000007420820000080/udr-20200630x10q.htm,1.042571805336409,0.1924232708517406,0.6160605306489477,0.4939776714559665,0.0028536558709607,14.41897342244381,14.41897342244381,11.527690690658927,16.974308583698118,11016247726.26,15979310726.26,48.56481213854944,35.85364557977712,60.67585592705402,75.67143650405275,3.2426269062102446,3.2426269062102446,52.0065050845549,81.66041867467294,88.01166962948683,109.76309057741447,0.0051477600548887,0.0132150259886561,1.461120258839168,0.5189932616241922,25.363159239574816,0.8839658962763837,2.377827292276602,2.9238437258438545,0.0097369814718587,1.8914987039094324,0.0357063816491785,0.0,0.0,0.1981669870400255,0.117097794672846,0.2290445178663509,0.0130184601765303,7.064659144745374,0.0094468607159096,0.005929130842678,-17.41191382731555,-40747000.0,4249411000.0,-5004643000.0,161839000.0,153749500.0,96759000.0,113415000.0,45.68190694404666,38.8760084167372,45.97623281129893,1.9701454256328708,2.315052487776819,1.95753315347494,0.0166922652606965,0.1220828591929813,2020-07-28,0.53,amc,285171974.0,2025-04-25,2020-06-30,-0.0377358490566038,37.33587301587301,2328747.3492063493
2020-03-31,UDR,USD,74208,2020-05-07,2020-05-07 16:25:08,2020,Q1,321481000.0,259307000.0,62174000.0,0.1933986767,0,14978000.0,0.0,14978000.0,162467000.0,21969000.0,281276000.0,2700000.0,39317000.0,157501000.0,201073000.0,0.6254584252,38954000.0,0.121170458,-33250000.0,5704000.0,0.0177428837,164000.0,4155000.0,0.0129245585,0.01,0.01,294457000,295160000,https://www.sec.gov/Archives/edgar/data/74208/000007420820000056/0000074208-20-000056-index.htm,https://www.sec.gov/Archives/edgar/data/74208/000007420820000056/udr-20200331x10q.htm,1.0917757091867404,0.0141107190523573,0.4600196293516541,0.3395877836152647,0.0033281599690277,14.594738790383657,14.594738790383657,11.764417215416852,17.39569444774619,10759458780.0,15841445780.0,647.38019133574,33.46841269001901,79.43139307228915,107.60104386263176,3.1059762103740782,3.1059762103740782,49.276460444007576,78.78454979037464,116.94901503071108,158.42396323779425,0.0003861718405133,0.009293590137254,1.467320513320141,0.5244981867392831,25.27433817568744,0.8683321797079987,0.9907673525447008,24.450541516245487,0.0094749189605613,24.535499398315284,0.0465906227739742,0.0,0.0,0.26179718875502,0.1103082297243071,0.2251541260055491,0.021176990242036,1.9326403411351365,0.0038934239082971,0.0004287436778365,-17.76599724238174,-40898000.0,4297523000.0,-5123865000.0,162512000.0,152596500.0,86143000.0,82499500.0,42.42511999153916,28.548631544848384,33.057534119788514,2.121384689494071,3.1525153791912857,2.722526116856528,0.0011994405497508,0.1204318457363893,2020-05-06,0.54,amc,964442999.0,2025-04-25,2020-03-31,-0.0185185185185185,45.26112903225807,2122756.6129032257
2019-12-31,UDR,USD,74208,2020-02-18,2020-02-18 16:58:55,2019,Q4,304818000.0,239676000.0,65142000.0,0.2137078519,0,14531000.0,6500000.0,14531000.0,147977000.0,19044000.0,258720000.0,2406000.0,60435000.0,145177000.0,191275000.0,0.6275055935,44782000.0,0.1469138962,60457000.0,105239000.0,0.3452519208,2000.0,96608000.0,0.3169366638,0.33,0.33,293107000,294073000,https://www.sec.gov/Archives/edgar/data/74208/000007420820000031/0000074208-20-000031-index.htm,https://www.sec.gov/Archives/edgar/data/74208/000007420820000031/udr-20191231x10k.htm,1.0399546923137284,0.3295997707321899,0.593053048886584,0.3896188081485601,0.0276758999273302,15.03880494154012,14.90039132466983,11.458416209780044,16.94438208572296,13688096900.0,18586072900.0,35.42174794012919,44.90580247885624,78.74506351105691,119.86074343257444,4.075606885368711,4.075606885368711,60.97432861576416,97.1693786433146,106.92220413282097,162.75020052539404,0.0070578109364494,0.0083430151637807,1.460777325398938,0.5091159918277145,25.606984707881324,0.7961732074898189,0.7409944568544717,1.6517764664519132,0.0074091380811309,1.0497784862537265,0.0476710692938081,0.0,0.0042100469964526,0.3430287410543756,0.195618368993957,0.410726216962742,0.0371041080251166,9.218218672997187,0.0046048846049107,0.0100676309532965,-17.298346678857893,-65716000.0,4367409000.0,-4971798000.0,179079000.0,95774500.0,81356000.0,45799500.0,45.36641536917112,33.807640314424475,26.19311069944425,1.9838464041653108,2.6621201350630885,3.436018006135849,0.028764862848224,0.203434240738024,2020-02-11,0.54,amc,36947636.0,2025-04-25,2019-12-31,0.0,48.0184375,1566167.09375
2019-09-30,UDR,USD,74208,2019-10-30,2019-10-30 14:42:32,2019,Q3,295394000.0,221059000.0,74335000.0,0.2516469529,0,12197000.0,0.0,12197000.0,131761000.0,16567000.0,237626000.0,1875000.0,42523000.0,129010000.0,186778000.0,0.6323012654,58856000.0,0.1992457531,-27935000.0,30921000.0,0.1046771431,1499000.0,26173000.0,0.0886036954,0.09,0.09,288706000,289529000,https://www.sec.gov/Archives/edgar/data/74208/000007420819000092/0000074208-19-000092-index.htm,https://www.sec.gov/Archives/edgar/data/74208/000007420819000092/udr-20190930x10q.htm,1.0231654347329118,0.0906562385263901,0.5904103136062292,0.4264649851405928,0.009092294583417,15.046296232153123,15.046296232153123,11.24521831898194,14.230930427493714,13996466880.0,18060603880.0,133.69184732357772,47.382366872719146,82.11238672963538,113.67873492361298,4.311165743946981,4.311165743946981,61.140726893572655,96.69556307488034,105.9552602153061,146.68749039578307,0.0018699719167984,0.0087967199905237,1.252411628054539,0.4674891237200343,21.7591847005536,0.2895771690037516,1.384098017543447,5.793453878050438,0.0070232724331642,3.755817063385932,0.0412906152460781,0.0,0.0,0.2776803261857968,0.1602334509164031,0.3668862878846601,0.0091538758404029,4.789322172255337,0.0066590768552631,0.0030092219724597,-14.934463606575548,-204324000.0,4343956000.0,-4270356000.0,-68435000.0,37696500.0,67965000.0,10922500.0,11.54698470517343,29.59029037496777,8.893779488733777,7.794242592152827,3.0415382498624104,10.119432364385442,0.0080617588698444,0.1639453284656363,2019-10-29,0.52,amc,262572444.0,2025-04-25,2019-09-30,0.0,47.09890625,1614022.921875
2019-06-30,UDR,USD,74208,2019-07-31,2019-07-31 14:06:22,2019,Q2,281308000.0,204668000.0,76640000.0,0.2724415943,0,12338000.0,0.0,12338000.0,122347000.0,16751000.0,221419000.0,1310000.0,34417000.0,119612000.0,195826000.0,0.6961266654,64925000.0,0.230796849,-26482000.0,38443000.0,0.1366580403,125000.0,34588000.0,0.1229541997,0.12,0.12,281960000,282575000,https://www.sec.gov/Archives/edgar/data/74208/000007420819000064/0000074208-19-000064-index.htm,https://www.sec.gov/Archives/edgar/data/74208/000007420819000064/c208-20190630x10q.htm,0.9976876152645764,0.1226698822528018,0.5287558518938856,0.3770428429564477,0.0092105263157894,14.074858135905805,14.074858135905805,10.460363172081149,14.161955596538515,12719215600.0,16676922600.0,91.93373135191396,45.21455344320105,85.31347660442155,119.64157613040985,4.31246977355425,4.31246977355425,59.2834992250487,85.16194274509003,111.8595903090792,156.86921014758585,0.0027193500831922,0.0083582984472721,1.342199305351183,0.4829278444788787,20.2103244717249,0.2278145842514378,1.886422407531162,3.890808497311968,0.0076698125944181,2.8204579622990638,0.0438593996615809,0.0,0.0,0.2869245009658725,0.1520646408918338,0.3576313413369896,0.0155665676056137,5.373207530834503,0.0077142671858245,0.0042194556087358,-14.888642005958292,-208514000.0,3968547000.0,-4167202000.0,-114575000.0,37234000.0,64292000.0,0.0,11.995606239424404,27.813336720933417,0.0,7.5027471062036595,3.2358577075098816,0.0,0.0117271150374787,0.1517130089374379,2019-07-30,0.52,amc,187538666.0,2025-04-25,2019-06-30,0.0,45.03190476190476,1219126.1904761903
2019-03-31,UDR,USD,74208,2019-05-01,2019-05-01 14:40:10,2019,Q1,270673000.0,198410000.0,72263000.0,0.2669752801,0,12467000.0,0.0,12467000.0,119770000.0,19769000.0,218179000.0,9813000.0,33542000.0,114124000.0,166667000.0,0.6157503704,52494000.0,0.1939388118,-23680000.0,28814000.0,0.1064531741,2212000.0,23492000.0,0.0867910726,0.08,0.08,277002000,277557000,https://www.sec.gov/Archives/edgar/data/74208/000007420819000046/0000074208-19-000046-index.htm,https://www.sec.gov/Archives/edgar/data/74208/000007420819000046/c208-20190331x10q.htm,0.9771517895177652,0.0848080519274229,0.4957834239463975,0.370838477700522,0.0157327420018628,14.490371910672126,14.490371910672126,10.646067537418505,13.399141522443882,12537110520.0,16214114520.0,133.4189353822578,46.31829004001138,91.28986128607109,122.04774510090245,4.251335043754081,4.251335043754081,59.9029623198472,97.28449255101488,118.06422724327,157.84307818112788,0.0018737969935356,0.0081935147525524,1.247225991884657,0.4623144967931898,22.061979876040247,0.2317069472662765,1.565022956293602,5.162506578452748,0.0071683183981375,3.825557636642261,0.0460592670861149,0.0,0.0,0.2520151747941135,0.127866466178747,0.3032666222705127,0.0219342158249991,4.50717490142832,0.0063006632205552,0.0029528421356947,-14.114607472148217,-202688000.0,4013862000.0,-3880735000.0,-108543000.0,39616500.0,70838500.0,0.0,12.294022676809286,29.63590544831409,0.0,7.320630713474333,3.036856766767686,0.0,0.007966138823499,0.1249449462458754,2019-04-30,0.5,amc,338341250.0,2025-04-25,2019-03-31,0.02,43.4083606557377,1536096.786885246
2018-12-31,UDR,USD,74208,2019-02-19,2019-02-19 15:01:03,2018,Q4,267667000.0,191069000.0,76598000.0,0.2861690085,0,10955000.0,6700000.0,10955000.0,112037000.0,16523000.0,207592000.0,1660000.0,38226000.0,1616000.0,117096000.0,0.4374689446,126215000.0,0.4715373953,-102427000.0,23788000.0,0.0888716203,70000.0,81168000.0,0.3032424617,0.3,0.3,270107000,270755000,https://www.sec.gov/Archives/edgar/data/74208/000007420819000028/0000074208-19-000028-index.htm,https://www.sec.gov/Archives/edgar/data/74208/000007420819000028/c208-20181231x10k.htm,0.990966542888559,0.3005031339432151,0.5699667168936755,0.4297815310228909,0.7033249786195841,14.422125305897293,14.422125305897293,10.757310991570009,13.27626829367621,10701639340.0,14064210340.0,32.961386691799724,39.98116816791013,69.51283088235293,92.18637177289446,3.683076563562056,3.683076563562056,52.5436842793471,120.10837552094009,91.35451530347122,121.15232833995194,0.007584632355962,0.0108475903842223,1.2210064960206497,0.4600508472290516,28.71636093461775,0.9356465889786308,3.301810286192644,1.7179266863806282,0.0081800551503168,1.0785038438793613,0.0409277198907597,0.0,0.0,0.2459532841405113,0.1414630865964052,0.35032613221076,0.0132627481161293,8.528401226478096,0.0169069531685527,0.0105252674886873,-13.307851147878432,-17274000.0,3895517000.0,-3565061000.0,6524725000.0,41634000.0,75077500.0,173506000.0,14.209110573959434,35.96015052153934,0.0,6.33396436262098,2.502770391522471,0.0,0.0279347816734781,0.1401851858707845,2019-02-12,0.49,amc,80300100.0,2025-04-25,2018-12-31,0.0204081632653061,40.40555555555556,1968423.6666666667
2018-09-30,UDR,USD,74208,2018-10-30,2018-10-30 14:29:25,2018,Q3,266144000.0,193563000.0,72581000.0,0.272713268,0,11896000.0,0.0,11896000.0,112877000.0,16892000.0,210455000.0,1188000.0,34401000.0,1682000.0,163870000.0,0.6157193098,55011000.0,0.2066963749,-34595000.0,20416000.0,0.0767103523,158000.0,17639000.0,0.0662761513,0.07,0.07,267727000,268861000,https://www.sec.gov/Archives/edgar/data/74208/000007420818000089/0000074208-18-000089-index.htm,https://www.sec.gov/Archives/edgar/data/74208/000007420818000089/c208-20180930x10q.htm,0.9940872605303164,0.0658842776410298,0.5663343629891643,0.4422116559032148,0.0341056374590534,13.447534241970365,13.447534241970365,9.68619153092516,14.363814632069234,10714434540.0,14524530540.0,151.85717075797947,40.258035274137306,70.66496863932254,90.49964980741942,4.131654827620115,4.131654827620115,54.57395447577252,88.63446964056874,95.79371559723788,122.68168913440095,0.0016462837991261,0.0110497665143232,1.469651075578761,0.4963259807802902,23.250723134191738,1.5564720052667804,1.5991104909740996,7.484598677065851,0.008146580174076,4.948466466352968,0.0446976073103282,0.0,0.0,0.2191685957935141,0.1248609775159312,0.30330494783823,0.0135716003366598,3.789297292694579,0.0069736294134279,0.0022971085005125,-14.436804095216395,148765000.0,3600268000.0,-3662415000.0,6718000000.0,40859000.0,74078000.0,341338500.0,13.867718227726344,34.31998884084252,161.3483981959362,6.489892462630154,2.6223784750447083,0.5577991539197492,0.0068018764062924,0.1241227070859495,2018-10-29,0.49,amc,266100000.0,2025-04-25,2018-09-30,0.0,38.9136507936508,1379204.7936507936
2018-06-30,UDR,USD,74208,2018-07-31,2018-07-31 14:34:33,2018,Q2,259743000.0,186936000.0,72807000.0,0.2803039928,0,12373000.0,0.0,12373000.0,111029000.0,16882000.0,203818000.0,1128000.0,31598000.0,1684000.0,162097000.0,0.6240668661,55179000.0,0.2124369088,-32502000.0,22677000.0,0.0873055289,233000.0,19630000.0,0.0755747027,0.07,0.07,267311000,268890000,https://www.sec.gov/Archives/edgar/data/74208/000007420818000064/0000074208-18-000064-index.htm,https://www.sec.gov/Archives/edgar/data/74208/000007420818000064/c208-20180630x10q.htm,0.9716884078844492,0.0734350625301615,0.4595583421557661,0.343906535832794,0.0302643737070303,13.808182229687516,13.808182229687516,10.315677244857111,14.154711179113468,10034854940.0,13785911940.0,127.79998650025472,38.63378393257951,81.68712556473605,109.15756488632655,3.639121223835845,3.639121223835845,53.07520102562918,85.04729846943496,112.2220028491188,149.96096965082128,0.0019561817402813,0.0091610691484494,1.3606963424036462,0.4868220731410166,23.14081691826499,1.541774710694371,1.7462814102158364,5.473400463375512,0.0086981825369565,4.446510443199185,0.0476355474449744,0.0,0.0,0.2516585941633766,0.1190214943232348,0.2857103249417766,0.0137751546721182,4.128495982695579,0.0069751146553355,0.0025469168552959,-14.25240543786077,143119000.0,3691079000.0,-3608993000.0,6863099000.0,40089000.0,78699000.0,489936000.0,14.105519686767304,35.79278469636667,161.60530876877647,6.380480974723034,2.514473259442591,0.5569123977775461,0.0071187824887379,0.1156518063229721,2018-07-30,0.48,amc,185499999.0,2025-04-25,2018-06-30,0.0208333333333333,36.16734375,1457018.96875
2018-03-31,UDR,USD,74208,2018-04-26,2018-04-26 14:53:01,2018,Q1,253305000.0,188893000.0,64412000.0,0.2542863347,0,11759000.0,0.0,11759000.0,111836000.0,15459000.0,204352000.0,2759000.0,29943000.0,1691000.0,157103000.0,0.620212787,48013000.0,0.1895461992,-28861000.0,19152000.0,0.0756084562,227000.0,80801000.0,0.318986992,0.3,0.3,267546000,269208000,https://www.sec.gov/Archives/edgar/data/74208/000007420818000051/0000074208-18-000051-index.htm,https://www.sec.gov/Archives/edgar/data/74208/000007420818000051/c208-20180331x10q.htm,0.9467717700881344,0.302007879018935,0.4943299469997683,0.4375247620969852,0.0302265778595082,14.060752169720349,14.060752169720349,10.755010353359795,13.869076719517391,9529988520.0,13209578520.0,29.48598569324637,37.62258352578907,72.0571355552867,81.41253498265817,3.311944742933003,3.311944742933003,52.14890554864689,84.08228054206477,99.87886008952334,112.84643954279076,0.0084786041274265,0.0122831207775683,1.2791395883869805,0.4774484475904158,23.42151327473059,2.64386419841112,1.603479945229269,1.482275147100028,0.0088107136565574,1.039170307298177,0.0464222972306113,0.0,0.0,0.1149135010887974,0.0599988156570142,0.138381272364719,0.0138331260733108,8.548812898701772,0.0061217420917299,0.0104813201318762,-13.40837743789853,438052000.0,3761898000.0,-3242621000.0,7124856000.0,29469000.0,93005000.0,616421500.0,14.023449991117428,39.57192696394255,306.9390077980656,6.417821581494337,2.274339586293255,0.2932178632023557,0.0280806683672405,0.056805184902783,2018-04-25,0.47,amc,42216666.0,2025-04-25,2018-03-31,0.0,35.22295081967213,1667161.68852459
2017-12-31,UDR,USD,74208,2018-02-20,2018-02-20 15:11:54,2017,Q4,252880000.0,188719000.0,64161000.0,0.2537211326,0,11563000.0,6200000.0,11563000.0,114099000.0,16261000.0,204980000.0,548000.0,34211000.0,1648000.0,158188000.0,0.6255457134,47287000.0,0.1869938311,-13997000.0,33290000.0,0.1316434673,-1065000.0,68320000.0,0.2701676685,0.26,0.25,267270000,269221000,https://www.sec.gov/Archives/edgar/data/74208/000007420818000024/0000074208-18-000024-index.htm,https://www.sec.gov/Archives/edgar/data/74208/000007420818000024/c208-20171231x10k.htm,0.9461593145508288,0.2556216560032925,0.4874583754255995,0.3704530998615632,0.0291128858457739,14.156104313989598,14.156104313989598,10.572828974445317,13.865656452276724,10295240400.0,13964865400.0,37.67286446135832,40.71195982284088,79.02213182072873,103.98077385341024,3.6433011536556026,3.6433011536556026,55.22328930718127,88.28018180898678,107.18869998388124,141.043574956318,0.0066360762202308,0.0096171625093863,1.2993357633236606,0.4747877127834489,23.19787215212279,2.2650732808836853,1.3822162462365906,1.7227048540865035,0.008152990774261,1.2285860655737706,0.0457252451755773,0.0,0.0,0.2400313164418995,0.1236633976589686,0.2816054174283424,0.0110329009807023,7.7980440592153855,0.0062925529337098,0.0088345516833558,-13.593258685972986,351827000.0,3783502000.0,-3319836000.0,7089399000.0,19031500.0,99482500.0,560608000.0,6.929017715912686,49.099666700226265,280.7202242487508,12.988854075710105,1.8330063328023625,0.3206039046201727,0.0241772241489135,0.1170052755640363,2018-02-06,0.48,amc,91044000.0,2025-04-25,2017-12-31,0.0,38.87984126984127,1446921.142857143
2017-09-30,UDR,USD,74208,2017-10-31,2017-10-31 14:34:37,2017,Q3,251091000.0,187541000.0,63550000.0,0.2530954913,0,12123000.0,0.0,12123000.0,110706000.0,15658000.0,203199000.0,481000.0,30095000.0,1585000.0,155723000.0,0.6201855104,45492000.0,0.1811773421,-27795000.0,17697000.0,0.0704804234,127000.0,15264000.0,0.0607907093,0.06,0.06,267056000,269062000,https://www.sec.gov/Archives/edgar/data/74208/000007420817000105/0000074208-17-000105-index.htm,https://www.sec.gov/Archives/edgar/data/74208/000007420817000105/c208-20170930x10q.htm,0.9402185309448206,0.057156551434905,0.557452369540471,0.4019269366724582,0.0229839434425738,14.214557995326825,14.214557995326825,10.653282457611889,13.88886975016476,10156139680.0,13833362680.0,166.34138626834385,40.44804345834777,68.22107515903029,94.61918704640524,3.5697917661825582,3.5697917661825582,55.09302475994759,88.83313755835682,92.9218093517206,128.87785833403206,0.001502933248354,0.0105686809537853,1.2931392821780352,0.4740562874120328,23.613872067709973,2.007538225068362,1.5116132247881708,8.47302219692658,0.0082576650816602,5.494365828092243,0.0482813004050324,0.0,0.0,0.2789932223199952,0.165414132724789,0.3819007686932215,0.0128997056843933,3.701399728701153,0.0060421358100928,0.0019668316216116,-13.77332282367743,287764000.0,3796083000.0,-3391247000.0,6929758000.0,17942000.0,94085000.0,498940500.0,6.664755009140112,46.07424509840514,255.58251262390624,13.503872216844144,1.9533689549938027,0.3521367681850614,0.0053651587350963,0.1555254328680127,2017-10-30,0.47,amc,292950000.0,2025-04-25,2017-09-30,0.0,38.77253968253969,1233993.4126984128
2017-06-30,UDR,USD,74208,2017-07-27,2017-07-27 14:31:01,2017,Q2,247979000.0,185213000.0,62766000.0,0.2531101424,0,11434000.0,0.0,11434000.0,112386000.0,15370000.0,200583000.0,515000.0,33866000.0,1567000.0,155987000.0,0.6290331036,46205000.0,0.1863262615,-34777000.0,11428000.0,0.0460845475,366000.0,9228000.0,0.0372128285,0.03,0.03,266972000,268859000,https://www.sec.gov/Archives/edgar/data/74208/000007420817000086/0000074208-17-000086-index.htm,https://www.sec.gov/Archives/edgar/data/74208/000007420817000086/c208-20170630x10q.htm,0.9288577079244266,0.0345654225911331,0.4477398378856209,0.3346680550769369,0.021680176198253,14.481911960804878,14.481911960804878,10.8349002891689,13.741193833061145,10403898840.0,14037135840.0,281.85681729518853,41.95475762060497,87.03715127076815,116.44374002484696,3.596710533548364,3.596710533548364,56.60614745603458,89.98913909492458,117.4321602221962,157.10808242022676,0.0008869751755487,0.0085878382108528,1.2565267068033596,0.4679040784847039,23.291921762710995,1.8860089655869765,1.3643477233803816,10.805821732055684,0.0080576523560277,9.084416991764195,0.046108743079051,0.0,0.0,0.2525390265531146,0.1217320821521177,0.2743848677931592,0.0139285987926396,2.902850394461978,0.0059626355998988,0.0011879606598099,-13.672830858666826,236583000.0,3866265000.0,-3398065000.0,6993472000.0,18540000.0,83384500.0,429569000.0,6.275128135850213,44.78351951536879,226.1023254307203,14.342336610757664,2.009667863846964,0.3980498644963153,0.0031901929568919,0.113071782808684,2017-07-26,0.47,amc,496000000.0,2025-04-25,2017-06-30,0.0,38.07142857142857,1327537.507936508
2017-03-31,UDR,USD,74208,2017-04-25,2017-04-25 14:51:34,2017,Q1,243841000.0,181455000.0,62386000.0,0.2558470479,0,13075000.0,0.0,13075000.0,108331000.0,16374000.0,197829000.0,427000.0,30539000.0,1608000.0,151692000.0,0.6220939055,45510000.0,0.1866380141,-18914000.0,26596000.0,0.109071075,332000.0,25038000.0,0.1026816655,0.09,0.09,266790000,268688000,https://www.sec.gov/Archives/edgar/data/74208/000007420817000044/0000074208-17-000044-index.htm,https://www.sec.gov/Archives/edgar/data/74208/000007420817000044/a2017q110-q.htm,0.9139810337718806,0.0938490947936579,0.4515311668353386,0.3647438059897298,0.0282132013943551,14.785745342778965,14.785745342778965,11.380355335657258,13.373181153716406,9673805400.0,13208637400.0,96.59123532231008,39.67259566684848,80.30453413467923,99.4122433460076,3.18619225239735,3.18619225239735,54.16905852584266,87.07537246525855,109.64800604329923,135.7377186311787,0.0025882265525002,0.0100591231657399,1.1650526239515968,0.4572560361669104,23.302692297550298,1.7163942818887097,1.490225613150398,4.242287646147345,0.0082560064729025,3.1898314561865964,0.0536210071316964,0.0,0.0,0.1922068003718953,0.0949553192449177,0.2171230307576894,0.0138573906767114,4.902123116603274,0.005797563529188,0.0032365935957639,-13.388560290865474,181914000.0,3944689000.0,-3355378000.0,6831795000.0,19790000.0,89221500.0,368059500.0,7.304349965756374,37.00487724229148,195.33950566256092,12.321424962102071,2.4321118378726143,0.4607362944568438,0.0082465873890253,0.0867873608456089,2017-04-24,0.45,amc,162533333.0,2025-04-25,2017-03-31,0.0,35.75048387096775,1477925.4032258063
2016-12-31,UDR,USD,74208,2017-02-21,2017-02-21 16:27:52,2016,Q4,243008000.0,177941000.0,65067000.0,0.2677566171,0,13104000.0,6400000.0,13104000.0,106364000.0,16931000.0,194872000.0,481000.0,29295000.0,1458000.0,140424000.0,0.5778575191,49086000.0,0.20199335,7131000.0,56217000.0,0.2313380629,-3063000.0,236493000.0,0.973190183,0.89,0.88,266498000,271551000,https://www.sec.gov/Archives/edgar/data/74208/000007420817000030/0000074208-17-000030-index.htm,https://www.sec.gov/Archives/edgar/data/74208/000007420817000030/a201610-k.htm,0.9118567493939918,0.8874100368483065,0.5771412918671059,0.456633820891714,0.0242853604905102,15.033703817664671,15.033703817664671,11.606503613535562,12.873541264850015,9721847040.0,13121213040.0,10.277098095926728,40.0062839083487,63.20809221946985,79.88895769647964,3.143065406661903,3.143065406661903,53.99498386884383,93.43996069048026,85.30959605219529,107.8231357854255,0.0243259330276399,0.0125173744761983,1.0996951288508976,0.4429247730085379,24.20787044949581,1.414218086242058,1.6755760368663597,0.592143863620614,0.0082045108991963,0.3372742533605646,0.0539241506452462,0.0,0.0,0.2088006397628196,0.1321561430076376,0.3088129236982547,0.0117773900447721,15.223136190869834,0.0069871698760201,0.0307950274389862,-13.06079782962724,112524000.0,4006452000.0,-3288954000.0,6692553000.0,19742000.0,97718000.0,318563000.0,7.32938833289439,52.51825043132274,173.1213154922137,12.27933299646286,1.7136899889247363,0.5198666596549044,0.0764579985839494,0.1205074709753919,2017-01-30,0.45,amc,27613636.0,2025-04-25,2016-12-31,0.0222222222222222,34.263174603174605,1704284.238095238
2016-09-30,UDR,USD,74208,2016-10-26,2016-10-26 14:49:28,2016,Q3,243252000.0,182308000.0,60944000.0,0.2505385362,0,11765000.0,0.0,11765000.0,108964000.0,14927000.0,197235000.0,478000.0,31954000.0,1526000.0,168569000.0,0.6929809416,45751000.0,0.1880806735,-16191000.0,29560000.0,0.1215200697,94000.0,26027000.0,0.106996037,0.1,0.1,266301000,268305000,https://www.sec.gov/Archives/edgar/data/74208/000007420816000212/0000074208-16-000212-index.htm,https://www.sec.gov/Archives/edgar/data/74208/000007420816000212/a2016q310-q.htm,0.91344756497347,0.0977352694882858,0.5882516400614343,0.5389728164745908,0.0123995028182395,14.370032406938014,14.370032406938014,10.975948269063954,13.429705483644447,9584172990.0,13125261990.0,92.05990884466132,39.40018166346012,61.181299887649054,66.77516731810296,3.278987757389393,3.278987757389393,53.95746793448769,77.86284542234931,83.78611182749023,91.44675981857326,0.0027156229366014,0.0149756270206888,1.2126253803577671,0.4632481650843159,21.00676280929471,1.5221283813945183,1.4317769293359204,5.316364623634019,0.0082956557736339,3.0547892573097166,0.0483654810649038,0.0,0.0,0.0837716722416566,0.0539481689770279,0.1222700506857483,0.0142280433459951,4.912900201942343,0.0061863375053308,0.0034017024065211,-13.739792565555518,146209000.0,3826754000.0,-3398181000.0,6464492000.0,19694000.0,91438000.0,266891000.0,7.286517685363327,45.22067051363626,145.55565307062773,12.351579161165835,1.9902402812196376,0.6183201964428647,0.0089044943628019,0.0492788235868434,2016-10-25,0.45,amc,194639999.0,2025-04-25,2016-09-30,0.0,36.444375,1584990.6875
2016-06-30,UDR,USD,74208,2016-07-27,2016-07-27 15:19:32,2016,Q2,238786000.0,181284000.0,57502000.0,0.2408097627,0,10835000.0,0.0,10835000.0,109315000.0,14213000.0,195497000.0,540000.0,30678000.0,1486000.0,151037000.0,0.632520332,41660000.0,0.1744658397,-29813000.0,11847000.0,0.0496134614,-402000.0,17017000.0,0.071264647,0.06,0.06,266268000,268174000,https://www.sec.gov/Archives/edgar/data/74208/000007420816000189/0000074208-16-000189-index.htm,https://www.sec.gov/Archives/edgar/data/74208/000007420816000189/a2016q210-q.htm,0.896788198356543,0.0639092943951207,0.4280687127255246,0.3324056965162918,0.0194165277089248,14.567480883921462,14.567480883921462,11.066579536406929,13.129084230925232,9830614560.0,13290624560.0,144.42343773873188,41.16914123943615,86.24783569191356,111.06909534623598,3.336170844707732,3.336170844707732,55.65914484098733,87.995819302555,116.6038599415692,150.161278062118,0.001731020974949,0.0090034045643632,1.1759613204845052,0.4553402972530388,22.908360203129035,1.1992249606278496,1.3579764000260772,5.826058065835207,0.008111598670999,4.6860198624904505,0.0453753570142303,0.0,0.0,0.2234758424649722,0.1066729205229787,0.237118680357093,0.01338436926788,3.989146401754778,0.0058651214614085,0.0022361125675124,-13.489486156804425,53004000.0,3878854000.0,-3412173000.0,6412115000.0,18194000.0,84475500.0,217670000.0,7.422796981397568,45.31425829085854,118.62282385649036,12.124809586676143,1.986129827444536,0.7587072797127288,0.0057749817082027,0.0956630162092328,2016-07-26,0.44,amc,199000000.0,2025-04-25,2016-06-30,0.0,35.82578125,1877201.296875
2016-03-31,UDR,USD,74208,2016-04-26,2016-04-26 14:33:41,2016,Q1,234815000.0,179541000.0,55274000.0,0.2353938207,0,13844000.0,0.0,13844000.0,108644000.0,17149000.0,196690000.0,431000.0,31104000.0,1553000.0,145696000.0,0.620471435,38125000.0,0.1623618593,-29994000.0,8131000.0,0.0346272598,-403000.0,9464000.0,0.0403040692,0.04,0.04,262456000,264285000,https://www.sec.gov/Archives/edgar/data/74208/000007420816000175/0000074208-16-000175-index.htm,https://www.sec.gov/Archives/edgar/data/74208/000007420816000175/a2016q110-q.htm,0.894683299295882,0.0360593775718596,0.4286013655622275,0.3311335995366842,0.0140175877099399,15.028701953851312,15.028701953851312,11.327106257810833,13.11811884658762,10112429680.0,13520586680.0,267.12884826711746,43.06551830164172,89.8970537563673,116.35786901090808,3.401574870318787,3.401574870318787,57.57974013585163,92.7999854491544,120.1947450861862,155.5735568647305,0.00093587795411,0.0085941759547543,1.147654772312384,0.4488317410302716,23.39224824291676,0.9691241798100828,1.2257265946502058,9.69398483281627,0.0072809406176261,7.779797125950972,0.0589570512957008,0.0,0.0,0.227408902203771,0.1089410812767497,0.2393163192755304,0.0165193876030066,3.0315159624034544,0.0054395768846461,0.0012450062934384,-13.498622626268784,-7576000.0,3944373000.0,-3419401000.0,6334989000.0,16694000.0,79516000.0,160237000.0,6.398483912867577,38.93729008972881,98.4520527344729,14.065832035461842,2.3114089293990423,0.9141505687314792,0.003183458930386,0.0974677660255433,2016-04-25,0.43,amc,293500000.0,2025-04-25,2016-03-31,0.0,35.77360655737705,2762177.819672131
2015-12-31,UDR,USD,74208,2016-02-23,2016-02-23 16:32:09,2015,Q4,237605000.0,179409000.0,58196000.0,0.2449275057,0,16560000.0,6400000.0,16560000.0,110342000.0,21993000.0,201402000.0,407000.0,33170000.0,1899000.0,142330000.0,0.5990193809,34815000.0,0.1465246943,-31711000.0,3104000.0,0.0130636982,-1424000.0,165485000.0,0.6964710339,0.62,0.61,260830000,266108000,https://www.sec.gov/Archives/edgar/data/74208/000007420816000140/0000074208-16-000140-index.htm,https://www.sec.gov/Archives/edgar/data/74208/000007420816000140/a201510-k.htm,0.91095732852816,0.6344553924011809,0.4823563240424798,0.349526511520914,0.0258980945443392,14.749250469654564,14.749250469654564,11.117413641068897,13.817294789709772,9799383100.0,13363436100.0,14.804035259993352,41.24232697123377,77.88847813818921,107.48826987835513,3.3793831202980944,3.3793831202980944,56.24223438058963,93.8905086770182,106.21665567151248,146.58194412451874,0.0168872875273138,0.009303340737847,1.2314126538276509,0.4659274118836448,25.040771446638093,0.6841651693888667,1.0495930057280676,0.7101539260455061,0.0075147587606815,0.4449950146538961,0.0696955030407609,0.0,0.0,0.2753769483280742,0.1458134298520654,0.3243764512021571,0.0150586056690726,12.597770368916024,0.0068465774678009,0.0215929499608812,-14.321533182532685,-77696000.0,3847047000.0,-3648491000.0,6375846000.0,16094000.0,68878500.0,114076000.0,6.323351781317733,40.81199939802351,62.24035583499156,14.2329579489637,2.2052337873051773,1.446007157134567,0.0570686144174249,0.1328298125215657,2016-02-02,0.42,amc,45987096.0,2025-04-25,2015-12-31,0.0,35.8803125,1630157.078125
2015-09-30,UDR,USD,74208,2015-10-27,2015-10-27 14:11:37,2015,Q3,221418000.0,160756000.0,60662000.0,0.2739704992,0,15414000.0,0.0,15414000.0,94664000.0,19510000.0,180266000.0,402000.0,30232000.0,1457000.0,135458000.0,0.6117750138,40201000.0,0.1815615713,-27139000.0,13062000.0,0.0589924938,-633000.0,12361000.0,0.0558265362,0.05,0.05,259114000,261207000,https://www.sec.gov/Archives/edgar/data/74208/000007420815000105/0000074208-15-000105-index.htm,https://www.sec.gov/Archives/edgar/data/74208/000007420815000105/a2015q310-q.htm,0.8545196322854033,0.0477048712149864,0.3427024398527289,0.2126631521260912,0.005121297961515,12.301056677755737,12.301056677755737,11.093028551139652,13.675316655989256,8934250720.0,12446163720.0,180.6943354097565,40.3501554525829,100.61206455027646,162.13434088269454,3.108258474324188,3.108258474324188,56.21116494593935,91.88208684610728,140.16107974188898,225.8667922473868,0.0013835519493905,0.006167724829643,1.2222669471697865,0.5074925643496135,25.926213291204657,0.6510759949576805,1.3297499338449326,6.484045271997079,0.008151662885055,5.891837229997573,0.0696149364550307,0.0,0.0,0.3794524713116138,0.1521782330253186,0.3661505025808204,0.0242934178793052,3.450624394854706,0.0061887537390768,0.0017855672545368,-14.165064411803298,-77503000.0,3187376000.0,-3590737000.0,5553465000.0,15494000.0,64227500.0,98362500.0,6.297861962442078,31.57636417925303,58.26967578193038,14.2905640893249,2.85023315189447,1.544542659492698,0.0043004370713609,0.1300392877266377,2015-10-26,0.41,amc,221400000.0,2025-04-25,2015-09-30,0.024390243902439,33.34703125,1750362.015625
2015-06-30,UDR,USD,74208,2015-07-28,2015-07-28 14:16:37,2015,Q2,215862000.0,158527000.0,57335000.0,0.2656095098,0,13637000.0,0.0,13637000.0,93813000.0,17106000.0,175633000.0,382000.0,29673000.0,1700000.0,131616000.0,0.6097228785,39302000.0,0.1820700262,-29864000.0,9438000.0,0.0437223782,-1404000.0,85924000.0,0.3980506064,0.33,0.33,257849000,262806000,https://www.sec.gov/Archives/edgar/data/74208/000007420815000060/0000074208-15-000060-index.htm,https://www.sec.gov/Archives/edgar/data/74208/000007420815000060/a2015q210-q.htm,0.837164386908617,0.3332337918704358,0.4692087229347408,0.3596872588220237,0.0116424729201974,12.211720813344243,12.211720813344243,11.082618121458683,13.93868504434766,8258903470.0,11820316470.0,24.02967584726037,38.26010817096108,68.26386304087283,89.04958186425144,2.890111312053784,2.890111312053784,54.75867206826584,89.80911492523705,97.70067752200686,127.4496357755135,0.0104038024311718,0.01122969899538,1.2473231426469795,0.5136227201922842,27.059118952103088,0.5916697197491029,1.324503757624777,1.3460126385118598,0.0088144873304833,0.8472370932451935,0.0631746208225625,0.0,0.0,0.2334173657891474,0.130824322947068,0.3068097866237886,0.0222364288295299,9.1156357079733,0.0067253609073961,0.0123814615266011,-14.465850168121651,-92506000.0,3148780000.0,-3656909000.0,5696739000.0,15494000.0,67955500.0,144578000.0,6.459960530338828,40.906974837094,52.5970339437446,13.931973667226025,2.2001138035362366,1.7111231043229531,0.0300681470947025,0.1095214641127171,2015-07-27,0.05,amc,32712121.0,2025-04-25,2015-06-30,5.6000000000000005,32.84571428571429,1631638.365079365
2015-03-31,UDR,USD,74208,2015-04-28,2015-04-28 14:34:21,2015,Q1,219753000.0,157943000.0,61810000.0,0.2812703353,0,11953000.0,0.0,11953000.0,92166000.0,15342000.0,173285000.0,360000.0,28800000.0,1623000.0,136728000.0,0.6221894582,45273000.0,0.2060176653,30719000.0,75992000.0,0.3458064281,-425000.0,72891000.0,0.3316951304,0.28,0.28,256834000,258662000,https://www.sec.gov/Archives/edgar/data/74208/000007420815000029/0000074208-15-000029-index.htm,https://www.sec.gov/Archives/edgar/data/74208/000007420815000029/udr-20150331x10q.htm,0.8556226979294018,0.2838058823987478,0.3738523715707422,0.2926014468489374,0.0245411433065715,12.159309125738805,12.159309125738805,10.94162377255348,13.804515757259551,8740061020.0,12250456020.0,29.97647521641904,39.77220342839461,91.0252350600929,116.30154384564204,3.110141667031412,3.110141667031412,55.7464790924356,89.59727356503423,127.58499468849593,163.0133868263473,0.0083398731236775,0.008598338138376,1.2514030235063152,0.5127452591386089,25.67429495055877,1.1033583350843694,1.5719791666666667,1.2565005169006895,0.0077371313364125,0.927727703008602,0.0543928865590003,0.0,0.0,0.2173342498281572,0.0949611609397824,0.2308407079646017,0.0193854008818992,8.358779023697466,0.006856775412891,0.0106278170290898,-14.09240209629566,22627000.0,3122924000.0,-3494042000.0,5929591000.0,14931500.0,77569500.0,187071500.0,6.345578899946759,36.38736759463857,111.97704235072146,14.183103136698076,2.473385846500775,0.8037361776185558,0.025938186899705,0.0812509247218047,2015-04-27,0.41,amc,54950000.0,2025-04-25,2015-03-31,0.048780487804878,32.877377049180325,1972457.426229508
2014-12-31,UDR,USD,74208,2015-02-24,2015-02-24 16:53:23,2014,Q4,209549000.0,159187000.0,50362000.0,0.2403351961,0,11615000.0,6000000.0,11615000.0,95697000.0,15906000.0,175093000.0,0.0,32392000.0,2117000.0,117499000.0,0.5607232676,34308000.0,0.1637230433,-34910000.0,-602000.0,-0.0028728364,-7087000.0,64486000.0,0.3077370925,0.25,0.25,253983000,256000000,https://www.sec.gov/Archives/edgar/data/74208/000007420815000013/0000074208-15-000013-index.htm,https://www.sec.gov/Archives/edgar/data/74208/000007420815000013/udr-20141231x10k.htm,0.8250512829598832,0.253898882996106,0.4346038908115897,0.3733123870495269,0.0602874995570569,11.884378088297249,11.884378088297249,10.768819172936771,14.23519290661186,7827756060.0,11395637060.0,30.346726653847348,37.35525371154241,70.91514975267707,82.55820344882139,2.8619665262328904,2.8619665262328904,54.38172961932531,96.98497059549445,103.2381824935225,120.1881248747561,0.0082381207980566,0.0121126666790891,1.310046773478235,0.5233458272463117,30.36520310811156,0.937003824505406,1.0591504075080267,1.629206517888771,0.0085962055388833,1.0434667989951307,0.0554285632477368,0.0,0.0,0.1410284285481328,0.0742881139972035,0.1664492536675078,0.0179146643505814,7.843424066178187,-0.0559840045456859,0.0094187803639038,-14.619873180488458,-15434000.0,3018430000.0,-3598539000.0,5908469000.0,16343500.0,86757500.0,249363000.0,6.171396666173544,51.608359979144026,100.42830130601116,14.583408727120885,1.7439035078109597,0.8961617276166457,0.0235772259631011,0.0612915037620628,2015-02-02,0.39,amc,25140000.0,2025-04-25,2014-12-31,0.0,29.97390625,1454695.828125
2014-09-30,UDR,USD,74208,2014-10-29,2014-10-29 14:35:53,2014,Q3,206752000.0,158720000.0,48032000.0,0.2323169788,0,11390000.0,0.0,11390000.0,92733000.0,14784000.0,173504000.0,9061000.0,33087000.0,1385000.0,122868000.0,0.5942772017,33084000.0,0.1600177991,-24965000.0,8119000.0,0.0392692695,-2492000.0,39618000.0,0.1916208791,0.16,0.16,251655000,253732000,https://www.sec.gov/Archives/edgar/data/74208/000007420814000040/0000074208-14-000040-index.htm,https://www.sec.gov/Archives/edgar/data/74208/000007420814000040/udr-20140930x10q.htm,0.8215692118177664,0.1574298146271681,0.380540819773102,0.2767558761002165,0.059223937533528,12.036049353281278,12.036049353281278,11.03995549462558,14.54880292463889,6857598750.0,10471185750.0,43.27325174163259,33.168234164603,71.60861222784942,98.46222737519204,2.468307051895791,2.468307051895791,50.64611587796007,85.22305034671355,109.3425129222576,150.34654400045946,0.0057772409037492,0.0101561789394574,1.3059224118692996,0.5259706747724877,29.41031839046782,1.5686409588154246,0.999909329948318,2.280553438750238,0.0096732110492758,1.6743651875410168,0.0550901563225506,0.0,0.0,0.2727301206077377,0.1263252592477944,0.2878873053139777,0.0159611515245318,6.2534317224824285,0.006495089483946,0.005743330615672,-14.623061333969124,137022000.0,3028932000.0,-3491170000.0,6139242000.0,31283000.0,41513000.0,298456500.0,7.973901098901099,46.629095262096776,182.07195060483872,11.286821705426355,1.9301253754575416,0.4943100774228107,0.0142600044632251,0.1037849436728855,2014-10-28,0.4,amc,146203197.0,2025-04-25,2014-09-30,-0.05,28.92734375,1197183.734375
2014-06-30,UDR,USD,74208,2014-07-29,2014-07-29 14:34:42,2014,Q2,203706000.0,154959000.0,48747000.0,0.239300757,0,12530000.0,0.0,12530000.0,92231000.0,15885000.0,170844000.0,1426000.0,31691000.0,90069000.0,123929000.0,0.6083718693,32862000.0,0.1613207269,-30693000.0,2169000.0,0.0106476982,-2190000.0,29076000.0,0.1427351183,0.12,0.12,250255000,252191000,https://www.sec.gov/Archives/edgar/data/74208/000007420814000019/0000074208-14-000019-index.htm,https://www.sec.gov/Archives/edgar/data/74208/000007420814000019/udr-2014630x10q.htm,0.813993726399073,0.1161854907993846,0.4143453677249206,0.2978641785378914,0.1072146410661125,11.787912329423987,11.787912329423987,10.719198417614034,15.102535413877844,7164800650.0,10885778650.0,61.60407767574632,35.17226124905501,69.09694720904216,96.11763368302434,2.6709086710210084,2.6709086710210084,53.43867460948622,87.8388323152773,104.98185636307528,146.03550548683964,0.0040581729234853,0.0104039182164824,1.3971101194281674,0.540619597383592,30.02507887580792,0.833793785457763,1.0369505537849864,3.3356494885157306,0.0092559448949916,2.2808157930939608,0.0615102157030229,0.0,0.0,0.2811210122285229,0.1430983868909114,0.3236407643029233,0.0176725280551382,5.293566369220817,0.0101651186520275,0.0041942154274021,-15.122552995944137,-79833000.0,2949984000.0,-3581929000.0,5816125000.0,64408000.0,38400000.0,249210000.0,19.549350534593973,0.4605734420072406,160.19534199368866,4.60373350207919,195.40857503152583,0.561814088224524,0.0108390092498396,0.1164811891870292,2014-07-29,0.38,bmo,50925000.0,2025-04-25,2014-06-30,0.0263157894736842,26.926984126984127,1440679.142857143
2014-03-31,UDR,USD,74208,2014-04-29,2014-04-29 14:22:32,2014,Q1,198039000.0,156029000.0,42010000.0,0.212129934,0,11994000.0,0.0,11994000.0,91539000.0,15000000.0,171029000.0,1415000.0,32884000.0,89613000.0,113058000.0,0.5708875525,26510000.0,0.133862522,-35034000.0,-8524000.0,-0.0430420271,-3329000.0,17430000.0,0.0880129671,0.07,0.07,250177000,251822000,https://www.sec.gov/Archives/edgar/data/74208/000007420814000006/0000074208-14-000006-index.htm,https://www.sec.gov/Archives/edgar/data/74208/000007420814000006/udr-2014331x10q.htm,0.791595550350352,0.0696706731634003,0.3298504658701639,0.2045751607861634,0.0646142531087989,11.9218673179389,11.9218673179389,10.956278954500211,14.634159015417085,6462071910.0,10074426910.0,92.68605722891566,32.6302996379501,78.30821136437997,126.26166295427902,2.3575522407989173,2.3575522407989173,50.870923959422136,89.10848334483185,122.08318985470363,196.84304239937475,0.0026972773195276,0.0079200604253257,1.3236899258630672,0.5309092462814363,31.95134355817368,0.721277832526684,0.8061671329521956,4.340469177361666,0.0092668420955408,3.4356282271944925,0.0605638283368427,0.0,0.0,0.3797942341949322,0.1582567070122551,0.3497372033075558,0.0186831886648589,4.144267719131521,0.0025427340409816,0.0025504742960332,-14.63185864407999,-133778000.0,2982577000.0,-3505255000.0,5844224000.0,83800500.0,56985000.0,344301500.0,38.43242997591384,43.84204218446571,128.39978465541662,2.3417723015797938,2.052824081992448,0.700935755005593,0.0063589721887086,0.1252753050840005,2014-04-29,0.35,bmo,28285714.0,2025-04-25,2014-03-31,0.0285714285714286,25.028524590163933,1749684.7049180327
2013-12-31,UDR,USD,74208,2014-02-25,2014-02-25 14:03:19,2013,Q4,193416000.0,153671000.0,39745000.0,0.2054897216,0,11532000.0,5700000.0,11532000.0,91873000.0,16738000.0,170409000.0,1328000.0,33360000.0,3281000.0,119367000.0,0.6171516317,23007000.0,0.1189508624,-26366000.0,-3359000.0,-0.0173667122,15000.0,35769000.0,0.1849329942,0.14,0.14,249987000,249987000,https://www.sec.gov/Archives/edgar/data/74208/000007420814000003/0000074208-14-000003-index.htm,https://www.sec.gov/Archives/edgar/data/74208/000007420814000003/udr-20131231x10k.htm,0.7737042326200962,0.1430834403388976,0.3144363506902359,0.7904451031453635,0.1210022921191902,12.121034293783277,12.121034293783277,11.247176853196368,14.228991907579196,5837196450.0,9330650450.0,40.79787280885684,30.179491096910287,74.2598619680682,29.540318368834164,2.0760765394530183,2.0760765394530183,48.2413577470323,78.16775532601137,118.70301443928504,47.219651975445466,0.0061277704641926,0.0338520386786022,1.253251829532004,0.5176038328239608,29.266497440666186,2.37115919312534,0.6896582733812949,2.0684437661175727,0.010254066402031,1.6733763873745422,0.0596227819828762,0.0,0.0,1.513847719610712,0.6152334863713447,1.2943915067658704,0.0144765686396161,6.017383738864045,0.0035261567784035,0.0052541804732919,-13.809103073359816,348162000.0,3030101000.0,-3175541000.0,6226424000.0,74870000.0,68285000.0,476475000.0,38.63677255242586,22.233668031053355,272.9218915735565,2.3293871111485798,4.047915075204805,0.3297646791215488,0.0127217204998634,0.4760087524551277,2014-02-04,0.36,bmo,27628571.0,2025-04-25,2013-12-31,-0.0277777777777778,23.96171875,1455256.984375
2013-09-30,UDR,USD,74208,2013-10-29,2013-10-29 14:09:13,2013,Q3,193586000.0,151238000.0,42348000.0,0.2187554885,0,11364000.0,0.0,11364000.0,87229000.0,14327000.0,165565000.0,829000.0,30939000.0,85442000.0,116074000.0,0.5995991446,34481000.0,0.1781172192,-23650000.0,577000.0,0.0029805874,-2658000.0,3188000.0,0.016468133,0.0128,0.0127,249985000,251454000,https://www.sec.gov/Archives/edgar/data/74208/000007420813000016/0000074208-13-000016-index.htm,https://www.sec.gov/Archives/edgar/data/74208/000007420813000016/udr-2013930x10q.htm,0.7743904634278057,0.0127527651659099,0.355653339200352,0.2267696061763705,0.0445986759205552,12.200208012480749,12.200208012480749,11.312754765285916,13.977282636958218,5924644500.0,9376667500.0,464.6051207653701,30.604715733575777,66.63792347145363,104.5113602286158,2.0949804439079087,2.0949804439079087,48.43670255080429,80.78180729534607,105.46483443559634,165.40541374869903,0.0005380913572113,0.0095683378133489,1.2245929040787915,0.5126018603133835,29.7398469941589,2.7180442783953245,1.114483338181583,27.48315301391036,0.0100851620717496,18.74247176913425,0.0587025921295961,0.0,0.0,0.3623858370450353,0.1664324899527858,0.3770862105287798,0.0123975907348671,1.8016798717523188,0.0295606507380487,0.0004718722404428,-13.606991419485167,371558000.0,3049869000.0,-3118371000.0,6219860000.0,66703500.0,104831500.0,459704500.0,31.012728193154462,58.67989526441768,289.77717240376097,2.902034269267093,1.5337450688085024,0.3105834709250269,0.0011272908703937,0.1288837330239814,2013-10-29,0.35,bmo,191100000.0,2025-04-25,2013-09-30,0.0571428571428572,24.3403125,1633070.0625
2013-06-30,UDR,USD,74208,2013-07-30,2013-07-30 14:18:02,2013,Q2,191830000.0,150278000.0,41552000.0,0.2166084554,0,9866000.0,0.0,9866000.0,88076000.0,12811000.0,163089000.0,1446000.0,30803000.0,86269000.0,116971000.0,0.6097638534,31513000.0,0.1642756607,-29672000.0,2671000.0,0.0139237867,-2683000.0,4261000.0,0.0222123755,0.02,0.02,249985000,251406000,https://www.sec.gov/Archives/edgar/data/74208/000007420813000013/0000074208-13-000013-index.htm,https://www.sec.gov/Archives/edgar/data/74208/000007420813000013/udr-2013630x10q.htm,0.7673660419625178,0.017045022701362,0.4229413764825889,0.1842710562633758,0.0361461687701262,12.420537232233936,12.420537232233936,11.466175970558233,13.702926175570534,6392116450.0,9777804450.0,375.0361681530157,33.3217768336548,60.45755138136178,138.76297514381852,2.230037291042475,2.230037291042475,50.97119558984517,83.59169751476861,92.47987259881396,212.26103223705636,0.0006666023739289,0.007206533291489,1.1843274355177904,0.5034034779640316,28.944678595549323,1.1961040826126568,1.0230497029510113,19.747665296974223,0.0093824949011997,14.075099741844635,0.0514309544909555,0.0,0.0,0.5643106432483046,0.3110253870614606,0.6916041683571156,0.0125110775165511,2.0970044512612493,0.0100299478437076,0.0006318636953897,-13.454021241274477,87393000.0,3104948000.0,-3105556000.0,5920341000.0,66446500.0,97058000.0,442072000.0,31.29333263827347,66.51033418065187,258.9965929810085,2.8760119940029987,1.3531731738942516,0.3474949186169389,0.0014865481521588,0.2386703202192131,2013-07-30,0.34,bmo,94750000.0,2025-04-25,2013-06-30,0.0294117647058822,24.791875,1916635.84375
2013-03-31,UDR,USD,74208,2013-05-02,2013-05-02 14:59:11,2013,Q1,187224000.0,147495000.0,39729000.0,0.2122003589,0,9476000.0,0.0,9476000.0,86231000.0,12265000.0,159760000.0,1016000.0,30981000.0,1146000.0,112434000.0,0.6005319831,30485000.0,0.162826347,-26944000.0,-2282000.0,-0.0121886083,-1973000.0,-268000.0,-0.0014314404,-0.0011,-0.0011,249917000,249917000,https://www.sec.gov/Archives/edgar/data/74208/000007420813000010/0000074208-13-000010-index.htm,https://www.sec.gov/Archives/edgar/data/74208/000007420813000010/udr-2013331x10q1.htm,0.7491447160457272,-0.0010723560221993,0.2667285538798881,0.1582405358579048,0.0284934598286631,12.635086848833812,12.635086848833812,11.728725937011088,14.125041513782577,6072983100.0,9564969100.0,-5665.096175373134,32.436990449942314,91.10385688568856,153.56368624674437,2.0718362872917924,2.0718362872917924,51.08837061487843,85.07185637796397,143.48888538853885,241.8633297089539,-4.41298774567642e-05,0.0065119562081442,1.1937423069260182,0.5077954153527735,31.058096305388048,2.349316737265496,0.9839901875342952,-215.72815533980585,0.0092155698572584,-208.8283582089552,0.0506131692518053,0.0,0.0,0.4067356735673567,0.1448158355766354,0.3205300988319856,0.0101482715891125,,0.0006200997731662,-3.889254353026167e-05,-13.80638672039117,315674000.0,3157723000.0,-3183433000.0,4424711999.0,65099500.0,93813500.0,470739000.0,31.819478272016408,50.68239601342419,275.61252923827925,2.828456181167193,1.7757645075848785,0.3265453869195874,-9.142988146866411e-05,0.1084880180219833,2013-04-30,0.2246,bmo,369800000.0,2025-04-25,2013-03-31,0.5138023152270705,24.268833333333337,2227283.033333333
2012-12-31,UDR,USD,74208,2013-02-27,2013-02-26 17:37:37,2012,Q4,182445000.0,146037000.0,36408000.0,0.1995560306,0,6824000.0,6200000.0,6824000.0,86012000.0,9380000.0,155417000.0,1157000.0,30660000.0,1092000.0,26520000.0,0.1453588753,-11982000.0,-0.0656745869,-6026000.0,-14739000.0,-0.0807859903,-1628000.0,-12300000.0,-0.0674175779,-0.0495,-0.0492,248248710,249809000,https://www.sec.gov/Archives/edgar/data/74208/000007420813000007/0000074208-13-000007-index.htm,https://www.sec.gov/Archives/edgar/data/74208/000007420813000007/udr-20121231x10k.htm,0.7349282902618104,-0.0495470852597783,0.2897296022202895,1.485731788898319,0.0488099213083524,12.959785370083091,12.911849572148832,12.056119042874382,13.85704280195454,5903354323.8,9300572323.8,-119.9868765,32.35689837375647,82.07652865901981,16.00558066919538,1.9724423685128485,1.9724423685128485,50.97740318342514,350.70031386877827,129.30931280917622,25.216351998069573,-0.0020835611967947,0.062478208111788,1.1391342089119776,0.4949304704399747,128.1002262443439,2.535166867366248,-0.3908023483365949,-5.551910459282131,0.0094798646549774,-4.549837398373984,0.0374030529748691,0.0,0.001727514618911,4.127994438651373,1.6273726328482556,3.511685669678762,0.0043574775959878,,-0.0016013435625255,-0.0017886722947313,-13.55994961665662,356957000.0,3205350000.0,-3081782000.0,4414827000.0,64002000.0,100865500.0,244897500.0,31.574118227411,64.4427782000452,301.85192793607104,2.8504358966346905,1.3965878336377633,0.2981594340489388,-0.0041097043819472,1.1960021866780297,2013-02-05,0.33,bmo,140880000.0,2025-04-25,2012-12-31,0.0606060606060604,23.65774193548387,2021176.725806452
2012-09-30,UDR,USD,74208,2012-10-31,2012-10-31 15:21:59,2012,Q3,181766000.0,65937000.0,115829000.0,0.6372423886,0,10022000.0,-1312000.0,8710000.0,90768000.0,95051000.0,160988000.0,1235000.0,31845000.0,89301000.0,109643000.0,0.6032096212,-12379000.0,-0.0681040459,-31329000.0,-11503000.0,-0.0632846627,-2960000.0,-9031000.0,-0.0496847595,-0.0361,-0.0361,249825000,249825000,https://www.sec.gov/Archives/edgar/data/74208/000007420812000011/0000074208-12-000011-index.htm,https://www.sec.gov/Archives/edgar/data/74208/000007420812000011/udr-2012930x10q.htm,0.7275733013109177,-0.0361493045131592,0.3895206644651255,-0.0551706194336035,0.3297628339837886,13.16521565095567,13.16521565095567,12.215070549384569,13.50769538677074,6125709000.0,9386047000.0,-169.57449341158232,33.70107170758008,62.94916351529103,-444.43945440034827,2.007356396417652,2.007356396417652,51.6380786285664,85.60552885273114,96.45313013811246,-680.9872306464486,-0.0014742783243539,-0.0022500252623818,1.095386727748777,0.4836872234622918,29.73594301505796,0.9397323121255782,-0.3887266446851939,-10.05704836709384,0.0090355255203928,-6.128778651312147,0.055136824268565,0.0,0.0,1.1416372081552122,0.611197913801261,1.2440510184656386,0.0045663105311224,,-0.0013721951521079,-0.0013067758738294,-13.975865105573902,-12716000.0,3289000000.0,-3423626000.0,5996214000.0,51703500.0,99978500.0,0.0,31.68810448598748,132.6229582783566,0.0,2.840182505703303,0.6786155366185007,0.0,-0.0029594020244918,0.4446912838987291,2012-10-29,0.33,bmo,185100000.0,2025-04-25,2012-09-30,0.0,25.84126984126984,2143541.984126984
2012-06-30,UDR,USD,74208,2012-08-01,2012-07-31 19:24:55,2012,Q2,177475000.0,63456000.0,114019000.0,0.6424510494,0,13738000.0,-2972000.0,10766000.0,86925000.0,96257000.0,159713000.0,506000.0,41542000.0,85491000.0,101092000.0,0.5696126215,-23529000.0,-0.1325764192,-43448000.0,-25941000.0,-0.1461670658,-2818000.0,145721000.0,0.8210790252,0.62,0.62,234031000,234031000,https://www.sec.gov/Archives/edgar/data/74208/000007420812000007/0000074208-12-000007-index.htm,https://www.sec.gov/Archives/edgar/data/74208/000007420812000007/udr-2012630x10q.htm,0.7583397071328157,0.6226568275143036,0.3336737440766394,-0.1034606526485807,0.7866991979694997,14.34955198242968,14.34955198242968,13.2892907349881,14.470775239177716,6047361040.0,9208317040.0,10.374896274387355,34.07443887871531,77.44091484184915,-249.75678519803407,1.944422807454151,1.944422807454151,51.8851502465136,91.08848415304873,117.91928595210656,-380.3046726964853,0.0240966264517919,-0.0040038952263382,1.0755479073703598,0.4797432701418878,31.26811221461639,1.3539581793891822,-0.5663906407972654,0.4995969444551073,0.0088451805086868,0.3670713212234338,0.0774080856458656,0.0,0.0,1.310065309258548,0.5764361177630652,1.196652279187283,0.0,13.644779998287463,-0.0030987256824538,0.0208990277830962,-14.531033281915644,72331000.0,3358240000.0,-3337701000.0,6064046000.0,19704500.0,89116500.0,-6600000.0,19.984842935624737,145.79188729198185,0.0,4.503412925981375,0.6173182998842334,0.0,0.0468540300555672,0.4371343967252201,2012-07-30,-0.09,bmo,202725000.0,2025-04-25,2012-06-30,-4.666666666666667,26.096666666666664,3101772.412698413
2012-03-31,UDR,USD,74208,2012-05-02,2012-05-02 13:31:47,2012,Q1,172242000.0,38260000.0,133982000.0,0.7778706703,0,30814000.0,0.0,30814000.0,88825000.0,121022000.0,159282000.0,694000.0,34745000.0,88825000.0,76262000.0,0.4427607668,-18444000.0,-0.1070818964,-2691000.0,-21135000.0,-0.1227052635,-22876000.0,80848000.0,0.4693860963,0.37,0.37,221500000,221500000,https://www.sec.gov/Archives/edgar/data/74208/000007420812000003/0000074208-12-000003-index.htm,https://www.sec.gov/Archives/edgar/data/74208/000007420812000003/udr-2012331x10q.htm,0.7776162528216705,0.3650022573363431,0.3160902934537246,-0.0609209932279909,0.0160632054176072,12.59416704288939,12.59416704288939,11.436474040632056,17.82460045146727,5916265000.0,9826111000.0,18.294407406491192,34.34856190708422,84.50117119433257,-438.4367126130132,2.335510044888261,2.335510044888261,57.04828671288072,128.8467519865726,140.34494529665494,-728.183711279087,0.0136653784101962,-0.0022808308958439,1.544858851269492,0.5636867907379386,51.268600351420105,0.3365029563011123,-0.5308389696359188,0.8082144341321512,0.0083873862986191,0.6137690480902435,0.1788994554173778,0.0,0.0,1.1927328819950296,0.4848294840979552,0.8775074869962697,0.0134287804368272,9.691368526579812,0.000224555293764,0.0116453475433614,-18.762749435665917,-117155000.0,2789608000.0,-4093490000.0,6072219000.0,0.0,85462500.0,116514500.0,0.0,177.4594877156299,-31.050705697856767,0.0,0.5071580063626723,-2.8984848484848484,0.0319156285442126,0.3770112866817156,2012-04-30,-0.06,bmo,40430769.0,2025-04-25,2012-03-31,-5.333333333333334,25.42838709677419,2046569.064516129
2011-12-31,UDR,USD,74208,2012-02-27,2012-02-27 07:24:52,2011,Q4,174386000.0,59492000.0,114894000.0,0.6588487608,0,44978000.0,-34575000.0,10403000.0,93196000.0,103599000.0,163091000.0,0.0,39413000.0,98266000.0,106127000.0,0.6085752297,-29460000.0,-0.1689355797,-2092000.0,-31552000.0,-0.1809319555,29030000.0,46498000.0,0.2666383769,0.21,0.21,218007000,221500000,https://www.sec.gov/Archives/edgar/data/74208/000095012312003185/0000950123-12-003185-index.htm,https://www.sec.gov/Archives/edgar/data/74208/000095012312003185/c25564e10vk.htm,0.799910094629989,0.2132867293252051,0.2812524368483581,-0.1703431541189044,0.0573513694514396,11.72099519740192,11.72099519740192,10.614567422146996,18.154384950941942,5471975700.0,9377842700.0,29.42048959095015,31.378526372529905,89.24367120606703,-147.34962570012925,2.36467479095093,2.36467479095093,53.77635073916484,88.36434366372364,152.94532659218788,-252.52700075398536,0.0084974792559842,-0.0067865798453746,1.6932953047686956,0.5829733116273894,36.80370687949344,0.3166925059728852,-0.747469109177175,1.274263269462571,0.0083735751969804,0.9854187276872124,0.2579220809009898,0.0,0.0,1.6056593003343391,0.5645579346965927,1.0018826450654346,0.0562831878705859,7.137141815538707,-0.0086901147209026,0.0069179513532541,-18.487835252996465,-145004000.0,2555259000.0,-4098890000.0,6097740000.0,3900000.0,102275500.0,123114500.0,0.0,144.45051435487125,372.4973105627647,0.0,0.6230507409540765,0.241612482688879,0.0200937749832544,0.4515955909672625,2012-02-06,-0.05,bmo,39750000.0,2025-04-25,2011-12-31,-7.999999999999999,23.663015873015876,2082986.4126984128
2011-09-30,UDR,USD,74208,2011-11-03,2011-11-03 14:23:29,2011,Q3,187320000.0,43308000.0,144012000.0,0.76880205,0,23411000.0,0.0,23411000.0,97958000.0,24950000.0,68258000.0,2679000.0,39975000.0,98703000.0,8174000.0,0.0436365578,-24016000.0,-0.1282084134,-18979000.0,-25596000.0,-0.1366431775,32030000.0,-13251000.0,-0.0707399103,-0.062,-0.062,213816000,213816000,https://www.sec.gov/Archives/edgar/data/74208/000095012311094767/0000950123-11-094767-index.htm,https://www.sec.gov/Archives/edgar/data/74208/000095012311094767/c22344e10vq.htm,0.8760803681670221,-0.0619738466719048,0.317310210648408,-3.892575859617615,0.0630542148389269,11.877310397725148,11.877310397725148,10.87894264227186,18.84480113742657,4733886240.0,8709749240.0,-89.3118677835635,25.27165406790519,69.77399168705598,-5.687750425029587,2.035124251319381,2.035124251319381,46.49663271407218,1065.543092733056,128.37527989859387,-10.464738151737064,-0.0027991800664816,-0.1758164344904071,1.7150417954233967,0.5862456819737181,486.40359677024713,0.308936560743375,-0.6007754846779237,-4.921369505295227,0.0087304590572501,-3.1189344200437703,0.1249786461669869,0.0,0.0,13.267414438581492,4.805365150544523,9.119692410565028,0.0,,-0.0081975954779856,-0.0019472724298935,-19.85825195495192,-144576000.0,2539559000.0,-4200712000.0,6278588000.0,7800000.0,106622500.0,0.0,3.747597693786034,226.65419783873648,0.0,24.015384615384612,0.3970806667522417,0.0,-0.0056966792371067,4.209886070266023,2011-10-31,-0.1,bmo,241428571.0,2025-04-25,2011-09-30,-4.2,25.2215625,3342815.265625
2011-06-30,UDR,USD,74208,2011-08-05,2011-08-05 06:09:26,2011,Q2,176767000.0,39231000.0,137536000.0,0.7780637789,0,24617000.0,0.0,24617000.0,93637000.0,26161000.0,65392000.0,2855000.0,37660000.0,92147000.0,95677000.0,0.5412605294,-28561000.0,-0.1615742757,-25594000.0,-29909000.0,-0.1692001335,3229000.0,12149000.0,0.0687288917,0.06,0.06,190479000,190479000,https://www.sec.gov/Archives/edgar/data/74208/000095012311073205/0000950123-11-073205-index.htm,https://www.sec.gov/Archives/edgar/data/74208/000095012311073205/c19060e10vq.htm,0.9280130618073384,0.0637813092256889,0.3523853023167908,-0.4665343686180629,0.113576824741835,10.594117986759697,10.594117986759697,9.590941783608692,19.620252101281505,4676259450.0,8354211450.0,96.22725018520045,26.454369028155707,69.66805890766068,-52.62206099139144,2.559706914492688,2.559706914492688,47.26114857411169,87.31682065700221,124.4630888531331,-94.0101440387104,0.0025980166690708,-0.019003436603587,2.0250920562075194,0.6205508860864806,38.44133908880922,0.4028229714291902,-0.7583908656399363,4.502112817761084,0.0075356415478615,2.900536258128241,0.1392624188904037,0.0,0.0,2.3239325407467,0.8824441213574932,1.692806059882579,0.0,3.7099546536963697,-0.005477590716638,0.0020378152352897,-20.560460733204184,-110298000.0,2017957000.0,-3869419000.0,5462250000.0,7800000.0,97400500.0,0.0,3.9713294902329057,238.99747648543243,0.0,22.6624358974359,0.3765730137551714,0.0,0.0066501612317878,0.8189196709348537,2011-08-01,-0.06,bmo,153500000.0,2025-04-25,2011-06-30,-6.166666666666667,24.8368253968254,1695313.0317460315
2011-03-31,UDR,USD,74208,2011-05-03,2011-05-03 13:33:10,2011,Q1,164520000.0,39027000.0,125493000.0,0.7627826404,0,23320000.0,0.0,23320000.0,82904000.0,24779000.0,63806000.0,1413000.0,39157000.0,85158000.0,91468000.0,0.5559688792,-28295000.0,-0.171985169,-4552000.0,-170.0,-1.0333e-06,42099000.0,-27875000.0,-0.1694322879,-0.15,-0.15,182531000,182531000,https://www.sec.gov/Archives/edgar/data/74208/000095012311043653/0000950123-11-043653-index.htm,https://www.sec.gov/Archives/edgar/data/74208/000095012311043653/c15245e10vq.htm,0.90132635004465,-0.1527137856035413,0.2627115394097441,0.0552070607184533,0.0640548728709096,9.64595602938679,9.64595602938679,8.94964690929212,19.49226706696397,4448280470.0,7955374470.0,-39.89489210762332,27.037931376124483,92.76334056263424,441.4290433660812,2.723012454792763,2.723012454792763,48.35505999270605,86.97440055538549,165.89941129856317,789.4586156594224,-0.0062664663768379,0.002265369746346,2.1540229237727018,0.639561007997816,38.342305505750645,0.3405041168945822,-0.7226038767014837,-1.6734017308766052,0.0075913007796471,-1.2114165022421524,0.1417456844152686,0.0,0.0,0.7898567347194128,0.2302212496960856,0.4447732450268912,0.0161439338682227,,-1313.3181035001323,-0.0050664527760253,-20.40009094345618,-109812000.0,1760686000.0,-3684494000.0,5090459000.0,7800000.0,98273500.0,0.0,4.266958424507659,208.98301176108848,0.0,21.09230769230769,0.4306570148529055,0.0,-0.0170636659916698,0.2075044786912908,2011-05-02,-0.13,bmo,108817647.0,2025-04-25,2011-03-31,-3.3076923076923075,23.465,1653181.7258064516
2010-12-31,UDR,USD,74208,2011-02-23,2011-02-23 17:02:48,2010,Q4,174769000.0,64364000.0,110405000.0,0.6317195841,0,9422000.0,1361000.0,10783000.0,83010000.0,93793000.0,158157000.0,0.0,37728000.0,83043000.0,99655000.0,0.5702098198,-27919000.0,-0.1597480102,-25836000.0,31982000.0,0.1829958402,-146000.0,-28456000.0,-0.1628206375,-0.16,-0.16,180905000,182531000,https://www.sec.gov/Archives/edgar/data/74208/000095012311017187/0000950123-11-017187-index.htm,https://www.sec.gov/Archives/edgar/data/74208/000095012311017187/d78598e10vk.htm,0.9660816450623256,-0.1572980293524225,0.3133744230397169,0.094392084243111,0.0738066941212238,9.55798347198806,9.55798347198806,8.879483706917995,19.92886874326304,4254885600.0,7812903600.0,-37.381269328085466,24.345768414306885,75.05398740540826,249.17343640196768,2.6488026529825826,2.6488026529825826,44.70417293684807,78.39951432441924,137.81558977615495,457.5371047083626,-0.0066878413840315,0.0040132688878873,2.2208855767417046,0.6451719311190443,35.70335658020169,0.3086760462632248,-0.740007421543681,-1.9337244602107992,0.0002926048117486,-0.0437517570986786,0.0539111627348099,0.0,0.0,0.6987881674339842,0.2266706338080552,0.4770420143780933,0.0,,-0.0052692776398846,-0.0051461785247959,-20.901860092313644,-143037000.0,1729087000.0,-3736587000.0,5099984000.0,7800000.0,84845500.0,0.0,4.016730655894352,148.1146292958797,0.0,22.40628205128205,0.6076374793485957,0.0,-0.0177147720007495,0.2189823387966059,2011-02-07,-0.13,amc,68747058.0,2025-04-25,2010-12-31,-3.153846153846154,22.47296875,1816705.9375
2010-09-30,UDR,USD,74208,2010-11-09,2010-11-09 13:29:41,2010,Q3,159795000.0,38114000.0,121681000.0,0.7614818987,0,32713000.0,0.0,32713000.0,76793000.0,110850000.0,148964000.0,2195000.0,37079000.0,76793000.0,85219000.0,0.5333020432,-27910000.0,-0.1746612848,-835000.0,-8571000.0,-0.053637473,33762000.0,-23766000.0,-0.1487280578,-0.14,-0.14,165403000,165403000,https://www.sec.gov/Archives/edgar/data/74208/000095012310103088/0000950123-10-103088-index.htm,https://www.sec.gov/Archives/edgar/data/74208/000095012310103088/c05794e10vq.htm,0.9660949317727008,-0.1436854228762477,0.3368137216374552,-1.945974377731964,0.3142627400954033,10.130753372067012,10.130753372067012,10.10867396601029,21.2617002109998,3493311360.0,6962874360.0,-36.74694269123958,21.861205669764384,62.70528379106085,-10.853174759996271,2.0892948047404167,2.0892948047404167,43.57379367314372,81.70565671974559,124.98428217555195,-21.632567061235903,-0.0068032870680041,-0.0921389383395816,2.081136121004423,0.6352825577586858,40.71349112287166,0.4920714665470029,-0.7527171714447531,-2.2641739483844745,0.0092986271913649,-1.3667844820331565,0.2047185456365969,0.0,0.0,6.777598276790522,2.3629024687881346,4.917558802844416,0.0,,-0.0261459280235585,-0.0043389531960481,-22.634843382526316,-104135000.0,1675657000.0,-3700817000.0,5188333000.0,7800000.0,61675500.0,-12754000.0,4.393128696141932,150.57301778873904,0.0,20.486538461538466,0.5977166515070728,0.0,-0.0142140723263387,2.282788099369419,2010-11-08,-0.17,amc,152461176.0,2025-04-25,2010-09-30,-2.588235294117647,20.58765625,2163572.578125
2010-06-30,UDR,USD,74208,2010-08-03,2010-08-03 12:48:01,2010,Q2,153921000.0,59357000.0,94564000.0,0.6143671104,0,9491000.0,721000.0,10212000.0,75034000.0,87204000.0,146561000.0,2056000.0,37176000.0,75034000.0,83709000.0,0.5438439199,-28627000.0,-0.1859850183,-440000.0,-27756000.0,-0.1803262713,81000.0,-26621000.0,-0.1729523587,-0.17,-0.17,160886000,160886000,https://www.sec.gov/Archives/edgar/data/74208/000095012310071644/0000950123-10-071644-index.htm,https://www.sec.gov/Archives/edgar/data/74208/000095012310071644/c03243e10vq.htm,0.9567084768096664,-0.1654649876309933,0.3746068644878982,0.0051527168305508,0.2856183881754783,8.5346767276208,8.5346767276208,8.512170108026801,21.43650783784792,3077749180.0,6481333180.0,-28.90339562751211,19.995641790269037,51.06686986676401,3712.6045597104944,2.2473705009678797,2.2473705009678797,42.10818004041034,77.42695743587906,107.54008163400754,7818.254740651387,-0.008649502751228,0.0002693526832488,2.491190509744876,0.6716696503049887,40.65971400924632,0.4996026531752339,-0.7700398106305143,-2.1804992764109987,0.0110779007664295,-1.2807557942977348,0.0616615016794329,0.0,0.0,0.9862450015762664,0.386172127260088,0.7921742143561585,0.0,,-0.0057974438074117,-0.005241005329599,-22.79384781770943,-63597000.0,1373110000.0,-3642763000.0,4852270000.0,7800000.0,58017000.0,-12754000.0,4.560781179955952,90.34570480314032,-38.67648297589164,19.733461538461537,0.9961735336074516,-2.326995452407088,-0.0194386373311505,0.3694541476573474,2010-08-02,-0.18,amc,155977000.0,2025-04-25,2010-06-30,-2.5,19.88936507936508,2961766.714285714
2010-03-31,UDR,USD,74208,2010-05-04,2010-05-04 15:05:05,2010,Q1,154949000.0,59261000.0,95688000.0,0.6175451278,0,9575000.0,0.0,9575000.0,73430000.0,83005000.0,142266000.0,0.0,36100000.0,73430000.0,82971000.0,0.5354729621,-24183000.0,-0.1560707071,-737000.0,-24920000.0,-0.1608271109,65000.0,-24056000.0,-0.1552510826,-0.15,-0.15,156131000,156131000,https://www.sec.gov/Archives/edgar/data/74208/000095012310043447/0000950123-10-043447-index.htm,https://www.sec.gov/Archives/edgar/data/74208/000095012310043447/c00070e10vq.htm,0.9924294342571304,-0.1540757440866964,0.265866483914149,0.0006532975514151,0.3709192921328884,9.717166994382922,9.717166994382922,9.020284248483645,22.09796901320045,2754150840.0,6148308840.0,-28.622285916195548,17.774563501539216,66.34909274873525,27001.47882352941,1.9555924751446023,1.9555924751446023,39.67956450186835,74.10190114618361,148.11632955914237,60277.53764705882,-0.0087344526126245,3.703500858362573e-05,2.4241755932135995,0.6673705107945789,40.90776295332104,0.8056631750131535,-0.6698891966759003,-1.6586749780228562,0.01104986682574,-1.2650897904888594,0.0617945259407934,0.0,0.0,0.9975427607805348,0.2672363164654177,0.5639112079531526,0.0187029280602004,,-0.0048586666079808,-0.0047023720628744,-22.639981810146608,-24378000.0,1517151000.0,-3497501000.0,4913978000.0,7800000.0,68567000.0,0.0,4.530522946259738,85.72940044886182,0.0,19.86525641025641,1.049814877145742,0.0,-0.0170810298037556,0.2652131863627338,2010-05-03,-0.18,amc,163557277.0,2025-04-25,2010-03-31,-2.555555555555556,16.39918032786885,2047586.737704918
2009-12-31,UDR,USD,74208,2010-02-25,2010-02-25 15:45:44,2009,Q4,153795000.0,333968000.0,-180173000.0,-1.1715140284,0,39812000.0,-27797000.0,12015000.0,-206316000.0,-194301000.0,139667000.0,0.0,39127000.0,72075000.0,85103000.0,0.55335349,-24999000.0,-0.1625475471,-1100000.0,-26099000.0,-0.1696999252,-376000.0,-24869000.0,-0.161702266,-0.16,-0.16,152711000,156131000,https://www.sec.gov/Archives/edgar/data/74208/000095012310017015/0000950123-10-017015-index.htm,https://www.sec.gov/Archives/edgar/data/74208/000095012310017015/d71186e10vk.htm,1.007098375362613,-0.1628500893845237,0.2601842696334907,-0.1488432398451978,0.2857358016121956,9.80767593690042,9.80767593690042,9.137789681162458,22.69460615148876,2510568840.0,5931172840.0,-25.23793518034501,16.32412523163952,63.18598746633781,-110.45177474703036,1.7991221699806728,1.7991221699806728,38.56544647095159,69.69405120853554,149.27573654141395,-260.940292124945,-0.009905723198572,-0.009053725051411,2.4555599269334927,0.6676104996729738,40.1936946993643,0.4172828007374404,-0.6389194162598717,-1.5409346519294165,0.0005377267408449,-0.0542844505207286,0.258864072304041,0.0,0.0,1.5720685576221276,0.4061445430605676,0.8666389177939646,0.0494489417731395,,-0.0050034933389855,-0.0048452865273212,-23.478282507481453,-121373000.0,1497740000.0,-3547962000.0,4842381000.0,7550000.0,68622500.0,0.0,4.56451770213596,21.743550280266373,0.0,19.71730769230769,4.139158455722873,0.0,-0.0178216062162427,0.4090275094786885,2010-02-09,-0.14,amc,131824285.0,2025-04-25,2009-12-31,-3.0,15.2096875,2475796.9375
2009-09-30,UDR,USD,74208,2009-11-03,2009-11-03 13:22:20,2009,Q3,150311000.0,57421000.0,92890000.0,0.617985377,0,8924000.0,0.0,8924000.0,70553000.0,79477000.0,136898000.0,1627000.0,38640000.0,70553000.0,85380000.0,0.5680223004,-23600000.0,-0.1570078038,-16529000.0,-40342000.0,-0.2683902043,14000.0,-37976000.0,-0.2526495067,-0.25,-0.25,150000000,150000000,https://www.sec.gov/Archives/edgar/data/74208/000095012309056760/0000950123-09-056760-index.htm,https://www.sec.gov/Archives/edgar/data/74208/000095012309056760/c91753e10vq.htm,1.0020733333333334,-0.2531733333333333,0.4377066666666667,-0.2240533333333333,0.41316,9.583293333333334,9.583293333333334,9.560053333333334,22.09124,2361000000.0,5611092000.0,-15.54271118601222,15.707433255051194,35.960155964420615,-70.25113068317067,1.6464343295155954,1.6464343295155954,37.32988270984825,65.71904427266338,85.46198367247472,-166.9570340395144,-0.0160847098686997,-0.0142346463362981,2.283840815392941,0.6536682649213403,38.06619817287421,0.6100536674737407,-0.6107660455486542,-1.651515532637404,0.0397115628970775,-2.468901411417737,0.0593702390377284,0.0,0.0,1.511880102351651,0.6603907897625589,1.4069422986974331,0.0,,-0.0048772132957341,-0.0075796511037258,-23.36876,-66193000.0,1437494000.0,-3469207000.0,4718389000.0,7300000.0,57506500.0,0.0,4.370937589397982,88.6504937218091,0.0,20.59054794520548,1.0152227722772278,0.0,-0.0264824185081254,0.66176,2009-10-19,-0.06,amc,341860500.0,2025-04-25,2009-09-30,-6.166666666666667,12.283125,3356995.703125
2009-06-30,UDR,USD,74208,2009-08-06,2009-08-06 17:02:07,2009,Q2,151843000.0,56403000.0,95440000.0,0.6285439566,0,9145000.0,0.0,9145000.0,70545000.0,78007000.0,134410000.0,3958000.0,33693000.0,70545000.0,89525000.0,0.5895892468,-13985000.0,-0.0921017103,-728000.0,-14713000.0,-0.0968961361,29365000.0,-12660000.0,-0.0833755919,-0.0847,-0.0847,149444000,149444000,https://www.sec.gov/Archives/edgar/data/74208/000095012309031293/0000950123-09-031293-index.htm,https://www.sec.gov/Archives/edgar/data/74208/000095012309031293/c88937e10vq.htm,1.016052835844865,-0.0847140065844062,0.3508805974144161,-0.1471989507775487,0.2607130430127673,10.512633494820802,10.512633494820802,10.052681941061534,21.73149808623966,1543756520.0,4752722520.0,-30.4849233807267,10.16679412287692,29.440214352461048,-70.17713064824075,1.0275864749889003,1.0275864749889003,31.300241170156017,53.088215805640885,90.63681217460952,-216.0524829529957,-0.008200775080775,-0.014249656416026,2.1393338139255933,0.646552997064112,35.84435632504887,0.4390448576915421,-0.4150713798118303,-4.141943127962086,0.0354712671917978,-4.325355450236967,0.0602266815065561,0.0,0.0,1.4195129393367278,0.4902102829896669,1.0551421078744063,0.0,,-0.008755909517045,-0.0025468235316838,-22.452631085891703,-104281000.0,1571050000.0,-3318230000.0,4649676000.0,107300000.0,62748500.0,0.0,4.3268375888253,93.27110260092547,0.0,20.80041095890411,0.964929088327374,0.0,-0.0084270055574304,0.4980795481919648,2009-08-04,-0.12,amc,181767833.0,2025-04-25,2009-06-30,-3.9166666666666665,10.132698412698414,4640214.555555556
2009-03-31,UDR,USD,74208,2009-05-11,2009-05-11 10:36:55,2009,Q1,155639000.0,57200000.0,98439000.0,0.632482861,0,9855000.0,0.0,9855000.0,64562000.0,74417000.0,131617000.0,0.0,30692000.0,70379000.0,87867000.0,0.5645564415,-12487000.0,-0.0802305335,-717000.0,-13204000.0,-0.084837348,51000.0,-12629000.0,-0.0811429012,-0.0876,-0.0876,144176000,144176000,https://www.sec.gov/Archives/edgar/data/74208/000136231009007020/0001362310-09-007020-index.htm,https://www.sec.gov/Archives/edgar/data/74208/000136231009007020/c85150e10vq.htm,1.0795069914548885,-0.0875943291532571,0.4963170014426811,0.0302546887137942,0.4804197647319942,10.667267783819776,10.667267783819776,10.643761791144158,23.5206483742093,1241355360.0,4564644360.0,-24.5735085913374,7.975863119141089,17.347783724862698,284.5839889958734,0.808924529592884,0.808924529592884,29.32840971735876,51.94947318105773,63.790326033791246,1046.4567537826686,-0.010173557392945,0.0035139011281991,2.1898056465145075,0.6480380983236044,37.82181023592475,1.5190182219121022,-0.4068486902124332,-5.330924532518811,0.0361902815644989,-3.557288779792541,0.0633196049833268,0.0,0.0,0.939041603197451,0.4317362614768792,0.9547592321573196,0.0,,-0.0025081552286292,-0.0024354309009879,-23.7406087004772,97441000.0,1537964000.0,-3362384000.0,4854550000.0,207375000.0,69219500.0,0.0,119.8735535437776,105.4888111888112,0.0,0.7507911239749155,0.8531710518465485,0.0,-0.0082296401283743,0.4660623127288869,2009-05-05,-0.1,amc,155639000.0,2025-04-25,2009-03-31,-4.499999999999999,9.902459016393442,4882181.180327869
2008-12-31,UDR,USD,74208,2009-02-26,2009-02-26 16:39:22,2008,Q4,152879000.0,58457000.0,94422000.0,0.617625704,0,47179000.0,-29535000.0,17644000.0,42872000.0,60516000.0,118973000.0,0.0,53045000.0,73344000.0,161764000.0,1.0581178579,-21102000.0,-0.1380307302,728031000.0,706929000.0,4.6241079547,717751000.0,-10822000.0,-0.0707880088,-0.0733,-0.0733,147614000,147614000,https://www.sec.gov/Archives/edgar/data/74208/000095013409003865/0000950134-09-003865-index.htm,https://www.sec.gov/Archives/edgar/data/74208/000095013409003865/d66511e10vk.htm,1.035667348625469,-0.0733128294064248,0.3004457571775035,-0.4310295771403796,0.0863061769208882,11.16460498326717,11.16460498326717,10.640433834189167,22.53913585432276,2035597060.0,5296904060.0,-47.02451164294955,13.315086179265954,45.89846809470124,-31.99316411529877,1.2959997886261785,1.2959997886261785,34.64768908744824,32.74464071115947,119.4341388951522,-83.25062175840065,-0.005316376316637,-0.0312566770950239,2.084481405152046,0.636442311337122,20.160894883904948,1.3403933119278946,-0.3978131774908097,-4.098133431897986,0.0837538053822891,-15.75392718536315,0.3086035361298805,0.0,0.0,2.4346335963923336,0.706284054709934,1.4721858638743457,0.045944832187547,,6.523236708735991e-05,-0.0021036896212211,-22.544714593466743,65411000.0,1648052000.0,-3238669000.0,4818475000.0,207450000.0,54265500.0,0.0,122.12599506799496,109.9192568896796,0.0,0.7369438418896119,0.8187828279291267,0.0,-0.0068900225826188,0.7314753343178831,2009-02-09,-0.08,bmo,114659250.0,2025-04-25,2008-12-31,0.25,16.1021875,4065282.28125
2008-09-30,UDR,USD,74208,2008-11-07,2008-11-07 12:04:42,2008,Q3,146291000.0,56603000.0,89688000.0,0.6130794102,0,9835000.0,0.0,9835000.0,67524000.0,56603000.0,56603000.0,0.0,39007000.0,66691000.0,87769000.0,0.5999617201,89688000.0,0.6130794102,-15310000.0,-8373000.0,-0.0572352366,96921000.0,-8373000.0,-0.0572352366,-0.066,-0.066,126845000,126845000,https://www.sec.gov/Archives/edgar/data/74208/000136231008006846/0001362310-08-006846-index.htm,https://www.sec.gov/Archives/edgar/data/74208/000136231008006846/c76847e10vq.htm,1.153305215026213,-0.0660096968741377,0.4260554219716977,-2.3325002956364065,0.0225550869171035,12.217304584335212,12.217304584335212,11.4263628838346,26.72187315227245,3316996750.0,6664664750.0,-99.03847933834945,22.67396319664231,61.37699146975556,-11.211145417182102,2.2885672602780365,2.2885672602780365,45.55758556575592,75.93415385842381,123.32151712525211,-22.525956852088445,-0.0025242713909804,-0.0891969520319849,2.311702890276305,0.6569391625289301,38.1418040538231,1.3220295262719033,2.2992796164790934,-6.454436880449062,0.0008833291741995,-0.3499343126716828,0.0672290161390652,0.0,0.0,6.474640563995337,2.391869629710645,5.246719947219265,0.0,,0.228612827876306,-0.0016416964628137,-26.74176751152982,53682000.0,1549704000.0,-3330127000.0,4769841000.0,216113000.0,37032000.0,4257500.0,127.62575961610764,59.04704697630867,0.0,0.7051867919980718,1.524208315381301,0.0,-0.0057769648614542,2.7585557176081044,2008-11-03,-0.09,bmo,209452000.0,2025-04-25,2008-09-30,-0.3333333333333333,24.483125,1979790.78125
2008-06-30,UDR,USD,74208,2008-08-11,2008-08-11 14:19:53,2008,Q2,148158000.0,49860000.0,98298000.0,0.6634673794,0,9931000.0,0.0,9931000.0,63451000.0,73382000.0,123242000.0,0.0,38352000.0,63451000.0,84473000.0,0.5701548347,-11790000.0,-0.0795772081,12655000.0,865000.0,0.0058383617,24481000.0,865000.0,0.0058383617,0.0063,0.0063,137969000,137969000,https://www.sec.gov/Archives/edgar/data/74208/000136231008004423/0001362310-08-004423-index.htm,https://www.sec.gov/Archives/edgar/data/74208/000136231008004423/c74462e10vq.htm,1.0738499228087468,0.0062695243134327,0.3954656480803659,-1.1296885532257246,0.0102341830411179,11.835361566728755,11.835361566728755,11.084062361834905,23.61324645391356,3087746220.0,6305878220.0,892.4122023121387,20.840901065079173,56.5915146072358,-19.81076991184509,2.019115308937608,2.019115308937608,42.56184762213313,74.64963029607094,115.5727103112056,-40.45808612747174,0.0002801396029237,-0.0504775939779144,2.105299501653417,0.6392872645074229,38.096575237058,1.4707946370536846,-0.307415519399249,63.07745664739885,0.0009816221230772,3.5040462427745664,0.0670297925187975,0.0,0.0,3.856603496939262,1.420267552207778,3.316322831791461,0.0,1.250426113593039,0.0663056029053461,0.0001717583247189,-23.40367401372772,85469000.0,1632913000.0,-3136222000.0,4500640000.0,222291500.0,37514000.0,4257500.0,136.54233993439436,66.65703971119133,15.370036101083032,0.6591362067124604,1.3501949740034662,5.855549031121551,0.0005656341609029,1.5251542013060906,2008-08-04,-0.32,bmo,258350512.0,2025-04-25,2008-06-30,-0.9375,24.63609375,1488646.015625
2008-03-31,UDR,USD,74208,2008-05-12,2008-05-12 13:12:18,2008,Q1,131083000.0,46511000.0,84572000.0,0.6451790087,0,9769000.0,0.0,9769000.0,53364000.0,63133000.0,109644000.0,0.0,40506000.0,53364000.0,78204000.0,0.5965991013,-14352000.0,-0.1094878817,-374000.0,725259000.0,5.5328227154,-702753000.0,720510000.0,5.4965937612,5.05,5.05,142547000,142547000,https://www.sec.gov/Archives/edgar/data/74208/000103570408000207/0001035704-08-000207-index.htm,https://www.sec.gov/Archives/edgar/data/74208/000103570408000207/d56779e10vq.htm,0.9195774025409164,5.054543413751254,0.1880011504977305,-3.8442548773387024,0.4222256518902537,11.95538313678997,11.95538313678997,11.20090215858629,22.58730804576736,3495252440.0,6614312440.0,1.212770273833812,26.664422083717948,130.42473375872234,-6.378349194415196,2.1891093818013285,2.1891093818013285,50.458964472891225,84.57767428776022,246.81191238479047,-12.070199548529436,0.2061396172002958,-0.1567803783580221,1.9911922112165747,0.6270450603082124,39.88363766559255,2.06196682011196,-0.3543178788327655,0.0369509375271454,0.00084743521415,0.0041109769468848,0.0745253007636383,0.0,0.0,21.44803910593679,4.384901169488034,10.771044149613973,0.0133045475004386,35.69100083017395,-0.0057513832036515,0.1421066801046506,-22.03454825426,166561000.0,1704204000.0,-3042598000.0,4454656000.0,116231000.0,45085000.0,0.0,150.91682369185935,73.72449528068628,0.0,0.596354984145182,1.220761154855643,0.0,0.4512621699741021,4.032256027836433,2008-05-05,0.03942,bmo,16398483300.0,2025-04-25,2008-03-31,138.01572805682397,22.46245901639344,2361002.868852459
2007-12-31,UDR,USD,74208,2008-02-26,2008-02-26 16:42:10,2007,Q4,-36346000.0,-17928000.0,-18418000.0,0.5067407693,0,39566000.0,-28150000.0,11416000.0,2347000.0,13763000.0,-4165000.0,0.0,41602000.0,65147000.0,83739000.0,-2.3039399109,-78116000.0,2.1492323777,299465000.0,221349000.0,-6.0900511748,117357000.0,100806000.0,-2.7735101524,0.79,0.79,131665000,131665000,https://www.sec.gov/Archives/edgar/data/74208/000095013408003462/0000950134-08-003462-index.htm,https://www.sec.gov/Archives/edgar/data/74208/000095013408003462/d53793e10vk.htm,-0.2760490639122014,0.7656248813276118,0.4215471081912429,-1.9660881783313715,0.0244484107393764,8.213587513765997,8.213587513765997,7.742323320548361,26.918907834276386,2613550250.0,6113007250.0,6.481633657718787,-71.90750701590271,47.08845017386448,-10.096190099086396,2.563829896811142,2.563829896811142,-168.1892711715182,73.00071949748623,110.138321351999,-23.614653390763525,0.0385705229887965,-0.0990472633920086,3.4360408596095917,0.7295537854596874,41.79005003642269,0.3388580954616306,-1.8776981875871352,0.5337288803838793,0.0182391748542045,0.4728785984961212,-1.0885929675892807,0.0,0.0,5.663982127092229,-8.6493149177351,4.825517675410993,-0.1748748142849281,11.548748672632628,-0.0079180159580728,0.0209963464782495,-28.15454942467626,-109856000.0,1081442000.0,-3663374000.0,4470926000.0,9577500.0,45555000.0,0.0,-31.336323116711604,-261.3955823293173,0.0,-2.8720663769261163,-0.3443057422700211,0.0,0.098888259974318,2.387635286522614,2008-01-29,-0.05,bmo,-35982538.0,2025-04-25,2007-12-31,0.4000000000000001,22.34921875,1328995.125
2007-09-30,UDR,USD,74208,2007-11-09,2007-11-09 14:28:52,2007,Q3,183437000.0,69743000.0,113694000.0,0.619798623,0,8720000.0,0.0,8720000.0,65662000.0,74382000.0,144125000.0,0.0,42170000.0,65626000.0,94697000.0,0.5162371822,-6798000.0,-0.0370590448,-6256000.0,78829000.0,0.4297333689,-38939000.0,75569000.0,0.4119615999,0.56,0.56,133854000,133854000,https://www.sec.gov/Archives/edgar/data/74208/000095013407023499/0000950134-07-023499-index.htm,https://www.sec.gov/Archives/edgar/data/74208/000095013407023499/d51243e10vq.htm,1.3704259865226291,0.5645628819460009,0.576269666950558,-0.5144411074753089,0.0175788545728928,7.821604135849507,7.821604135849507,7.378980082776756,26.00443020006873,3323594820.0,6759868820.0,10.995232238087045,18.118453856092284,43.08746655258245,-48.26597182689515,3.364963683525259,3.364963683525259,36.85117408156479,71.3841918962586,87.63571898983614,-98.16829538193436,0.0227371277465163,-0.0207185303050869,3.481427671797073,0.7355984407643181,36.28704182814661,0.3327568183977953,-0.1612046478539246,0.9785231323497696,0.0008987256755924,0.0395267900858817,0.0475367564886037,0.0,0.0,1.8927089815391,0.7958917775585078,2.2246670526925305,0.0,9.681565518059474,-0.0022485166146087,0.0161658820715706,-27.047506985222704,-105321000.0,1046953000.0,-3575121000.0,4425094000.0,6500000.0,41110000.0,0.0,3.1891057965405016,50.379249530418825,0.0,28.22107692307692,1.786449795081967,0.0,0.076509609134702,1.090710774425867,2007-11-05,-0.008,bmo,1650933000.0,2025-04-25,2007-09-30,9.0,24.64873015873016,1485924.619047619
2007-06-30,UDR,USD,74208,2007-08-09,2007-08-09 14:11:51,2007,Q2,178928000.0,67545000.0,111383000.0,0.6225017884,0,9604000.0,0.0,9604000.0,65026000.0,74630000.0,142175000.0,0.0,38230000.0,65250000.0,89837000.0,0.5020846374,-6005000.0,-0.0335609854,12701000.0,6696000.0,0.037422874,30727000.0,6696000.0,0.037422874,0.0497,0.0497,134727000,134727000,https://www.sec.gov/Archives/edgar/data/74208/000103570407000581/0001035704-07-000581-index.htm,https://www.sec.gov/Archives/edgar/data/74208/000103570407000581/d48807e10vq.htm,1.328078261966792,0.0497005054666102,0.6056247077423234,-0.4759179674452782,0.0217328375158654,7.650975676738887,7.650975676738887,7.221188032094532,26.962628129476645,3543320100.0,7134756100.0,132.29241711469535,19.80304983009926,43.42623354658431,-55.26162447948346,3.642059988343994,3.642059988343994,39.87501173656443,79.4189042376749,87.44216609064392,-111.2736645923985,0.0018897530595669,-0.0180957402070448,3.694526302589504,0.7482775641264515,39.9772476819128,0.3559332462791159,-0.157075595082396,12.183664327310735,0.0112301454220859,5.942652329749104,0.053675221318072,0.0,0.0,1.7858298404294433,0.8143666726280963,2.2331494252873565,0.0,2.841685352647621,0.0046274319978161,0.0013939786202484,-27.944814328234138,-94207000.0,1030793000.0,-3720662000.0,4549562000.0,6500000.0,40224500.0,0.0,3.2694715192703208,57.534976682211855,0.0,27.527384615384616,1.564265863825845,0.0,0.0068825940060993,1.0815426751876016,2007-07-30,-0.03,bmo,196820800.0,2025-04-25,2007-06-30,1.0,29.22873015873016,1335480.2063492064
2007-03-31,UDR,USD,74208,2007-05-10,2007-05-10 16:31:35,2007,Q1,181622000.0,71884000.0,109738000.0,0.6042109436,0,9826000.0,0.0,9826000.0,64541000.0,74367000.0,146251000.0,0.0,39726000.0,65014000.0,90495000.0,0.4982601227,-8823000.0,-0.0485789167,-8129000.0,31832000.0,0.1752651111,4233000.0,27990000.0,0.1541112861,0.21,0.21,134511000,134511000,https://www.sec.gov/Archives/edgar/data/74208/000103570407000386/0001035704-07-000386-index.htm,https://www.sec.gov/Archives/edgar/data/74208/000103570407000386/d46318e10vq.htm,1.3502390139096432,0.2080870709458706,0.2702009501081696,-0.6988945142032994,0.0124599475135862,8.253994097137037,8.253994097137037,7.769163860204742,26.097412107559972,4118726820.0,7587713820.0,36.78748499464095,22.67746649634956,113.32306562113084,-43.8120479954047,3.9412220608245834,3.9412220608245834,41.77750393674775,83.8467740759158,208.7691242261659,-80.71263198204427,0.0067957893842544,-0.0228247718551044,3.321087845609442,0.7314365979310832,38.333465937344606,0.3750027948574623,-0.2220963600664552,1.1417755717516964,0.0111927792288006,1.6470167917113254,0.0541013753840393,0.0,0.0,3.586573118723346,0.7177214214137054,2.0050143046113145,0.0,6.0311613645956825,-0.0016590807765401,0.0058988471009979,-26.973191783571604,-83859000.0,1110253000.0,-3584426000.0,4511778000.0,8500000.0,45080500.0,0.0,3.220975432491658,46.66142674308608,0.0,27.941846153846157,1.9287880007512948,0.0,0.026783715041941,0.969095464311469,2007-04-30,-0.02,bmo,245189700.0,2025-04-25,2007-03-31,2.5,32.107213114754096,1326304.8524590165
2006-12-31,UDR,USD,74208,2007-03-01,2007-03-01 14:54:43,2006,Q4,180674000.0,70899000.0,109775000.0,0.6075860389,0,31198000.0,-20981000.0,10217000.0,64950000.0,75167000.0,146066000.0,0.0,44236000.0,65085000.0,99693000.0,0.5517838759,-9628000.0,-0.0532893499,138233000.0,128605000.0,0.7118069008,103543000.0,21217000.0,0.1174325027,0.19,0.19,133948000,134511000,https://www.sec.gov/Archives/edgar/data/74208/000103570407000184/0001035704-07-000184-index.htm,https://www.sec.gov/Archives/edgar/data/74208/000103570407000184/d43664e10vk.htm,1.3488368620658764,0.1583972885000149,0.4864947591602711,-0.6234658225580075,0.0159987457819452,8.541284677636098,8.541284677636098,7.878094484426793,25.25622629677188,4258206920.0,7594848920.0,50.17447000047132,23.56845434318164,65.3449999232717,-50.98916227608009,4.035239747738698,4.035239747738698,42.03620288475376,76.18236907305428,116.54797698150848,-90.94320480888976,0.0049826136678205,-0.0196120107756529,3.1639603697684446,0.7140449648461518,33.46917035298366,0.3302353479513721,-0.2176507821683696,2.6003591380686357,0.0108649017929828,2.180562756280341,0.1726756478519322,0.0,0.0,2.281546842630246,0.822902022427134,2.284351233002996,0.0,5.298777982686467,-0.0004156399596381,0.0045375464485256,-26.292061098336667,-108313000.0,1144088000.0,-3478382000.0,4458082000.0,10250000.0,52025500.0,0.0,5.230415001605101,67.14170862776626,0.0,17.207047619047618,1.3404484610148983,0.0,0.0201060407200155,1.1099605817182787,2007-01-29,-0.025,bmo,406516499.0,2025-04-25,2006-12-31,2.6,31.82015873015873,971171.4285714284
2006-09-30,UDR,USD,74208,2006-11-09,2006-11-09 17:16:34,2006,Q3,178881000.0,69557000.0,109324000.0,0.6111549019,0,7381000.0,0.0,7381000.0,62076000.0,69457000.0,139014000.0,0.0,47068000.0,62684000.0,102097000.0,0.5707537413,-7281000.0,-0.0407030372,-6541000.0,59352000.0,0.3317959985,-18745000.0,55510000.0,0.3103180327,0.42,0.42,133712000,133712000,https://www.sec.gov/Archives/edgar/data/74208/000110465906073745/0001104659-06-073745-index.htm,https://www.sec.gov/Archives/edgar/data/74208/000110465906073745/a06-22170_210q.htm,1.3378081249252125,0.4151459854014598,0.5038141677635515,-0.877864365202824,0.2149994016991743,8.718462067727653,8.718462067727653,8.072753380399664,25.2775442742611,4038102400.0,7342197400.0,18.186373626373623,22.57423873972082,59.94273669209988,-34.40166977619887,3.740978892446342,3.740978892446342,41.045149568707686,71.91393870534884,108.98965947213728,-62.55013503037119,0.0137465558079953,-0.0290683564636696,3.087612467390016,0.711801294501423,32.36231231084165,0.4743662612254177,-0.1546910852383785,1.1350249359751987,0.0113662298410263,0.8268420104485679,0.0412620680787786,0.0,0.0,2.7424368375738504,1.0327927504877543,2.9472752217471765,0.0,8.683654244193637,-0.0021177520359639,0.0118553708823889,-26.02799299988034,-83232000.0,1165763000.0,-3441389000.0,4467618000.0,11980000.0,47713500.0,0.0,5.03127777684606,66.19477550785687,0.0,17.8881,1.3596239175902578,0.0,0.0514255751215463,1.3816785329663754,2006-10-30,,bmo,,2025-04-25,2006-09-30,,28.873174603174604,632465.0793650794
2006-06-30,UDR,USD,74208,2006-08-09,2006-08-09 15:08:17,2006,Q2,174981000.0,67751000.0,107230000.0,0.6128093907,0,6837000.0,0.0,6837000.0,58749000.0,65586000.0,133337000.0,0.0,46430000.0,59730000.0,99174000.0,0.5667701065,-4449000.0,-0.0254256176,-3979000.0,32184000.0,0.1839285408,9930000.0,28342000.0,0.1619718712,0.21,0.21,133676000,133676000,https://www.sec.gov/Archives/edgar/data/74208/000110465906053051/0001104659-06-053051-index.htm,https://www.sec.gov/Archives/edgar/data/74208/000110465906053051/a06-17571_110q.htm,1.3089933869954218,0.2120201083216134,0.4852404320895299,-1.5623447739309972,0.0470540710374337,8.566504084502828,8.566504084502828,7.969493401956971,25.79592447410156,3744264760.0,7139840760.0,33.02752769741021,21.39812185322977,57.72396145841363,-17.92818106948594,3.514652511428384,3.514652511428384,40.80352015361668,71.99307036118337,110.07231573267556,-34.18678062514365,0.0075694433531457,-0.0557781068879327,3.1932509175560626,0.7209127173843018,34.238570593099,0.3884390416519223,-0.0958216670256299,2.015317218666501,0.0122643570750055,1.6202455719426998,0.0390728136197644,0.0,0.0,4.219733292222308,1.5642441179328042,4.582504604051565,0.0,6.165881058121723,-0.0006724608362676,0.0060061472839041,-26.60863580597864,-88140000.0,1145136000.0,-3517713000.0,4519796000.0,25040000.0,38510000.0,0.0,7.180208136883433,58.80533128662308,0.0,12.53445558739255,1.5304734797144663,0.0,0.0266039630912487,2.047585206020527,2006-07-31,-0.01,bmo,629931599.0,2025-04-25,2006-06-30,4.999999999999999,27.22873015873016,864847.6349206349
2006-03-31,UDR,USD,74208,2006-05-10,2006-05-10 15:11:44,2006,Q1,177988000.0,72833000.0,105155000.0,0.5907982561,0,6764000.0,0.0,6764000.0,58101000.0,64865000.0,137698000.0,0.0,44470000.0,59435000.0,96712000.0,0.5433624739,-3804000.0,-0.0213722273,15811000.0,12007000.0,0.067459604,28735000.0,12007000.0,0.067459604,0.0899,0.0899,133589000,133589000,https://www.sec.gov/Archives/edgar/data/74208/000103570406000344/0001035704-06-000344-index.htm,https://www.sec.gov/Archives/edgar/data/74208/000103570406000344/d35953e10vq.htm,1.3323552088869592,0.0898801548031649,0.2411650659859719,-0.3539737553241659,0.2719984429855752,8.67922508589779,8.67922508589779,8.071794833406942,24.392988943700452,3812630060.0,6990459060.0,79.38348588323478,21.42071409308493,118.34218145699477,-80.62744644405439,3.535768758873897,3.535768758873897,39.27488965548239,72.28119633551162,216.98044696899152,-147.83046207202824,0.0031492696146869,-0.0124027244332223,2.980762364567288,0.7093968405872463,32.85868351393829,0.8601217096856631,-0.0855408140319316,2.6831848088614976,0.0115592122252742,3.670442242025485,0.0380025619704699,0.0,0.0,2.467765465437502,0.446681798772951,1.3376629931858333,0.006798211115356,4.040249844531284,0.0012029356366983,0.0026500593046502,-24.76227084565346,-17515000.0,1159449000.0,-3263692000.0,4373139000.0,50462500.0,42957000.0,0.0,18.264152639503788,40.471764172833744,0.0,4.927685492801772,2.223772594040059,0.0,0.0111350891168808,0.5951388213101378,2006-04-24,-0.01364,bmo,587360400.0,2025-04-25,2006-03-31,2.6656891495601176,26.2558064516129,787345.1612903225
2005-12-31,UDR,USD,74208,2006-03-07,2006-03-07 15:49:33,2005,Q4,181484000.0,69500000.0,111984000.0,0.6170461308,0,24819000.0,-16822000.0,7997000.0,56633000.0,64630000.0,134130000.0,0.0,43161000.0,56688000.0,86948000.0,0.4790945758,4193000.0,0.0231039651,33631000.0,155166000.0,0.8549844614,82517000.0,68805000.0,0.3791243305,0.54,0.54,133589000,133589000,https://www.sec.gov/Archives/edgar/data/74208/000103570406000151/0001035704-06-000151-index.htm,https://www.sec.gov/Archives/edgar/data/74208/000103570406000151/d33186e10vk.htm,1.3585250282583148,0.5150498918324113,0.5818293422362619,-0.750713007807529,0.1163494000254512,8.91946941739215,8.91946941739215,8.292030032412848,23.97606090321808,3131326160.0,6275560160.0,11.3775385509774,17.2540067443962,40.28672722126445,-31.22364972528842,2.8268107940245044,2.8268107940245044,34.579137334420665,72.17601508947877,80.7395229395569,-62.57600845573205,0.0219731182522359,-0.0320270054525396,2.8524948452863708,0.6957420006592401,36.162234899020106,0.7623539775304535,0.0971478881397557,1.0698986895716331,0.0142454020184214,0.6483104425550469,0.1367558572656542,0.0,0.0,2.290263232380413,0.9808743470498776,3.1402236804967543,0.0161942650591787,9.802714234000204,0.0004472447585819,0.0151499705059436,-24.597109417691577,-36150000.0,1191543000.0,-3234083000.0,4352445000.0,80375000.0,51503500.0,0.0,32.13754380551453,68.84287769784173,0.0,2.8004629272432684,1.307324780858508,0.0,0.0621138478537975,1.332542350043791,2006-02-06,-0.00714,bmo,435561600.0,2025-04-25,2005-12-31,1.8011204481792715,22.49873015873016,861120.6349206349
2005-09-30,UDR,USD,74208,2005-11-09,2005-11-09 14:51:16,2005,Q3,174833000.0,71986000.0,102847000.0,0.5882585095,0,4913000.0,0.0,4913000.0,53497000.0,58410000.0,130396000.0,0.0,41586000.0,53730000.0,93955000.0,0.537398546,3106000.0,0.0177655248,12029000.0,15135000.0,0.0865683252,29379000.0,15135000.0,0.0865683252,0.11,0.11,136392000,136392000,https://www.sec.gov/Archives/edgar/data/74208/000103570405000644/0001035704-05-000644-index.htm,https://www.sec.gov/Archives/edgar/data/74208/000103570405000644/d29999e10vq.htm,1.2818420435216142,0.1109669188808727,0.4381342014194381,-0.9895521731479852,0.0401783095782743,9.005630828787613,9.005630828787613,8.445033433045927,22.71477066103584,3232490400.0,6283537400.0,53.39429137760158,18.489017519575825,54.09301516114997,-23.950227833470404,2.8063832059279323,2.8063832059279323,35.9402252435181,66.87815869299132,105.1497272331738,-46.55610186193662,0.0046821484759861,-0.0417532562509698,2.6536153181662305,0.6821951647933714,32.47349262945027,0.8585761630207084,0.0746885971240321,3.948331681532871,0.0139140397756479,2.971721176081929,0.0281011021946657,0.0,0.0,3.258559523411092,1.1137771473348852,3.624139214591476,0.0,4.59186075006625,-0.0006756789398391,0.003378024738256,-23.27624970672767,-21806000.0,1228296000.0,-3119750000.0,4278411000.0,50472500.0,50110500.0,0.0,49.39027529127796,62.31836746033951,0.0,1.8222210641513368,1.4441970107332731,0.0,0.0131399028506687,1.4276863745674233,2005-10-24,0.05,bmo,346169340.0,2025-04-25,2005-09-30,1.22,24.10234375,570265.625
2005-06-30,UDR,USD,74208,2005-08-09,2005-08-09 12:52:13,2005,Q2,169466000.0,67850000.0,101616000.0,0.5996247035,0,4909000.0,0.0,4909000.0,52067000.0,56976000.0,124826000.0,0.0,38834000.0,52384000.0,92928000.0,0.5483577827,5561000.0,0.0328148419,-1710000.0,52441000.0,0.3094485029,-7962000.0,48599000.0,0.2867772887,0.36,0.36,136150000,136150000,https://www.sec.gov/Archives/edgar/data/74208/000103570405000429/0001035704-05-000429-index.htm,https://www.sec.gov/Archives/edgar/data/74208/000103570405000429/d27563e10vq.htm,1.2447006977598236,0.3569518912963643,0.4431289019463826,-0.2249724568490635,0.1282188762394417,9.248284979801689,9.248284979801689,8.666610356224751,21.77980903415351,3274407500.0,6194727500.0,16.84400656392107,19.32191413026802,54.27314692037393,-106.90197518772446,2.775018030287493,2.775018030287493,36.55439734223974,66.6615820850551,102.67731054829942,-202.24379693111328,0.0148420744821773,-0.0093543641101481,2.4801599038610664,0.6707140403200281,31.425619834710744,0.3654753922488936,0.1431992583818303,1.1504519278440943,0.0137200394269803,0.924401736661248,0.0289674624998524,0.0,0.0,1.5076907776967448,0.5367566355493137,1.7364462431276726,0.0,8.342971086496666,0.0015199716902347,0.0111382800079115,-22.64326110907088,-94633000.0,1259154000.0,-3049580000.0,4165541000.0,5000000.0,48660500.0,0.0,2.6553999032254256,66.82151805453206,0.0,33.8932,1.3468715261235509,0.0,0.0411870242949119,0.6681013587954462,2005-07-25,1.07,bmo,254199000.0,2025-04-25,2005-06-30,-0.6663551401869159,22.6603125,597678.125
2005-03-31,UDR,USD,74208,2005-05-09,2005-05-09 14:15:55,2005,Q1,184305000.0,70633000.0,113672000.0,0.6167602615,0,7000000.0,0.0,7000000.0,60850000.0,67850000.0,138483000.0,0.0,38572000.0,52390000.0,95868000.0,0.5201595182,6662000.0,0.0361466048,6442000.0,14941000.0,0.0810667101,30661000.0,14941000.0,0.0810667101,0.11,0.11,136067000,137073000,https://www.sec.gov/Archives/edgar/data/74208/000103570405000248/0001035704-05-000248-index.htm,https://www.sec.gov/Archives/edgar/data/74208/000103570405000248/d24956e10vq.htm,1.3545165249472686,0.1098061984169563,0.3701852763711994,-0.796284183527233,0.0122072214423776,9.176876097804758,9.176876097804758,8.589356713971794,21.89866756818332,2839718290.0,5779171290.0,47.51553259487317,15.40771161932666,56.37717470716697,-26.209235888064384,2.429751225263705,2.429751225263705,31.35656270855376,60.28258949805984,114.73439130434782,-53.33897524642818,0.0052614373942001,-0.0381544889088276,2.5165085460432195,0.6754945319447608,30.66146159302374,0.2634656570012645,0.172715959763559,3.371260290475872,0.0154458983324011,2.935680342681213,0.0379805214183011,0.0,0.0,3.15104228707564,0.8611703426385611,3.0295476235922885,0.0,4.606647769386006,-0.0016620833216879,0.0034315445786143,-22.782416015639352,-100766000.0,1248670000.0,-3069301000.0,4178899000.0,2500000.0,48351000.0,0.0,2.441604948319362,59.81694108985885,0.0,36.861,1.5045904782191926,0.0,0.012783983955206,1.1664694598984324,2005-05-09,,amc,,2025-04-25,2005-03-31,,22.298524590163936,594613.1147540984
2004-12-31,UDR,USD,74208,2005-03-15,2005-03-14 21:46:43,2004,Q4,149448000.0,-396747000.0,546195000.0,3.6547494781,0,11094000.0,0.0,11094000.0,101161000.0,112255000.0,112255000.0,0.0,0.0,50810000.0,88003000.0,0.5888536481,37193000.0,0.2488691719,59959000.0,97152000.0,0.6500722659,71639000.0,20212000.0,0.1352443659,0.19,0.19,136067000,137073000,https://www.sec.gov/Archives/edgar/data/74208/000095013405004967/0000950134-05-004967-index.htm,https://www.sec.gov/Archives/edgar/data/74208/000095013405004967/d23068e10vk.htm,1.0983412583506655,0.1485444670640199,0.5640162566970683,7.2029294391733485,0.058089029669207,9.400104360351886,9.400104360351886,8.785752607171467,21.16591091153623,3374461600.0,6246539600.0,41.73834355828221,22.579503238584657,43.970363806942565,3.4430435851730623,2.8227519153859086,2.8227519153859086,41.79741180878968,70.98098473915663,81.39450119879079,6.373493211275394,0.0059896962525814,0.2904407031924737,2.4091175631623547,0.664815636007471,32.63613740440667,0.2520729684908789,0.0,3.007917221917378,0.0126023066909399,2.1039976251731645,0.074233178095391,0.0,0.0,11.770783383717294,6.044490391306676,17.7787246604999,0.0,5.418873141414524,0.0022711059691545,0.0046657422285913,-22.37907060492257,-23452000.0,1279044000.0,-3045053000.0,4211957000.0,0.0,69058500.0,0.0,0.0,-11.287117482929927,0.0,0.0,-7.97369214381896,0.0,0.016907426569554,6.63891318247628,2005-04-18,0.03,bmo,245740000.0,2025-04-25,2004-12-31,-0.3333333333333333,22.21375,513598.4375
2004-09-30,UDR,USD,74208,2004-11-08,2004-11-08 17:00:35,2004,Q3,155943000.0,17570000.0,138373000.0,0.8873306272,0,9421000.0,0.0,9421000.0,109820000.0,119241000.0,119241000.0,0.0,29780000.0,45334000.0,83980000.0,0.5385301039,36702000.0,0.2353552259,-8886000.0,27816000.0,0.178372867,15556000.0,27816000.0,0.178372867,0.22,0.22,127182000,127182000,https://www.sec.gov/Archives/edgar/data/74208/000103570404000676/0001035704-04-000676-index.htm,https://www.sec.gov/Archives/edgar/data/74208/000103570404000676/d19793e10vq.htm,1.226140491578997,0.2187101948388922,0.5365696403579123,-3.896235316318347,0.0156311427717758,9.458445377490523,9.458445377490523,8.775667940431822,20.046107153528016,2522019060.0,5039755060.0,22.66698177308024,16.172698101229294,36.956992174906944,-5.089528324161354,2.2596570579702484,2.2596570579702484,32.31793065414927,60.01137246963562,73.85122153512499,-10.170413273841596,0.0110292584386733,-0.1964818616398561,2.257600749748904,0.6475528558667005,29.980185758513933,0.0568129858253315,1.2324378777703155,2.453424411288873,0.0163856810820454,1.485655737704918,0.0604130996582084,0.0,0.0,8.261378623135313,3.6152504440725135,12.435986235496538,0.0,6.571520449226225,0.0042894485888404,0.007148533029327,-21.121039140758917,-33004000.0,1202944000.0,-2686216000.0,3770632000.0,0.0,85066000.0,0.0,0.0,452.61240751280593,0.0,0.0,0.1988456315074694,0.0,0.0249223416751261,4.432804956676259,2004-11-08,,amc,,2025-04-25,2004-09-30,,19.98,538687.5
2004-06-30,UDR,USD,74208,2004-08-06,2004-08-06 15:32:26,2004,Q2,157816000.0,18790000.0,139026000.0,0.8809372941,0,10249000.0,0.0,10249000.0,103256000.0,113505000.0,113505000.0,0.0,29084000.0,44085000.0,83251000.0,0.5275193897,44311000.0,0.2807763471,-15800000.0,28511000.0,0.1806597557,30244000.0,28511000.0,0.1806597557,0.22,0.22,127150000,128065000,https://www.sec.gov/Archives/edgar/data/74208/000103570404000422/0001035704-04-000422-index.htm,https://www.sec.gov/Archives/edgar/data/74208/000103570404000422/d17218e10vq.htm,1.241179709005112,0.2242312229650019,0.5387809673613841,-0.8481399921352732,0.0059221392056626,9.585387337790012,9.585387337790012,8.879032638615808,18.060495477782148,2515027000.0,4781582000.0,22.05312861702501,15.93645131038678,36.712506933699245,-23.321621646683543,2.227720158835185,2.227720158835185,30.29846149946773,57.43573050173571,69.79800309461945,-44.33918454020271,0.0113362600083418,-0.0428786649208934,2.008299607872315,0.6227205262770491,27.22555885214592,0.031020845348933,1.5235524687113189,2.4027919048788187,0.0168972341052402,1.4905475079793764,0.0649427181020935,0.0,0.0,2.5741832832160685,1.1174215542150352,4.00015878416695,0.0,6.693020081720754,-0.0007673891692686,0.0078306012789991,-19.043940228077076,-23521000.0,1218782000.0,-2421437000.0,3508988000.0,0.0,80203000.0,0.0,0.0,391.6700372538584,0.0,0.0,0.22978525656704,0.0,0.0252540149463802,1.3869209594966574,2004-07-19,0.09,bmo,210421333.0,2025-04-25,2004-06-30,-0.3333333333333333,19.04741935483871,702943.5483870967
2004-03-31,UDR,USD,74208,2004-05-07,2004-05-06 18:01:57,2004,Q1,155269000.0,60016000.0,95253000.0,0.6134708152,0,10322000.0,0.0,10322000.0,102298000.0,112620000.0,112620000.0,0.0,28913000.0,43859000.0,82690000.0,0.5325596223,42649000.0,0.2746781392,-273000.0,42376000.0,0.2729199003,27337000.0,15312000.0,0.0986159504,0.12,0.12,126984000,127953000,https://www.sec.gov/Archives/edgar/data/74208/000095013404006853/0000950134-04-006853-index.htm,https://www.sec.gov/Archives/edgar/data/74208/000095013404006853/d15069e10vq.htm,1.2227445977445976,0.1205821205821205,0.3012584262584262,-0.984076734076734,0.0155373905373905,9.711073836073837,9.711073836073837,8.991502866502866,17.827442827442827,2491426080.0,4724340080.0,40.677672413793104,16.045869297799303,65.12680904456934,-19.937469630767755,2.1820601395894297,2.1820601395894297,30.4268081845056,57.13314886927077,123.49601568422428,-37.80621372897361,0.0061458777055107,-0.050156816211862,1.9573760900771344,0.6199051483298605,27.00343451445157,0.1086094902565231,1.4750804136547573,2.4983672936259143,0.0166113698223789,2.7028474399164053,0.0664781765838641,0.0,0.0,4.266553391713502,1.0511885823957132,3.721402676759616,0.0,4.939111849758057,0.0043115512723758,0.0042471890664838,-18.664430164430165,-16193000.0,1233151000.0,-2370084000.0,3509337000.0,0.0,66885500.0,0.0,0.0,117.91955478539056,0.0,0.0,0.76323218963807,0.0,0.0134106747639863,1.2853351603351604,2004-05-06,,amc,,2025-04-25,2004-03-31,,18.895806451612906,461977.4193548387
2003-12-31,UDR,USD,74208,2004-03-11,2004-03-10 19:29:22,2003,Q4,153337000.0,-383833000.0,537170000.0,3.5031988365,0,10317000.0,0.0,10317000.0,101786000.0,112103000.0,112103000.0,0.0,0.0,44113000.0,85347000.0,0.5565975596,41234000.0,0.2689109608,29170000.0,70404000.0,0.4591455422,49369000.0,21035000.0,0.1371815022,0.17,0.16,126984000,127953000,https://www.sec.gov/Archives/edgar/data/74208/000103570404000111/0001035704-04-000111-index.htm,https://www.sec.gov/Archives/edgar/data/74208/000103570404000111/d13216e10vk.htm,1.2075300825300823,0.1656507906507906,0.5537311787311787,3.580939330939331,0.0379890379890379,9.903940653940651,9.903940653940651,9.162067662067662,16.789808164808164,2438092800.0,4565305800.0,28.976619919182312,15.900224994619697,34.673864751475506,5.361721667304419,2.0955968355801264,2.0955968355801264,29.773021514702908,53.49111040809871,64.9264851027519,10.039773312045602,0.0086276453463953,0.1865072568197568,1.832534836467154,0.6016511821309314,24.9242855636402,0.1563289908613649,0.0,3.3427620632279536,0.0170264232764232,1.9734727834561443,0.0672831736632385,0.0,0.0,5.466927398136956,2.5069422252946123,8.714143223086165,0.0,5.843657623859808,0.0035071075078306,0.0059359817001881,-17.96428683928684,-26034000.0,1257642000.0,-2281177000.0,3428887000.0,0.0,67492500.0,0.0,0.0,-12.928356863531796,0.0,0.0,-6.961441500262981,0.0,0.0180800662864136,3.027208152208152,2004-04-19,0.1,bmo,209613150.0,2025-04-25,2003-12-31,-0.5,18.46875,370323.828125
2003-09-30,UDR,USD,74208,2003-11-12,2003-11-12 12:13:19,2003,Q3,152464000.0,58452000.0,94012000.0,0.6166176934,0,11184000.0,0.0,11184000.0,100588000.0,111772000.0,111772000.0,0.0,0.0,41908000.0,82600000.0,0.5417672369,40692000.0,0.2668957918,-17148000.0,20444000.0,0.1340906706,32781000.0,20444000.0,0.1340906706,0.18,0.18,116350000,116350000,https://www.sec.gov/Archives/edgar/data/74208/000119312503077984/0001193125-03-077984-index.htm,https://www.sec.gov/Archives/edgar/data/74208/000119312503077984/d10q.htm,1.310391061452514,0.1757112161581435,0.4948345509239364,-0.1155651052857756,0.1112161581435324,10.801022776106574,10.801022776106574,10.042836269875377,17.264520842286206,2130368500.0,4126155500.0,26.051268098219523,13.972928035470668,37.00226664813978,-158.4388293916406,1.8231901335405527,1.8231901335405527,27.063146054150486,49.95345641646489,71.66699378191545,-306.86862263870296,0.0095964618327768,-0.0063115841226529,1.719088151827496,0.5884317174112751,24.16207021791768,0.4009916330957546,0.0,2.816043042308633,0.0185939662551337,1.937585599686949,0.0733550215132752,0.0,0.0,1.2335429186785702,0.465814880889915,1.6946645031974803,0.0,6.301140922863146,-0.0074399445985579,0.0059888168132135,-18.42764933390632,-19330000.0,1256699000.0,-2144057000.0,3298311000.0,0.0,80120500.0,0.0,0.0,122.9439540135496,0.0,0.0,0.7320408776675684,0.0,0.0174961745304171,0.610399656209712,2003-10-27,0.1,bmo,356765760.0,2025-04-25,2003-09-30,-1.6,18.02921875,387178.125
2003-06-30,UDR,USD,74208,2003-08-13,2003-08-13 14:23:13,2003,Q2,149312000.0,56303000.0,93009000.0,0.6229171132,0,10833000.0,0.0,10833000.0,94176000.0,105009000.0,105009000.0,0.0,0.0,40551000.0,84854000.0,0.5682999357,44303000.0,0.2967142628,-27544000.0,15484000.0,0.1037023146,43226000.0,15484000.0,0.1037023146,0.14,0.14,112467000,113439000,https://www.sec.gov/Archives/edgar/data/74208/000119312503035692/0001193125-03-035692-index.htm,https://www.sec.gov/Archives/edgar/data/74208/000119312503035692/d10q.htm,1.327607209225817,0.1376759404981016,0.6223336623187246,-1.948607146985338,0.014466465718833,10.658433140387848,10.658433140387848,9.86507153209386,18.741719793361607,1936681740.0,4042879740.0,31.26908001808318,12.970703895199312,27.67004429077609,-8.83708141307026,1.7455524720706266,1.7455524720706266,27.07672350514359,47.64512857378556,57.76202623156932,-18.447665751024395,0.0079951184958247,-0.1131595323452577,1.8998057674888125,0.6116129642536513,24.821434463902705,0.0677013981358189,0.0,4.520570948782535,0.0196826351034837,2.461831568070266,0.0725527753964852,0.0,0.0,4.131129271916791,1.9365221817402487,7.1304283494858325,0.0,5.528030167102617,-0.0236192728707552,0.0044928849114625,-19.970204593347383,-22405000.0,1198722000.0,-2245989000.0,3357053000.0,0.0,80431500.0,0.0,0.0,128.5077171731524,0.0,0.0,0.7003470451407461,0.0,0.0139558988548844,2.5709408093040627,2003-07-28,0.08,bmo,251964000.0,2025-04-25,2003-06-30,0.70625,17.023015873015872,407652.38095238095
2003-03-31,UDR,USD,74208,2003-05-12,2003-05-12 11:33:31,2003,Q1,151620000.0,0.0,151620000.0,1.0,0,11019000.0,0.0,11019000.0,96549000.0,107568000.0,107568000.0,0.0,0.0,40065000.0,82214000.0,0.5422371719,44234000.0,0.2917425142,-28708000.0,13441000.0,0.0886492547,30611000.0,13441000.0,0.0886492547,0.12,0.12,107698000,108590000,https://www.sec.gov/Archives/edgar/data/74208/000091664103001434/0000916641-03-001434-index.htm,https://www.sec.gov/Archives/edgar/data/74208/000091664103001434/d10q.htm,1.4078255863618638,0.1248026890007242,0.3441475236308938,0.1190644208806106,0.0419042136344221,10.057280543742689,10.057280543742689,9.426711730951364,18.89842894018459,1721014040.0,3751824040.0,32.01052823450636,11.350837884184145,46.43357543708181,134.21305778678936,1.6951828438257828,1.6951828438257828,24.74491518269357,45.63485586396477,101.2255568745953,292.5855135303751,0.0078099304756398,0.0074508398548567,2.004774249978823,0.626013226928999,24.701510691609705,0.2647231346785547,0.0,2.7575329216576145,0.0211950624179684,2.713860575850011,0.0726751088246933,0.0,0.0,0.6540308655298942,0.1598799630655586,0.6050418070635217,0.0,5.144975887241023,-0.0178029837030683,0.0041341073545342,-20.08936099091905,-12535000.0,1083149000.0,-2163584000.0,3173965000.0,0.0,82622500.0,0.0,0.0,0.0,0.0,0.0,0.0,0.0,0.0132392601537767,0.2250831027502832,2003-05-12,,amc,,2025-04-25,2003-03-31,,15.79,500796.7213114754
2002-12-31,UDR,USD,74208,2003-03-26,2003-03-26 17:30:06,2002,Q4,155700000.0,-239679000.0,395379000.0,2.5393641618,0,9781000.0,0.0,9781000.0,98818000.0,108599000.0,108599000.0,51724000.0,0.0,41643000.0,88744000.0,0.569967887,47101000.0,0.3025112396,6128000.0,53229000.0,0.3418689788,46124000.0,7103000.0,0.0456197816,0.066,0.0654,107698000,108590000,https://www.sec.gov/Archives/edgar/data/74208/000104596903000773/0001045969-03-000773-index.htm,https://www.sec.gov/Archives/edgar/data/74208/000104596903000773/d10k.htm,1.445709298222808,0.0659529424873256,0.4588571746921948,-0.8272298464224034,0.1385819606677932,9.939711043844826,9.939711043844826,9.297025014392096,19.105647272929858,1761939280.0,3804654280.0,62.01391243136703,11.316244572896595,35.65379578291311,-19.7768492889293,1.759702697871006,1.759702697871006,24.435801412973667,42.872242405120346,76.98924035776437,-42.70525956606167,0.0040313534527705,-0.0505641715417117,2.0550280593365837,0.6280691644058732,23.0180631930046,0.1059745150119355,0.0,3.3553775122216187,0.0207186481477386,5.139377727720682,0.0628195247270391,0.0,0.0,2.8028046460803755,0.8895889531149647,3.326105227769373,0.0,3.714328810396594,0.0019366217696583,0.0021681029114786,-20.341361956582293,-26591000.0,1070487000.0,-2202497000.0,3192159000.0,0.0,88986500.0,0.0,0.0,-31.83320190755135,0.0,0.0,-2.8272368033028603,0.0,0.0070939835469118,1.2860870211145985,2003-04-28,0.07,bmo,194940000.0,2025-04-25,2002-12-31,-0.2857142857142857,15.27015625,399254.6875
2002-09-30,UDR,USD,74208,2002-11-13,2002-11-13 15:21:12,2002,Q3,148963000.0,54192000.0,94771000.0,0.6362049636,0,8742000.0,0.0,8742000.0,94861000.0,103603000.0,103603000.0,11181000.0,0.0,40432000.0,85792000.0,0.5759282506,45360000.0,0.3045051456,-24961000.0,20399000.0,0.1369400455,24147000.0,20399000.0,0.1369400455,0.19,0.19,107148000,108094000,https://www.sec.gov/Archives/edgar/data/74208/000091664102001899/0000916641-02-001899-index.htm,https://www.sec.gov/Archives/edgar/data/74208/000091664102001899/d10q.htm,1.39025460111248,0.1903815283533057,0.5631463023108224,-2.58440661514914,0.0648542203307574,10.32043528577295,10.32043528577295,9.658295068503378,18.741273752193223,1704724680.0,3705865680.0,20.892257953821264,11.44394702040104,28.25198342724561,-6.156152018316156,1.6472886660797958,1.6472886660797958,24.877759443620228,43.19593528534129,61.41640172356646,-13.382731389528878,0.0119661551447709,-0.1624391335731703,1.940432925197151,0.6133613935630484,23.325496549794853,0.2296962284732092,0.0,1.213132551921028,0.0215735716338664,1.802882494239913,0.0586857139021099,0.0,0.0,5.589227709645343,2.264011868719078,8.34126434507321,0.0,6.432116445591571,-0.0026256443134126,0.0062307760445461,-20.169737185948406,-23304000.0,1105814000.0,-2161147000.0,3174153000.0,0.0,94000500.0,0.0,0.0,154.77967227635074,0.0,0.0,0.5814717054014035,0.0,0.0197117117465336,3.147552917459962,2002-11-13,,amc,,2025-04-25,2002-09-30,,15.63484375,412320.3125
2002-06-30,UDR,USD,74208,2002-08-14,2002-08-14 14:35:00,2002,Q2,147794000.0,0.0,147794000.0,1.0,0,9754000.0,0.0,9754000.0,90436000.0,100190000.0,100190000.0,0.0,0.0,40866000.0,88470000.0,0.5986034616,47604000.0,0.3220969728,-20216000.0,27388000.0,0.1853119883,0.0,27388000.0,0.1853119883,0.26,0.25,107016000,108242000,https://www.sec.gov/Archives/edgar/data/74208/000091664102001309/0000916641-02-001309-index.htm,https://www.sec.gov/Archives/edgar/data/74208/000091664102001309/d10q.htm,1.381045824923376,0.2559243477610824,0.6821783658518352,-0.1553599461762727,0.0521323914181057,10.513343799058084,10.513343799058084,9.842201166180756,19.836846826642745,1682291520.0,3799572520.0,15.356100481962905,11.382678051883026,23.043826639636187,-101.18438108985926,1.5972036879327582,1.5972036879327582,25.70857084861361,42.94758132700351,52.04608678976494,-228.53196920485985,0.0162801747939619,-0.0098829482300427,2.0154888618620244,0.6233847236297185,23.93219170340228,0.2340773684652177,0.0,6.437174852305793,0.0204221441953175,1.2544179932817292,0.0659972664654857,0.0,0.0,1.2277409457016053,0.6064522240415714,2.193265795526844,0.0,7.528235222463094,0.0143750156647327,0.0080425750217964,-21.25571877102489,-18255000.0,1125096000.0,-2274702000.0,3311579000.0,0.0,95835500.0,0.0,0.0,0.0,0.0,0.0,0.0,0.0,0.026002755221106,0.8375383120281079,2002-07-23,0.1,bmo,,2025-04-25,2002-06-30,1.5299999999999998,15.94625,437764.0625
2002-03-31,UDR,USD,74208,2002-05-14,2002-05-14 16:11:02,2002,Q1,159289000.0,0.0,159289000.0,1.0,0,13357000.0,0.0,13357000.0,100367000.0,113724000.0,113724000.0,0.0,0.0,40387000.0,84793000.0,0.5323217548,45565000.0,0.2860523953,1159000.0,46724000.0,0.2933284784,47228000.0,-1663000.0,-0.0104401434,-0.016,-0.016,103654000,103654000,https://www.sec.gov/Archives/edgar/data/74208/000091664102000805/0000916641-02-000805-index.htm,https://www.sec.gov/Archives/edgar/data/74208/000091664102000805/d10q.txt,1.5367376078106008,-0.0160437609740096,0.4238910220541416,-0.4430895093291142,0.2777509792193258,10.937561502691649,10.937561502691649,10.23048796959114,20.071555366893705,1649135140.0,3700842140.0,-247.91568550811783,10.353101218539887,37.533231826664846,-35.90696612088486,1.5551555358151543,1.5551555358151543,23.233507272944145,43.645609189437806,84.22873458054531,-80.57921398711026,-0.0010084073522319,-0.027849749172163,1.96193528857606,0.6184364785602433,24.1966553842888,0.2972085724903993,0.0,3.054219379952732,0.0223765773373794,-22.190018039687317,0.0838538756599639,0.0,0.0,2.0452910919932634,0.5641695283415679,2.22512194518038,0.0,,-0.0001531827885493,-0.0004943337403734,-21.240010033380283,-68078000.0,1133722000.0,-2201612000.0,3205555000.0,0.0,98506500.0,0.0,0.0,0.0,0.0,0.0,0.0,0.0,-0.0015682302761801,0.8669805313832558,2002-04-22,0.09,bmo,176987777.0,2025-04-25,2002-03-31,-0.111111111111111,14.536666666666669,443481.6666666667
2001-12-31,UDR,USD,74208,2002-03-29,2002-03-29 00:00:00,2001,Q4,158262000.0,0.0,158262000.0,1.0,0,13278000.0,0.0,13278000.0,85608000.0,98886000.0,98886000.0,0.0,0.0,38308000.0,97684000.0,0.6172296572,48536000.0,0.3066813259,0.0,0.0,0.0,49072000.0,10304000.0,0.0651072273,0.1,0.0994,99520000,103654000,https://www.sec.gov/Archives/edgar/data/74208/000089924302000858/0000899243-02-000858-index.htm,https://www.sec.gov/Archives/edgar/data/74208/000089924302000858/d10k.txt,1.5902532154340836,0.1035369774919614,0.5239851286173633,-1.3439911575562702,0.3162278938906752,11.237841639871382,11.237841639871382,10.477542202572348,20.741529340836017,1433088000.0,3465814000.0,34.77018633540373,9.055161693899988,27.48169597484036,-10.714356206169535,1.37436812198806,1.37436812198806,21.899217752840222,35.47985340485648,66.46238518035554,-25.911853103458583,0.0071900678813862,-0.0933327192747409,1.979617828286461,0.6165295387729903,20.80920109741616,0.3142543312197314,0.0,4.002072141212587,0.023356555912826,3.248447204968944,0.0838988512719414,0.0,0.0,3.564941415613554,1.174640785532851,4.852798371097421,0.0,4.940475043148503,,0.0030775746537355,-22.088323954983924,-68674000.0,1118390000.0,-2198230000.0,3192627000.0,0.0,97961000.0,0.0,0.0,0.0,0.0,0.0,0.0,0.0,0.0098818000911074,1.867976286173633,2002-02-04,0.25,bmo,233594712.0,2025-04-25,2001-12-31,-0.64,14.3284375,372757.8125
2001-09-30,UDR,USD,74208,2001-11-14,2001-11-14 00:00:00,2001,Q3,154177000.0,0.0,154177000.0,1.0,0,10248000.0,0.0,10248000.0,92706000.0,102954000.0,102954000.0,0.0,0.0,36873000.0,88096000.0,0.5713952146,51223000.0,0.3322350286,-51223000.0,0.0,0.0,37676000.0,13547000.0,0.087866543,0.14,0.13,99623000,100466000,https://www.sec.gov/Archives/edgar/data/74208/000091664101501584/0000916641-01-501584-index.htm,https://www.sec.gov/Archives/edgar/data/74208/000091664101501584/d10q.txt,1.5476044688475552,0.1359826546078716,0.5525230117543137,0.8566294931893238,0.072483261897353,10.91107475181434,10.91107475181434,10.134085502343837,20.76037661985686,1428593820.0,3489583820.0,26.36365652912084,9.265933440136983,25.953670154785264,16.740026013592686,1.4150265454819193,1.4150265454819193,22.63362122755015,39.61114942789684,63.396261536225566,40.89036583079447,0.009482751367355,0.0597370636812638,2.048569317384913,0.6223906571479901,23.3948192880494,0.0753938837090324,0.0,4.008155537755771,0.0323737925731752,3.413966191776777,0.066469058290147,0.0,0.0,0.5503960467989245,0.1965014236883581,0.8216310037154557,0.0,5.568334274647751,,0.004076724392426,-22.372303584513617,-88556000.0,1086994000.0,-2228796000.0,3132004000.0,0.0,95190000.0,0.0,0.0,0.0,0.0,0.0,0.0,0.0,0.0134183449090123,0.30410648143501,2001-11-14,,amc,,2025-04-25,2001-09-30,,14.16677966101695,357591.5254237288
2001-06-30,UDR,USD,74208,2001-08-14,2001-08-14 00:00:00,2001,Q2,151584000.0,0.0,151584000.0,1.0,0,11181000.0,0.0,11181000.0,90838000.0,102019000.0,102019000.0,0.0,0.0,38867000.0,88432000.0,0.5833861094,49565000.0,0.3269804201,20647000.0,70212000.0,0.463188727,17320000.0,32245000.0,0.2127203399,0.32,0.32,100858000,101590000,https://www.sec.gov/Archives/edgar/data/74208/000091664101500950/0000916641-01-500950-index.htm,https://www.sec.gov/Archives/edgar/data/74208/000091664101500950/d10q.txt,1.5029447341807294,0.3197069146721132,0.6615042931646473,0.0940926847647187,0.1355470066826627,11.1989133236828,11.1989133236828,10.38517519681136,20.31109084058776,1447312300.0,3482177300.0,11.2212149170414,9.547922603968756,21.69298090470338,152.50919915700737,1.3817773632173285,1.3817773632173285,22.97193173421997,39.3768918491044,52.19247129710124,366.93122233930455,0.0222792275032831,0.0065569815167051,1.955777389949476,0.6128805267478681,23.010505246969423,0.1445091593289853,0.0,2.0454977465738726,0.0258866037412934,1.1619165762133663,0.0737610829639012,0.0,0.0,0.8577595251656225,0.3775332488917036,1.472405897033473,0.0,8.64319253582223,0.011819853766188,0.0096470516432149,-21.805915247179204,-80932000.0,1129500000.0,-2199301000.0,3151237000.0,0.0,92561000.0,0.0,0.0,0.0,0.0,0.0,0.0,0.0,0.0307849322340055,0.5674116083999287,2001-10-22,0.25,bmo,,2025-04-25,2001-06-30,0.2696,13.135873015873017,296833.3333333333
2001-03-31,UDR,USD,74208,2001-05-15,2001-05-15 00:00:00,2001,Q1,153952000.0,0.0,153952000.0,1.0,0,10338000.0,0.0,10338000.0,95224000.0,105562000.0,105562000.0,0.0,0.0,41279000.0,81077000.0,0.5266381729,39798000.0,0.2585091457,-4490000.0,35308000.0,0.2293442112,42658000.0,5732000.0,0.0372323841,0.0566,0.0566,101346000,101346000,https://www.sec.gov/Archives/edgar/data/74208/000091664101500405/0000916641-01-500405-index.htm,https://www.sec.gov/Archives/edgar/data/74208/000091664101500405/d10q.txt,1.51907327373552,0.0565587196337299,0.4983127109111361,0.0642551260039863,0.0734316105223689,12.376739091824048,12.376739091824048,11.526582203540348,19.886843091981923,1287094200.0,3295104200.0,56.13634856943475,8.36036037206402,25.48600451467269,197.6496007371007,1.1018010174862798,1.1018010174862798,21.403451725213053,40.641664097092885,65.24700407904638,506.0049447174448,0.0044534424908448,0.0050594587404713,1.7253026734909984,0.5891992283367289,24.76670325739729,0.0822147836365845,0.0,8.532184490623417,0.0282178258592106,6.336182833217027,0.0671508002494283,0.0,0.0,0.8710546116985466,0.2857384119725629,1.0656750405775333,0.0,3.829934262055493,-0.0025642392240376,0.0016756985414815,-21.30215302034614,-83077000.0,1254333000.0,-2158888000.0,3222965000.0,0.0,86895500.0,0.0,0.0,0.0,0.0,0.0,0.0,0.0,0.0049068074677295,0.4340575849071497,2001-05-15,,amc,,2025-04-25,2001-03-31,,11.609677419354838,299264.51612903224
2000-12-31,UDR,USD,74208,2001-03-15,2001-03-15 00:00:00,2000,Q4,153872000.0,0.0,153872000.0,1.0,0,10271000.0,0.0,10271000.0,91704000.0,101975000.0,101975000.0,0.0,0.0,38618000.0,93953000.0,0.6105919206,51897000.0,0.337273838,0.0,0.0,0.0,30760000.0,24575000.0,0.1597106686,0.24,0.24,101346000,101346000,https://www.sec.gov/Archives/edgar/data/74208/000091664101000332/0000916641-01-000332-index.htm,https://www.sec.gov/Archives/edgar/data/74208/000091664101000332/0000916641-01-000332-0001.txt,1.518283898723186,0.2424861366013458,0.6484025023187892,0.0487636413869319,0.5451423835178497,12.898565310915084,12.898565310915084,12.02703609417244,19.65869397904209,1095550260.0,3032632260.0,11.144967039674466,7.119880550067589,16.67174318627973,221.6815580736544,0.8988083111547208,0.8988083111547208,19.708798611833213,32.278184411354616,46.149654710635645,613.6447308781869,0.0224316500093751,0.0045109751514275,1.6345418626096488,0.5768253629098451,20.617564101199537,0.6634643097319627,0.0,2.802618671898324,0.0335292695745423,1.494730417090539,0.06675028595196,0.0,0.0,0.9247941807557104,0.3949451492149319,1.5736444145217257,0.0,8.100540978102533,,0.0071150277782844,-20.63713417401772,-28024000.0,1307218000.0,-2091491000.0,3298891000.0,0.0,79779500.0,0.0,0.0,0.0,0.0,0.0,0.0,0.0,0.0201617534613403,0.5996388609318573,2001-03-15,,amc,,2025-04-25,2000-12-31,,10.068888888888887,352309.5238095238
2000-09-30,UDR,USD,74208,2000-11-14,2000-11-14 00:00:00,2000,Q3,156028000.0,0.0,156028000.0,1.0,0,13387000.0,0.0,13387000.0,93342000.0,106729000.0,106729000.0,0.0,0.0,38332000.0,87631000.0,0.561636373,49299000.0,0.3159625195,0.0,0.0,0.0,29116000.0,20183000.0,0.1293549876,0.2,0.19,103258000,103514000,https://www.sec.gov/Archives/edgar/data/74208/000091664100001697/0000916641-00-001697-index.htm,https://www.sec.gov/Archives/edgar/data/74208/000091664100001697/0000916641-00-001697-0001.txt,1.5110499912839683,0.1954618528346472,0.5408200817370082,-0.2950667260648085,0.1054155610219062,12.922659745491874,12.922659745491874,12.054029711983576,19.487894400433863,1123447040.0,3124843040.0,13.915758806916712,7.20029122977927,20.117596160733477,-36.87301562294867,0.902602719585434,0.902602719585434,20.02745045761017,35.65910511120494,55.956647804598525,-102.56147564658002,0.0179652438267138,-0.0271201034986037,1.6167119930905658,0.573720485461695,22.83890404080748,0.1426848611165729,0.0,2.742155659219249,0.0324376661315516,1.8055789525838577,0.0857987027969338,0.0,0.0,1.5455912900222046,0.5531827620683467,2.2516957111551705,0.0,7.280955781120667,,0.0057543655970877,-20.93950105560828,-65402000.0,1334368000.0,-2162171000.0,3295322000.0,0.0,75688000.0,0.0,0.0,0.0,0.0,0.0,0.0,0.0,0.0162154779360073,0.8358868078018168,2000-11-14,,amc,,2025-04-25,2000-09-30,,11.16,220533.3333333333
2000-06-30,UDR,USD,74208,2000-08-11,2000-08-11 00:00:00,2000,Q2,157124000.0,0.0,157124000.0,1.0,0,9763000.0,0.0,9763000.0,99992000.0,109755000.0,109755000.0,0.0,0.0,45304000.0,92673000.0,0.5898080497,47369000.0,0.3014752679,5928000.0,53297000.0,0.3392034317,34092000.0,13277000.0,0.08450014,0.13,0.13,103271000,103470000,https://www.sec.gov/Archives/edgar/data/74208/000091664100001127/0000916641-00-001127-index.htm,https://www.sec.gov/Archives/edgar/data/74208/000091664100001127/0000916641-00-001127-0001.txt,1.5214726302640624,0.1285646502890453,0.5199426750975589,0.0381229967754742,0.0904222869924761,13.151058864540868,13.151058864540868,12.267567855448286,20.09397604361341,1135981000.0,3201768000.0,21.390016570008285,7.229837580509661,21.15617841512245,288.53975107950214,0.8966732550099299,0.8966732550099299,20.37733255263359,34.549091968534526,59.62879225253748,813.250698501397,0.0116876954808223,0.0034657269795885,1.637975536828944,0.5787179060988452,22.291141972311245,0.124359093875268,0.0,4.43577034283354,0.0330797786230579,2.830308051517662,0.0621356380947531,0.0,0.0,0.9266784616817209,0.3166798197601894,1.0983136146918595,0.0,5.957050474248054,0.0050330899008096,0.0037027348421296,-21.48005732490244,-65751000.0,1358123000.0,-2218267000.0,3380473000.0,0.0,74697000.0,0.0,0.0,0.0,0.0,0.0,0.0,0.0,0.0104800439503537,0.4818196783220846,2000-08-11,,amc,,2025-04-25,2000-06-30,,10.64047619047619,328041.3015873016
2000-03-31,UDR,USD,74208,2000-05-12,2000-05-12 00:00:00,2000,Q1,155127000.0,0.0,155127000.0,1.0,0,9793000.0,0.0,9793000.0,89139000.0,98932000.0,98932000.0,0.0,0.0,35107000.0,91302000.0,0.5885629194,56195000.0,0.3622515745,2533000.0,58728000.0,0.3785801311,37615000.0,18580000.0,0.1197728313,0.18,0.18,103019000,103045000,https://www.sec.gov/Archives/edgar/data/74208/000091664100000659/0000916641-00-000659-index.html,https://www.sec.gov/Archives/edgar/data/74208/000091664100000659/,1.5058096079364,0.1803550801308496,0.4747473766975024,0.2839767421543598,0.0578242848406604,13.465059843329872,13.465059843329872,12.563653306671585,20.56119744901426,1036371140.0,3148608140.0,13.944713939720131,6.680791480528857,21.190217142389795,35.42543633566912,0.8007225091652213,0.8007225091652213,20.29697048225003,34.48564259271429,64.37818230146398,107.62632507263716,0.0179279403708598,0.0282283043891013,1.636561989345551,0.5796361652178458,23.134619175921667,0.0801695713612812,0.0,2.569237234713175,0.0349816765449489,1.951237890204521,0.0631289201750823,0.0,0.0,0.4018361004334669,0.1266897445318996,0.5598028883128721,0.0,7.1402500463479415,0.005845574104136,0.0050843501349487,-21.94970830623477,-68348000.0,1387157000.0,-2261237000.0,3456012000.0,0.0,89656500.0,0.0,0.0,0.0,0.0,0.0,0.0,0.0,0.0143553053979193,0.1907706345431425,2000-05-12,,amc,,2025-04-25,2000-03-31,,9.93777777777778,253868.253968254
1999-12-31,UDR,USD,74208,2000-03-28,2000-03-28 00:00:00,1999,Q4,122891000.0,0.0,122891000.0,1.0,0,29760000.0,0.0,29760000.0,656704000.0,686464000.0,686464000.0,0.0,0.0,29452000.0,-534121000.0,-4.3462987526,-563573000.0,-4.5859582882,563573000.0,0.0,0.0,-576495000.0,12922000.0,0.1051500924,0.13,0.13,103019000,103045000,https://www.sec.gov/Archives/edgar/data/74208/000089843000000962/0000898430-00-000962-index.html,https://www.sec.gov/Archives/edgar/data/74208/000089843000000962/,1.1928964559935546,0.1254331725215736,0.3686310292276182,-2.111290150360613,0.6275250196565682,13.632232889078711,13.632232889078711,12.718158786243317,20.64963744551976,1017827720.0,3080485720.0,19.691760563380285,8.282361767745401,26.80186749526017,-4.679603131910825,0.776842007247682,0.776842007247682,25.066813029432588,-5.767393006453593,81.11664524963135,-14.162957384495844,0.012695665234977,-0.2136933350567421,1.6236341904974156,0.5767684827524315,-3.861780383096714,0.7421476787436286,0.0,3.3391365514815794,0.0317990946444256,2.5047206314811947,0.2421658217444727,0.0,0.0,6.727380450811038,2.0789073243768867,8.674419394268641,0.0,5.991141595456711,,0.0035034949544738,-21.542540696376395,-22461000.0,1404379000.0,-2219291000.0,3534720000.0,0.0,52504000.0,0.0,0.0,0.0,0.0,0.0,0.0,0.0,0.0098625260644842,2.479921179588231,2000-03-28,,amc,,2025-04-25,1999-12-31,,10.54109375,252521.875
1999-09-30,UDR,USD,74208,1999-11-12,1999-11-12 00:00:00,1999,Q3,156200000.0,0.0,156200000.0,1.0,0,3100000.0,0.0,3100000.0,-96700000.0,-93600000.0,-93600000.0,0.0,0.0,32000000.0,281800000.0,1.8040973111,249800000.0,1.5992317542,-249800000.0,0.0,0.0,230000000.0,19800000.0,0.1267605634,0.19,0.19,104000000,104000000,https://www.sec.gov/Archives/edgar/data/74208/000091664199000869/0000916641-99-000869-index.html,https://www.sec.gov/Archives/edgar/data/74208/000091664199000869/,1.501923076923077,0.1903846153846153,0.7432692307692308,-0.1019230769230769,0.0,15.248076923076924,15.248076923076924,12.826923076923077,20.933653846153845,1163760000.0,3340860000.0,14.693939393939392,7.45044814340589,15.055109961190167,-109.78867924528302,0.872383808095952,0.872383808095952,21.388348271446866,11.855429382540809,43.21940491591203,-315.1754716981132,0.0170138172819137,-0.0091084072317316,1.632008995502249,0.5785697201626405,7.72569198012775,0.0,0.0,3.865,0.0341135629339382,2.005050505050505,0.0198463508322663,0.0,0.0,1.1371280724450197,0.5627400768245838,2.746875,0.0,7.412563549324961,,0.0052618990672088,-20.933653846153845,0.0,1585800000.0,-2177100000.0,3630500000.0,0.0,0.0,0.0,0.0,0.0,0.0,0.0,0.0,0.0,0.0148425787106446,0.8451923076923077,1999-11-12,,amc,,2025-04-25,1999-09-30,,11.330625,214726.5625
1999-06-30,UDR,USD,74208,1999-08-13,1999-08-13 00:00:00,1999,Q2,187100000.0,0.0,187100000.0,1.0,0,2800000.0,0.0,2800000.0,-104600000.0,-101800000.0,-101800000.0,0.0,0.0,33700000.0,322600000.0,1.7242116515,288900000.0,1.5440940673,32200000.0,321100000.0,1.7161945484,248100000.0,31400000.0,0.1678246927,0.3,0.3,104666667,104666667,https://www.sec.gov/Archives/edgar/data/74208/000091664199000692/0000916641-99-000692-index.html,https://www.sec.gov/Archives/edgar/data/74208/000091664199000692/,1.7875796121414662,0.2999999990445859,0.4509554125765751,-0.357324839626354,0.0,15.374522244030183,15.374522244030183,13.089171932837033,20.71910821427036,1229833337.25,3398433337.25,9.79166669785032,6.573133817477285,26.055791043432205,-32.88324431149733,0.8976885673357664,0.8976885673357664,18.16372708311064,10.534511274798511,72.0007062976695,-90.86720153074866,0.0255319148123051,-0.0304106246490514,1.582919708029197,0.5740377997776483,6.722256664600124,0.0,0.0,1.1712158808933002,0.0302480009878265,1.1847133757961783,0.0149652592196686,0.0,0.0,1.7923728813559323,0.4521646178514164,2.5103857566765577,0.0,9.39956968511189,0.0181801807745999,0.0083117158134363,-20.71910821427036,0.0,1609200000.0,-2168600000.0,3612700000.0,0.0,0.0,0.0,0.0,0.0,0.0,0.0,0.0,0.0,0.022919708029197,0.8082802522029291,1999-08-13,,amc,,2025-04-25,1999-06-30,,10.959206349206353,283941.2698412698
1999-03-31,UDR,USD,74208,1999-05-17,1999-05-17 00:00:00,1999,Q1,154400000.0,0.0,154400000.0,1.0,0,3500000.0,0.0,3500000.0,-95300000.0,-91800000.0,-91800000.0,0.0,0.0,31000000.0,277200000.0,1.7953367876,246200000.0,1.5945595855,0.0,0.0,0.0,226100000.0,20100000.0,0.1301813472,0.19,0.19,107000000,107000000,https://www.sec.gov/Archives/edgar/data/74208/000091664199000463/0000916641-99-000463-index.html,https://www.sec.gov/Archives/edgar/data/74208/,1.4429906542056077,0.1878504672897196,0.2654205607476635,-0.0514018691588785,0.0,15.000934579439251,15.000934579439251,12.733644859813085,20.32242990654205,1096750000.0,3271250000.0,13.641169154228855,7.10330310880829,38.61795774647887,-199.4090909090909,0.804954128440367,0.804954128440367,21.18685233160621,11.801046176046176,115.18485915492958,-594.7727272727273,0.0183268748575336,-0.0050148165033052,1.5959633027522937,0.5753254312625675,7.844516594516595,0.0,0.0,1.4129353233830846,0.0321860041030316,1.756218905472637,0.0226683937823834,0.0,0.0,1.193661971830986,0.2195595854922279,1.0935483870967742,0.0,7.336243970001785,,0.0053180230712244,-20.32242990654205,0.0,1605100000.0,-2174500000.0,3652600000.0,0.0,52712500.0,0.0,0.0,0.0,0.0,0.0,0.0,0.0,0.0147522935779816,0.3168224299065421,1999-05-17,,amc,,2025-04-25,1999-03-31,,10.04295081967213,355672.95081967214
1998-12-31,UDR,USD,74208,1999-03-18,1999-03-18 00:00:00,1998,Q4,112700000.0,0.0,112700000.0,1.0,0,2839000.0,0.0,2839000.0,544684000.0,547523000.0,547523000.0,0.0,0.0,25933000.0,-408890000.0,-3.6281277728,-434823000.0,-3.8582342502,434823000.0,0.0,0.0,-441255000.0,6432000.0,0.0570718722,0.0604,0.0601,106464000,107000000,https://www.sec.gov/Archives/edgar/data/74208/000091664199000189/0000916641-99-000189-index.html,https://www.sec.gov/Archives/edgar/data/74208/,1.0585737902013823,0.060414788097385,0.1730444093778178,-3.623149609257589,0.6512436128644424,13.991236474301171,13.991236474301171,12.906907499248572,19.89169108806733,1097643840.0,3146058840.0,42.66339552238806,9.739519432120677,59.58008141996418,-2.8455904701414183,0.7987970782776772,0.7987970782776772,27.91534019520852,-7.694144733302355,170.76799869728058,-8.15601083645508,0.0058598242577483,-0.3514209126341018,1.5411663165034228,0.5639228223555063,-5.009696984519064,0.8984230235963355,0.0,2.775384151852968,0.0278642296211492,4.755130597014926,0.0251907719609582,0.0,0.0,21.9376865874179,3.586140195208518,15.584699032121236,0.0,4.188649165911627,,0.0017127391364088,-20.63130259993989,-7839000.0,1489563000.0,-2196491000.0,3628283000.0,0.0,52712500.0,0.0,0.0,0.0,0.0,0.0,0.0,0.0,0.00468081049631,3.7961940186354073,1999-03-18,,amc,,2025-04-25,1998-12-31,,10.88328125,321934.375
1998-09-30,UDR,USD,74208,1998-11-16,1998-11-16 00:00:00,1998,Q3,124100000.0,0.0,124100000.0,1.0,0,2500000.0,0.0,2500000.0,-83000000.0,-80500000.0,-80500000.0,0.0,0.0,28300000.0,232900000.0,1.8767123288,204600000.0,1.6486704271,0.0,0.0,0.0,190800000.0,13800000.0,0.1112006446,0.14,0.14,101250000,101250000,https://www.sec.gov/Archives/edgar/data/74208/000091664198001253/0000916641-98-001253-index.html,https://www.sec.gov/Archives/edgar/data/74208/,1.225679012345679,0.1362962962962963,0.4651851851851852,-0.2004938271604938,0.0,13.6079012345679,13.6079012345679,12.044444444444444,15.297777777777778,1152225000.0,2701125000.0,20.873641304347828,9.284649476228848,24.463375796178344,-56.75985221674877,0.9448339483394834,0.9448339483394834,21.76571313456889,11.597788750536711,57.34872611464968,-133.06034482758622,0.0119768274425567,-0.0176180867452103,1.270110701107011,0.5292308743636177,6.650493774151997,0.0,0.0,3.437956204379562,0.0279459306992991,2.333333333333333,0.0201450443190975,0.0,0.0,1.4309978768577494,0.5431103948428686,2.381625441696113,0.0,6.077523862256428,,0.0047152082550312,-15.297777777777778,0.0,1377800000.0,-1548900000.0,2648500000.0,0.0,0.0,0.0,0.0,0.0,0.0,0.0,0.0,0.0,0.0113161131611316,0.665679012345679,1998-11-16,,amc,,2025-04-25,1998-09-30,,12.445,325706.25
1998-06-30,UDR,USD,74208,1998-08-14,1998-08-14 00:00:00,1998,Q2,140000000.0,0.0,140000000.0,1.0,0,2500000.0,0.0,2500000.0,-78200000.0,-75700000.0,-75700000.0,0.0,0.0,26800000.0,242500000.0,1.7321428571,215700000.0,1.5407142857,20700000.0,236400000.0,1.6885714286,180700000.0,29300000.0,0.2092857143,0.29,0.29,101034483,101034483,https://www.sec.gov/Archives/edgar/data/74208/000091664198000941/0000916641-98-000941-index.html,https://www.sec.gov/Archives/edgar/data/74208/,1.3856655256997752,0.2899999993071672,0.4929010227132057,-0.5008191114314902,0.0,13.639897578334716,13.639897578334716,12.108737172436465,14.36242317387817,1402358624.04,2853458624.04,11.96551726996587,10.016847314571429,28.15981172771085,-27.71459731304348,1.1462797319274154,1.1462797319274154,20.381847314571427,11.766839686762886,57.29836594457832,-56.392462925691696,0.0208933717080091,-0.0360820685469373,1.1861206473761647,0.5129011734766011,5.983917525773196,0.0,0.0,1.4188034188034189,0.0242448681935942,1.1604095563139931,0.0178571428571428,0.0,0.0,2.0160642570281126,0.7171428571428572,3.746268656716418,0.0,8.888729372716217,0.0197661464436996,0.0103562844620387,-14.36242317387817,0.0,1378100000.0,-1451100000.0,2571200000.0,0.0,0.0,0.0,0.0,0.0,0.0,0.0,0.0,0.0,0.0239496485205165,0.993720134144696,1998-08-14,,amc,,2025-04-25,1998-06-30,,13.895714285714286,228401.5873015873
1998-03-31,UDR,USD,74208,1998-05-15,1998-05-15 00:00:00,1998,Q1,104900000.0,0.0,104900000.0,1.0,0,2200000.0,0.0,2200000.0,-64900000.0,-62700000.0,-62700000.0,0.0,0.0,22200000.0,189800000.0,1.8093422307,167600000.0,1.5977121068,0.0,0.0,0.0,150400000.0,17200000.0,0.1639656816,0.19,0.19,88461538,88461538,https://www.sec.gov/Archives/edgar/data/74208/000091664198000629/0000916641-98-000629-index.html,https://www.sec.gov/Archives/edgar/data/74208/,1.1858260931434406,0.194434783623138,0.3391304365519849,-0.3673913062646503,0.0,15.09356529614034,15.09356529614034,13.625130505870246,15.827217473881134,1282692301.0,2682792301.0,18.64378344476744,12.227762640610106,42.75641003333333,-39.46745541538461,1.0642099900439723,1.0642099900439723,25.57475978074357,14.134838256059007,89.42641003333334,-82.54745541538462,0.0134092954222853,-0.0253373314665276,1.1616195138139882,0.5118634153474939,7.376712328767123,0.0,0.0,1.744186046511628,0.0225307347502353,1.680232558139535,0.0209723546234509,0.0,0.0,2.083333333333333,0.5958055290753098,2.815315315315315,0.0,7.720555957266465,,0.0062881585200892,-15.827217473881134,0.0,1335200000.0,-1400100000.0,2427000000.0,0.0,25300000.0,0.0,0.0,0.0,0.0,0.0,0.0,0.0,0.014270306147847,0.7065217428166352,1998-05-15,,amc,,2025-04-25,1998-03-31,,14.157213114754098,263332.7868852459
1997-12-31,UDR,USD,74208,1998-03-31,1998-03-31 00:00:00,1997,Q4,89995000.0,0.0,89995000.0,1.0,0,1775000.0,0.0,1775000.0,428203000.0,429978000.0,429978000.0,0.0,0.0,21072000.0,-318911000.0,-3.5436524251,-339983000.0,-3.7777987666,339983000.0,0.0,0.0,-355032000.0,15049000.0,0.1672204011,0.17,0.17,88180000,88461538,https://www.sec.gov/Archives/edgar/data/74208/000091664198000393/0000916641-98-000393-index.html,https://www.sec.gov/Archives/edgar/data/74208/,1.0205828986164662,0.1706622816965298,0.3039578135631662,-6.9444431843955545,0.0053640281242912,12.168859151735088,12.168859151735088,12.002234066681789,13.11211158992969,1229229200.0,2384982200.0,20.420446541298425,13.658861047835993,45.86162742976532,-2.0073603642295965,1.1614504368563727,1.1614504368563727,26.50127451525085,-7.478519712396248,88.98191247248442,-3.894732355587635,0.0122426313986032,-0.4981666559824644,1.0924725777785758,0.4997249024840895,-3.624061258470232,0.0468641632814822,0.0,1.7691749174917493,0.0226540339263011,1.8504219549471723,0.019723317962109,0.0,0.0,23.84673357459986,7.102216789821656,30.33238420652999,0.0,6.788769745226599,,0.0065042301915741,-14.06443638013155,-9620000.0,1073050000.0,-1240202000.0,2262411000.0,0.0,25300000.0,0.0,0.0,0.0,0.0,0.0,0.0,0.0,0.0142192095861793,7.248400997958721,1998-03-31,,amc,,2025-04-25,1997-12-31,,14.33453125,239187.5
1997-09-30,UDR,USD,74208,1997-11-14,1997-11-14 00:00:00,1997,Q3,108600000.0,0.0,108600000.0,1.0,0,1600000.0,0.0,1600000.0,-65900000.0,-64300000.0,-64300000.0,0.0,0.0,20800000.0,193700000.0,1.7836095764,172900000.0,1.5920810313,9300000.0,182200000.0,1.6777163904,149600000.0,17600000.0,0.1620626151,0.2,0.2,88000000,88000000,https://www.sec.gov/Archives/edgar/data/74208/000091664197001087/0000916641-97-001087-index.html,https://www.sec.gov/Archives/edgar/data/74208/,1.2340909090909091,0.2,0.5431818181818182,-0.1625,0.0,13.098863636363635,13.098863636363635,12.017045454545457,12.501136363636364,1320000000.0,2420100000.0,18.75,12.154696132596683,27.615062761506277,-92.3076923076923,1.24822695035461,1.24822695035461,22.28453038674033,12.49406298399587,50.62970711297071,-169.23776223776224,0.0133333333333333,-0.0108333333333333,1.0402836879432624,0.4883256392045454,5.679401135776975,0.0,0.0,2.051502145922747,0.021060606060606,1.5795454545454546,0.0147329650092081,0.0,0.0,1.299163179916318,0.5718232044198895,2.985576923076923,0.0,7.353686459555815,0.0153414353537214,0.0078125,-12.501136363636364,0.0,1152700000.0,-1100100000.0,2016500000.0,0.0,0.0,0.0,0.0,0.0,0.0,0.0,0.0,0.0,0.0166430260047281,0.7056818181818182,1997-11-14,,amc,,2025-04-25,1997-09-30,,14.50015625,228651.5625
1997-06-30,UDR,USD,74208,1997-08-14,1997-08-14 00:00:00,1997,Q2,96800000.0,0.0,96800000.0,1.0,0,1800000.0,0.0,1800000.0,-62300000.0,-60500000.0,-60500000.0,0.0,0.0,19900000.0,177200000.0,1.8305785124,157300000.0,1.625,0.0,0.0,0.0,142600000.0,11100000.0,0.1146694215,0.13,0.13,85384615,85384615,https://www.sec.gov/Archives/edgar/data/74208/000091664197000848/0000916641-97-000848-index.html,https://www.sec.gov/Archives/edgar/data/74208/,1.133693698800422,0.1300000005855855,0.4251351370501582,0.2424324335244704,0.0,13.215495555024754,13.215495555024754,12.293783839161188,11.890900954463518,1211607686.85,2226907686.85,27.28846141554054,12.516608335227271,33.377622227272724,58.53177231159419,1.1542418661046012,1.1542418661046012,23.005244698863635,12.567199135722348,61.34731919696969,107.58008149033816,0.0091613812956719,0.0170847380919288,0.967228732018672,0.4736203759854457,5.729683972911964,0.0,0.0,2.4693877551020407,0.0200559968905251,2.189189189189189,0.018595041322314,0.0,0.0,0.4297520661157025,0.1611570247933884,0.7839195979899497,0.0,5.996608865977952,,0.0051779633344217,-11.890900954463518,0.0,1128400000.0,-1015300000.0,1954000000.0,0.0,0.0,0.0,0.0,0.0,0.0,0.0,0.0,0.0,0.0105744498428122,0.1827027035256878,1997-08-14,,amc,,2025-04-25,1997-06-30,,14.34515625,190668.75
1997-03-31,UDR,USD,74208,1997-05-15,1997-05-15 00:00:00,1997,Q1,92400000.0,0.0,92400000.0,1.0,0,1800000.0,0.0,1800000.0,-56100000.0,-54300000.0,-54300000.0,0.0,0.0,17000000.0,163700000.0,1.7716450216,146700000.0,1.5876623377,0.0,0.0,0.0,129600000.0,14700000.0,0.1590909091,0.17,0.17,86470588,86470588,https://www.sec.gov/Archives/edgar/data/74208/000091664197000527/0000916641-97-000527-index.html,https://www.sec.gov/Archives/edgar/data/74208/,1.068571431479106,0.170000000462585,0.3122448988088296,-0.0393197279981489,0.0,11.350680302995048,11.350680302995048,10.49721091291758,12.842517041748346,1275441173.0,2385941173.0,21.691176411564623,13.8034758982684,47.23856196296296,-375.12975676470586,1.4051351470750248,1.4051351470750248,25.821874166666667,14.575083524740378,88.3681915925926,-701.7474038235295,0.0115254237601752,-0.0026657442710609,1.2234218354081745,0.530831739961759,6.783750763591937,0.0,0.0,1.5789473684210529,0.0173273377618961,1.5034013605442176,0.0194805194805194,0.0,0.0,1.125925925925926,0.329004329004329,1.7882352941176471,0.0,6.336547313100915,,0.0070267686424474,-12.842517041748346,0.0,981500000.0,-1110500000.0,1921600000.0,0.0,12316500.0,0.0,0.0,0.0,0.0,0.0,0.0,0.0,0.0161947780103558,0.3515646268069786,1997-05-15,,amc,,2025-04-25,1997-03-31,,15.30311475409836,250337.7049180328
1996-12-31,UDR,USD,74208,1997-03-31,1997-03-31 00:00:00,1996,Q4,65419000.0,0.0,65419000.0,1.0,0,1218000.0,0.0,1218000.0,269332000.0,270550000.0,270550000.0,0.0,0.0,14109000.0,-191022000.0,-2.9199773766,-205131000.0,-3.1356486648,205131000.0,0.0,0.0,-215622000.0,8078000.0,0.1234809459,0.12,0.12,86470588,86470588,https://www.sec.gov/Archives/edgar/data/74208/000091664197000322/0000916641-97-000322-index.html,https://www.sec.gov/Archives/edgar/data/74208/,0.7565462605620307,0.0934190478732491,0.2019646263999037,-0.1269911568081392,0.155567347362088,10.663383022213289,10.663383022213289,9.834314992746435,12.08312588321939,1340294114.0,2371677114.0,41.47976336964596,20.48784166679405,76.74611280348144,-122.05574301065477,1.5761138433569033,1.5761138433569033,36.2536436509271,-12.415727581116313,135.80377427851582,-215.98006684272835,0.0060270353466612,-0.0081929778585896,1.228669804875238,0.5312079288058797,-5.399289087120855,0.546096699549385,0.0,1.6596027748740854,0.0123047619382442,2.0415944540727904,0.0186184441828826,0.0,0.0,1.6287792029317454,0.4348125162414589,2.0160890211921467,0.0,4.546540192270359,,0.0041069620072967,-11.927558535857305,-11181000.0,922069000.0,-1031383000.0,1900551000.0,0.0,12316500.0,0.0,0.0,0.0,0.0,0.0,0.0,0.0,0.0094992938442741,0.328955783208043,1997-03-31,,amc,,2025-04-25,1996-12-31,,14.4903125,156778.125
1996-09-30,UDR,USD,74208,1996-10-31,1996-10-31 00:00:00,1996,Q3,64800000.0,0.0,64800000.0,1.0,0,1300000.0,0.0,1300000.0,-41500000.0,-40200000.0,-40200000.0,0.0,0.0,12700000.0,117700000.0,1.8163580247,105000000.0,1.6203703704,0.0,0.0,0.0,95200000.0,7400000.0,0.1141975309,0.13,0.13,56923077,56923077,https://www.sec.gov/Archives/edgar/data/74208/000091664196000902/0000916641-96-000902-index.html,https://www.sec.gov/Archives/edgar/data/74208/,1.1383783768400293,0.1299999998243243,0.4479729723676041,0.1282432430699415,0.0,10.18567566191125,10.18567566191125,9.28797296042166,13.982027008132397,796923078.0,1592823078.0,26.923076959459458,12.298195648148148,31.251885411764707,109.16754493150684,1.5073256629468508,1.5073256629468508,24.58060305555556,13.532906355140186,62.463650117647056,218.19494219178085,0.009285714273166,0.0091602316478529,1.5053905806695669,0.578541833248528,6.762107051826678,0.0,0.0,2.6020408163265305,0.0202027026754017,2.175675675675676,0.0200617283950617,0.0,0.0,0.7137254901960784,0.2808641975308642,1.4330708661417322,0.0,5.212228014248874,,0.0053790797412226,-13.982027008132397,0.0,579800000.0,-795900000.0,1289200000.0,0.0,0.0,0.0,0.0,0.0,0.0,0.0,0.0,0.0,0.013996595422735,0.3197297292976625,1996-10-31,,amc,,2025-04-25,1996-09-30,,13.76015625,190129.703125
1996-06-30,UDR,USD,74208,1996-08-14,1996-08-14 00:00:00,1996,Q2,57500000.0,0.0,57500000.0,1.0,0,1500000.0,0.0,1500000.0,-38100000.0,-36600000.0,-36600000.0,0.0,0.0,11100000.0,105200000.0,1.8295652174,94100000.0,1.6365217391,0.0,0.0,0.0,85900000.0,8200000.0,0.1426086957,0.14,0.14,58000000,58000000,https://www.sec.gov/Archives/edgar/data/74208/000091664196000681/0000916641-96-000681-index.html,https://www.sec.gov/Archives/edgar/data/74208/,0.9913793103448276,0.1413793103448276,0.4448275862068965,0.2068965517241379,0.0,9.548275862068966,9.548275862068966,8.755172413793103,10.639655172413793,841000000.0,1458100000.0,25.640243902439025,14.62608695652174,32.5968992248062,70.08333333333333,1.656163844033084,1.656163844033084,25.358260869565218,13.860266159695817,56.51550387596899,121.50833333333334,0.0097502972651605,0.0142687277051129,1.215242221346987,0.5270304893671535,5.86596958174905,0.0,0.0,3.185185185185185,0.0190249702734839,1.951219512195122,0.0260869565217391,0.0,0.0,0.5348837209302325,0.24,1.2432432432432432,0.0,5.2773578001470485,,0.007003159962422,-10.639655172413793,0.0,553800000.0,-617100000.0,1091100000.0,0.0,0.0,0.0,0.0,0.0,0.0,0.0,0.0,0.0,0.0161480897991335,0.2379310344827586,1996-08-14,,amc,,2025-04-25,1996-06-30,,14.575714285714286,88076.19047619047
1996-03-31,UDR,USD,74208,1996-05-15,1996-05-15 00:00:00,1996,Q1,56200000.0,0.0,56200000.0,1.0,0,1400000.0,0.0,1400000.0,-36000000.0,-34600000.0,-34600000.0,0.0,0.0,10800000.0,101600000.0,1.8078291815,90800000.0,1.615658363,0.0,0.0,0.0,81200000.0,7200000.0,0.128113879,0.13,0.13,55384615,55384615,https://www.sec.gov/Archives/edgar/data/74208/000091664196000382/0000916641-96-000382-index.html,https://www.sec.gov/Archives/edgar/data/74208/,1.0147222292689044,0.1300000009027777,0.3845833360040509,0.1841666679456018,0.0,9.930555624517748,9.930555624517748,9.244444508641976,10.309722293817517,810276917.45,1381276917.45,28.134615189236115,14.417738744661923,38.041169833333335,79.4389134754902,1.582572104394531,1.582572104394531,24.57788109341637,13.595245250492129,64.84868157042254,135.41930563235294,0.0088858510528214,0.012588288991497,1.115234375,0.5093666369313113,5.6200787401574805,0.0,0.0,2.21875,0.0186356042913338,2.0972222222222223,0.0249110320284697,0.0,0.0,0.5211267605633803,0.197508896797153,1.0277777777777777,0.0,5.200000036111111,,0.0064228367528991,-10.309722293817517,0.0,550000000.0,-571000000.0,1034100000.0,0.0,0.0,0.0,0.0,0.0,0.0,0.0,0.0,0.0,0.0140625,0.200416668058449,1996-05-15,,amc,,2025-04-25,1996-03-31,,15.07174603174603,109734.92063492064
1995-12-31,UDR,USD,74208,1996-05-21,1996-05-21 00:00:00,1995,Q4,46340000.0,0.0,46340000.0,1.0,0,1065000.0,0.0,1065000.0,208816000.0,209881000.0,209881000.0,0.0,0.0,10642000.0,-152899000.0,-3.2995036685,-163541000.0,-3.5291540785,0.0,0.0,0.0,-171468000.0,7927000.0,0.1710617177,0.14,0.14,55384615,55384615,https://www.sec.gov/Archives/edgar/data/74208/000091664196000411/0000916641-96-000411-index.html,https://www.sec.gov/Archives/edgar/data/74208/,0.8366944502548226,0.1431263898828221,0.3616166691778935,2.326061127264313,0.0524333336974537,13.998057041653174,13.998057041653174,9.323690342525628,5.513065316062954,830769225.0,1133204225.0,26.200618928976915,17.92769151920587,41.48038870581186,6.448669737945167,1.608805038449696,1.608805038449696,24.45412656452309,-7.411456091929967,56.58099785300579,8.796257218927563,0.0095417593255214,0.1550707418176209,0.5912964838522896,0.2825601323689451,-1.9780050883262807,0.0,0.0,2.5351898734177216,0.0181157408665444,1.8985744922417056,0.022982304704359,0.0,0.0,5.432394647493509,2.347863616745792,10.22364217252396,0.0,5.479551818351396,,0.0073356307883651,-5.4606319823655,2904000.0,775277000.0,-302435000.0,1004548000.0,0.0,0.0,0.0,0.0,0.0,0.0,0.0,0.0,0.0,0.0153508304785733,1.96444445808642,1996-05-21,,amc,,2025-04-25,1995-12-31,,14.072380952380954,89703.1746031746
1995-09-30,UDR,USD,74208,1996-04-12,1996-04-12 00:00:00,1995,Q3,50500000.0,0.0,50500000.0,1.0,0,1000000.0,0.0,1000000.0,-33100000.0,-32100000.0,-32100000.0,0.0,0.0,10300000.0,92900000.0,1.8396039604,82600000.0,1.6356435644,0.0,0.0,0.0,75100000.0,7500000.0,0.1485148515,0.15,0.15,51000000,51000000,https://www.sec.gov/Archives/edgar/data/74208/000091664196000242/0000916641-96-000242-index.html,https://www.sec.gov/Archives/edgar/data/74208/,0.9901960784313726,0.1470588235294117,0.1941176470588235,-0.4862745098039215,0.0,10.882352941176473,10.882352941176473,10.184313725490195,10.327450980392156,726750000.0,1253450000.0,24.225,14.391089108910892,73.4090909090909,-29.304435483870968,1.399210627647285,1.399210627647285,24.82079207920792,13.492465016146394,126.61111111111111,-50.542338709677416,0.0103199174406604,-0.0341245270037839,1.0140546784751636,0.4869187390219099,5.669537136706135,0.0,0.0,1.32,0.0189886480908152,1.84,0.0198019801980198,0.0,0.0,3.505050505050505,0.6871287128712872,3.3689320388349517,0.0,5.80500619171187,,0.0069335305537579,-10.327450980392156,0.0,555000000.0,-526700000.0,989900000.0,0.0,0.0,0.0,0.0,0.0,0.0,0.0,0.0,0.0,0.0144397381594147,0.6803921568627451,1996-04-12,,amc,,2025-04-25,1995-09-30,,14.244920634920636,115566.66666666669
1995-06-30,UDR,USD,74208,1995-08-14,1995-08-14 00:00:00,1995,Q2,52700000.0,0.0,52700000.0,1.0,0,1500000.0,0.0,1500000.0,-30900000.0,-29400000.0,-29400000.0,0.0,0.0,9800000.0,91900000.0,1.7438330171,82100000.0,1.5578747628,0.0,0.0,0.0,70500000.0,9800000.0,0.1859582543,0.19,0.19,51578947,51578947,https://www.sec.gov/Archives/edgar/data/74208/000091664195000255/0000916641-95-000255-index.html,https://www.sec.gov/Archives/edgar/data/74208/,1.021734701175656,0.1900000013571428,0.4691836768206997,-1.5277551129533529,0.0,9.806326600657435,9.806326600657435,9.102551085426386,9.532959251766036,760789468.25,1252489468.25,19.407894598214284,14.436232794117648,31.43758133264463,-9.654688683375635,1.6204248525026623,1.6204248525026623,23.766403572106263,13.628829904787812,51.755763150826446,-15.894536399111676,0.012881356024213,-0.1035766178273459,1.0472843450479232,0.4929323308270676,5.35038084874864,0.0,0.0,2.1043478260869564,0.0153787617840094,1.1938775510204085,0.0284629981024667,0.0,0.0,4.256198347107438,1.954459203036053,10.510204081632653,0.0,6.238061090447151,,0.0098245614035087,-9.532959251766036,0.0,505800000.0,-491700000.0,954300000.0,0.0,0.0,0.0,0.0,0.0,0.0,0.0,0.0,0.0,0.0208732694355697,1.9969387897740525,1995-08-14,,amc,,2025-04-25,1995-06-30,,14.337460317460318,66492.06349206349
1995-03-31,UDR,USD,74208,1995-05-15,1995-05-15 00:00:00,1995,Q1,45700000.0,0.0,45700000.0,1.0,0,1200000.0,0.0,1200000.0,-29100000.0,-27900000.0,-27900000.0,0.0,0.0,9300000.0,82900000.0,1.8140043764,73600000.0,1.6105032823,0.0,0.0,0.0,67400000.0,6200000.0,0.1356673961,0.12,0.12,51666667,51666667,https://www.sec.gov/Archives/edgar/data/74208/000091664195000167/0000916641-95-000167-index.html,https://www.sec.gov/Archives/edgar/data/74208/,0.8845161233257024,0.1199999992258064,0.2380645145931321,0.1083870960749219,0.0,7.685806402027056,7.685806402027056,7.149677373227888,10.32967735271176,717133337.96,1250833337.96,28.91666685322581,15.692195578993436,58.30352341138211,128.0595246357143,1.9413463399025448,1.9413463399025448,27.370532559299782,15.088460047768397,101.69376731382114,223.3630960642857,0.0086455330854327,0.007808868593294,1.444775311315647,0.5733777395788568,6.437876960193004,0.0,0.0,1.9838709677419355,0.0136655200382646,1.5806451612903225,0.0262582056892779,0.0,0.0,0.5447154471544715,0.1466083150984682,0.7204301075268817,0.0,4.393646410804189,,0.0066609368285345,-10.32967735271176,0.0,397100000.0,-533700000.0,899700000.0,0.0,4926500.0,0.0,0.0,0.0,0.0,0.0,0.0,0.0,0.0167839740119112,0.1296774185182102,1995-05-15,,amc,,2025-04-25,1995-03-31,,13.703333333333337,49687.30158730159
1994-12-31,UDR,USD,74208,1995-03-31,1995-03-31 00:00:00,1994,Q4,105000000.0,0.0,105000000.0,1.0,0,1321000.0,0.0,1321000.0,92486000.0,93807000.0,93807000.0,0.0,0.0,9044000.0,20237000.0,0.1927333333,11193000.0,0.1066,0.0,0.0,0.0,5456000.0,5737000.0,0.0546380952,0.11,0.11,50728000,51666667,https://www.sec.gov/Archives/edgar/data/74208/000091664195000097/0000916641-95-000097-index.html,https://www.sec.gov/Archives/edgar/data/74208/,2.069862797665983,0.1130933606686642,0.2748777795300425,-7.437115596909005,0.143135940703359,7.036902696735531,7.036902696735531,7.036902696735531,10.382116385428166,729468640.0,1248871640.0,31.78789611295102,6.947320380952381,52.31415949512336,-1.933545312375752,2.043512695815872,2.043512695815872,11.89401561904762,61.71229134753175,89.56337062535857,-3.310286108092348,0.0078646286974036,-0.5171846729422117,1.475381546805316,0.577537550182967,25.666007807481343,0.7369329138333502,0.0,2.4087061668681984,0.013434436331629,1.7082098657835103,0.0125809523809523,0.0,0.0,28.05608146873207,3.725847619047619,43.25674480318443,0.0,4.231560814891435,,0.0062911703199756,-10.79648320454187,-2592000.0,356968000.0,-547684000.0,884666000.0,0.0,4926500.0,0.0,0.0,0.0,0.0,0.0,0.0,0.0,0.0160714685910221,7.711993376439048,1995-03-31,,amc,,2025-04-25,1994-12-31,,13.075873015873016,80836.50793650794
1994-09-30,UDR,USD,74208,1994-11-14,1994-11-14 00:00:00,1994,Q3,14800000.0,0.0,14800000.0,1.0,0,1100000.0,0.0,1100000.0,-1300000.0,-200000.0,-200000.0,0.0,0.0,8200000.0,23200000.0,1.5675675676,15000000.0,1.0135135135,0.0,0.0,0.0,9000000.0,6000000.0,0.4054054054,0.12,0.12,50000000,50000000,https://www.sec.gov/Archives/edgar/data/74208/000091664194000141/0000916641-94-000141-index.html,https://www.sec.gov/Archives/edgar/data/74208/,0.296,0.12,0.302,-4.238,0.0,7.79,7.79,7.22,9.648,687500000.0,1169900000.0,28.645833333333336,46.4527027027027,45.52980132450331,-3.244454931571496,1.904432132963989,1.904432132963989,79.04729729729729,50.42672413793103,77.47682119205298,-5.5210004719207175,0.0087272727272727,-0.3082181818181818,1.3362880886426594,0.553274458080055,20.79310344827586,0.0,0.0,2.5166666666666666,0.0142545454545454,1.6333333333333333,0.0743243243243243,0.0,0.0,15.033112582781458,15.33783783783784,27.682926829268293,0.0,4.415201014676454,,0.0068815231104484,-9.648,0.0,389500000.0,-482400000.0,833400000.0,0.0,0.0,0.0,0.0,0.0,0.0,0.0,0.0,0.0,0.0166204986149584,4.54,1994-11-14,,amc,,2025-04-25,1994-09-30,,13.56296875,51323.4375
1994-06-30,UDR,USD,74208,1994-08-12,1994-08-12 00:00:00,1994,Q2,11200000.0,0.0,11200000.0,1.0,0,1100000.0,0.0,1100000.0,-1300000.0,-200000.0,-200000.0,0.0,0.0,6500000.0,17900000.0,1.5982142857,11400000.0,1.0178571429,0.0,0.0,0.0,7400000.0,4000000.0,0.3571428571,0.09,0.09,44444444,44444444,https://www.sec.gov/Archives/edgar/data/74208/000091664194000074/0000916641-94-000074-index.html,https://www.sec.gov/Archives/edgar/data/74208/,0.25200000252,0.0900000009,0.3397500033975,-1.0957500109575,0.0,8.635500086355,8.635500086355,8.0662500806625,6.718500067185,622222216.0,920822216.0,38.8888885,55.555555,41.20676927152318,-12.776636878850102,1.7356268228730822,1.7356268228730822,82.21626928571429,51.44258189944134,60.98160370860927,-18.908053716632445,0.0064285714928571,-0.0782678579255357,0.8329149232914923,0.4375732708089097,16.681564245810055,0.0,0.0,3.682926829268293,0.0130178572730357,2.025,0.0982142857142857,0.0,0.0,4.225165562913907,5.696428571428571,9.815384615384616,0.0,4.041553732994667,,0.0058616647127784,-6.718500067185,0.0,383800000.0,-298600000.0,580200000.0,0.0,0.0,0.0,0.0,0.0,0.0,0.0,0.0,0.0,0.0111576011157601,1.435500014355,1994-08-12,,amc,,2025-04-25,1994-06-30,,14.399193548387096,84645.16129032258
1994-03-31,UDR,USD,74208,1994-05-13,1994-05-13 00:00:00,1994,Q1,9700000.0,0.0,9700000.0,1.0,0,1500000.0,0.0,1500000.0,-1700000.0,-200000.0,-200000.0,0.0,0.0,5900000.0,15800000.0,1.6288659794,9900000.0,1.0206185567,0.0,0.0,0.0,6500000.0,3400000.0,0.3505154639,0.08,0.08,42500000,42500000,https://www.sec.gov/Archives/edgar/data/74208/000091664194000016/0000916641-94-000016-index.html,https://www.sec.gov/Archives/edgar/data/74208/,0.228235294117647,0.08,0.2447058823529412,-0.4752941176470588,0.0,6.465882352941176,6.465882352941176,6.025882352941177,6.136470588235294,595000000.0,855800000.0,43.75,61.34020618556701,57.21153846153846,-29.455445544554458,2.323311206559937,2.323311206559937,88.22680412371135,54.16455696202531,82.28846153846153,-42.366336633663366,0.0057142857142857,-0.0339495798319327,1.018352206169465,0.4869305451829723,16.50632911392405,0.0,0.0,3.0588235294117645,0.0122689075630252,2.147058823529412,0.1546391752577319,0.0,0.0,2.9423076923076925,3.154639175257732,5.186440677966102,0.0,3.2934158916380603,,0.0063480209111277,-6.136470588235294,0.0,274800000.0,-260800000.0,514100000.0,0.0,0.0,0.0,0.0,0.0,0.0,0.0,0.0,0.0,0.0132760640374853,0.72,1994-05-13,,amc,,2025-04-25,1994-03-31,,13.99031746031746,64120.63492063492
1993-12-31,UDR,USD,74208,1994-03-31,1994-03-31 00:00:00,1993,Q4,8700000.0,0.0,8700000.0,1.0,0,700000.0,0.0,700000.0,-900000.0,-200000.0,-200000.0,0.0,0.0,5500000.0,14400000.0,1.6551724138,8900000.0,1.0229885057,0.0,0.0,0.0,5500000.0,3400000.0,0.3908045977,0.08,0.08,42500000,42500000,https://www.sec.gov/Archives/edgar/data/74208/000095011894000067/0000950118-94-000067-index.html,https://www.sec.gov/Archives/edgar/data/74208/,0.2047058823529411,0.08,0.1858823529411764,-0.88,0.0,6.503529411764706,6.503529411764706,6.117647058823529,5.397647058823529,605625000.0,835025000.0,44.53125,69.61206896551724,76.6613924050633,-16.193181818181817,2.329326923076924,2.329326923076924,95.97988505747126,57.98784722222222,105.6993670886076,-22.32687165775401,0.0056140350877192,-0.0617543859649122,0.8823076923076923,0.4535389482008699,15.930555555555555,0.0,0.0,2.323529411764706,0.0118885448916408,2.117647058823529,0.0804597701149425,0.0,0.0,5.734177215189874,5.206896551724138,8.236363636363636,0.0,3.318397912529833,,0.0067220245156188,-5.397647058823529,0.0,276400000.0,-229400000.0,490800000.0,0.0,0.0,0.0,0.0,0.0,0.0,0.0,0.0,0.0,0.013076923076923,1.0658823529411765,1994-03-31,,amc,,2025-04-25,1993-12-31,,14.85390625,83845.3125
1993-09-30,UDR,USD,74208,1993-09-30,1993-09-29 20:00:00,1993,Q3,8200000.0,0.0,8200000.0,1.0,0,800000.0,0.0,800000.0,-900000.0,-100000.0,-100000.0,0.0,0.0,5100000.0,13400000.0,1.6341463415,8300000.0,1.012195122,0.0,0.0,0.0,5400000.0,2900000.0,0.3536585366,0.07,0.07,41428571,41428571,,,0.197931036530321,0.0700000007241379,0.1834482777598097,-0.6493103515445898,0.0,6.785172483984543,6.785172483984543,6.355517307126041,4.851724188121285,678599992.9799999,879599992.9799999,58.49999939482758,82.75609670487803,89.28947276052631,-25.22676553828996,2.577288237675655,2.577288237675655,107.26829182682926,65.64179052089551,115.73684118157894,-32.69888449739776,0.0042735043177129,-0.0396404366022338,0.7633877706038739,0.4169259489732421,15.0,0.0,0.0,2.533333333333333,0.0107574419032084,2.5172413793103448,0.0975609756097561,0.0,0.0,4.539473684210527,4.2073170731707314,6.764705882352941,0.0,3.163848900038466,,0.0060153495125492,-4.851724188121285,0.0,281100000.0,-201000000.0,451300000.0,0.0,0.0,0.0,0.0,0.0,0.0,0.0,0.0,0.0,0.0110140524116976,0.8327586293043996,1993-09-29,,amc,,2025-04-25,1993-09-30,,14.59796875,83570.3125
1993-06-30,UDR,USD,74208,1993-06-30,1993-06-29 20:00:00,1993,Q2,7700000.0,0.0,7700000.0,1.0,0,900000.0,0.0,900000.0,-1000000.0,-100000.0,-100000.0,0.0,0.0,5100000.0,12900000.0,1.6753246753,7800000.0,1.012987013,0.0,0.0,0.0,5500000.0,2300000.0,0.2987012987,0.06,0.06,38333333,38333333,,,0.2008695669640832,0.0600000005217391,0.2321739150623818,-0.2556521761361058,0.0,5.3947826556068055,5.3947826556068055,4.94869569520605,5.968695704075615,517499995.5,746299995.5,56.24999951086957,67.20779162337662,58.14606691011236,-52.80612198979592,2.727991541908276,2.727991541908276,96.92207733766234,57.85271282945737,83.85393207865168,-76.15306076530612,0.0044444444830917,-0.0189371982323041,1.20611491829204,0.5252525252525253,17.73643410852713,0.0,0.0,4.045454545454546,0.0119806764326822,2.6956521739130435,0.1168831168831168,0.0,0.0,2.101123595505618,2.4285714285714284,3.6666666666666665,0.0,2.5847126042602016,,0.0052800734618916,-5.968695704075615,0.0,206800000.0,-228800000.0,421900000.0,0.0,0.0,0.0,0.0,0.0,0.0,0.0,0.0,0.0,0.0121244069583552,0.4878260911984877,1993-06-29,,amc,,2025-04-25,1993-06-30,,13.626984126984128,56328.57142857143
1993-03-31,UDR,USD,74208,1993-03-31,1993-03-30 19:00:00,1993,Q1,7500000.0,0.0,7500000.0,1.0,0,800000.0,0.0,800000.0,-900000.0,-100000.0,-100000.0,0.0,0.0,4700000.0,12300000.0,1.64,7600000.0,1.0133333333,0.0,0.0,0.0,5000000.0,2600000.0,0.3466666667,0.04,0.04,35285000,35285000,,,0.2125549100184214,0.0736857021397194,0.2890746776250531,-0.5724812243162817,0.0,5.9175286949128525,5.9175286949128525,5.512257333144396,5.943035284115063,509515400.0,719215400.0,48.99186538461539,67.93538666666667,49.95249019607843,-25.223534653465347,2.6196164524421595,2.6196164524421595,95.89538666666668,58.47279674796748,70.5113137254902,-35.60472277227723,0.0051028879598143,-0.0396455141493269,1.0781491002570691,0.5010752688172043,17.048780487804876,0.0,0.0,3.923076923076923,0.0113833654488166,2.230769230769231,0.1066666666666666,0.0,0.0,2.980392156862745,4.053333333333334,6.468085106382978,0.0,3.023065897275504,,0.0062126642771804,-5.943035284115063,0.0,208800000.0,-209700000.0,408500000.0,0.0,0.0,0.0,0.0,0.0,0.0,0.0,0.0,0.0,0.0133676092544987,0.8615559019413348,1993-03-30,,amc,,2025-04-25,1993-03-31,,13.268548387096772,76232.25806451614
1992-12-31,UDR,USD,74208,1992-12-31,1992-12-30 19:00:00,1992,Q4,-24900000.0,0.0,-24900000.0,1.0,0,500000.0,0.0,500000.0,28900000.0,29400000.0,29400000.0,0.0,0.0,4100000.0,-50200000.0,2.016064257,-54300000.0,2.1807228916,54300000.0,0.0,0.0,-55100000.0,800000.0,-0.0321285141,0.023,0.023,35285000,35285000,,,-0.7056823012611592,0.0226725237352982,0.1445373388125265,-1.802465636956213,0.0,5.931699022247414,5.931699022247414,5.602947428085589,5.132492560578149,445649550.0,626749550.0,139.26548437500003,-17.897572289156628,87.38226470588236,-7.007068396226416,2.254170713201821,2.254170713201821,-25.17066465863454,-12.485050796812748,122.89206862745098,-9.854552672955975,0.0017951325206095,-0.1427130353884571,0.9160343955488112,0.4638831967213114,-3.6075697211155378,0.0,0.0,5.1,0.013014710774419,7.25,-0.0200803212851405,0.0,0.0,13.470588235294118,-2.759036144578314,16.75609756097561,0.0,1.6906334810937669,,0.0020491803278688,-5.132492560578149,0.0,209300000.0,-181100000.0,382300000.0,0.0,0.0,0.0,0.0,0.0,0.0,0.0,0.0,0.0,0.0040465351542741,1.94700297576874,1993-04-20,0.2,bmo,11137499.0,2025-04-25,1992-12-31,-0.65,11.53796875,43725.0
1992-09-30,UDR,USD,74208,1992-09-30,1992-09-29 20:00:00,1992,Q3,16500000.0,0.0,16500000.0,1.0,0,500000.0,0.0,500000.0,-11600000.0,-11100000.0,-11100000.0,0.0,0.0,4100000.0,31700000.0,1.9212121212,27600000.0,1.6727272727,0.0,0.0,0.0,25700000.0,1900000.0,0.1151515152,0.06,0.06,31666667,31666667,,,0.5210526260941829,0.059999999368421,0.2210526292520775,0.0536842099612188,0.0,6.397894669495845,6.397894669495845,6.397894669495845,4.383157848598338,378100003.98,516900003.98,49.75000052368421,22.915151756363635,54.01428628285714,222.4117670470588,1.8662389140177689,1.8662389140177689,31.327272968484845,16.305993816403785,73.84285771142856,304.05882587058824,0.0050251255752446,0.0044961649883767,0.6850937808489634,0.3909859154929577,4.378548895899054,0.0,0.0,3.684210526315789,0.0138190954773869,2.750000028947369,0.0303030303030303,0.0,0.0,0.7571428571428571,0.3212121212121212,1.2926829268292683,0.0,2.9389041687169626,,0.0053521126760563,-4.812631528288089,-75900000.0,202600000.0,-152400000.0,247400000.0,0.0,0.0,0.0,0.0,0.0,0.0,0.0,0.0,0.0,0.0093780848963474,0.1673684192908587,1992-09-29,,amc,,2025-04-25,1992-09-30,,11.0471875,42984.375
1992-06-30,UDR,USD,74208,1992-06-30,1992-06-29 20:00:00,1992,Q2,15700000.0,0.0,15700000.0,1.0,0,600000.0,0.0,600000.0,-11000000.0,-10400000.0,-10400000.0,0.0,0.0,4000000.0,30100000.0,1.9171974522,26100000.0,1.6624203822,0.0,0.0,0.0,24300000.0,1800000.0,0.1146496815,0.05,0.05,36000000,36000000,,,0.4361111111111111,0.05,0.1722222222222222,0.0444444444444444,0.0,5.733333333333333,5.733333333333333,5.733333333333333,3.861111111111111,380160000.0,519160000.0,52.8,24.214012738853505,61.31612903225807,237.6,1.841860465116279,1.841860465116279,33.06751592356688,17.24784053156146,83.73548387096774,324.475,0.0047348484848484,0.0042087542087542,0.6734496124031008,0.3884851872554499,4.617940199335548,0.0,0.0,3.647058823529412,0.015625,3.3,0.0382165605095541,0.0,0.0,0.7419354838709677,0.2929936305732484,1.15,0.0,2.539685019840059,,0.0050307434320849,-4.205555555555556,-75900000.0,206400000.0,-151400000.0,237600000.0,0.0,0.0,0.0,0.0,0.0,0.0,0.0,0.0,0.0,0.0087209302325581,0.1277777777777777,1992-06-29,,amc,,2025-04-25,1992-06-30,,10.364920634920637,40758.73015873016
1992-03-31,UDR,USD,74208,1992-03-31,1992-03-30 19:00:00,1992,Q1,5500000.0,0.0,5500000.0,1.0,0,500000.0,0.0,500000.0,-600000.0,-100000.0,-100000.0,0.0,0.0,3800000.0,9400000.0,1.7090909091,5600000.0,1.0181818182,0.0,0.0,0.0,3600000.0,2000000.0,0.3636363636,0.06,0.06,33333333,33333333,,,0.16500000165,0.0600000006,0.20400000204,0.10500000105,0.0,6.6660000666600006,6.6660000666600006,6.306000063060001,4.08600004086,337666663.29,473866663.29,42.20833291125,61.393938780000006,49.65686224852941,96.47618951142856,1.6064065808277832,1.6064065808277832,86.15757514363636,50.41134715851064,69.68627401323529,135.39047522571428,0.0059230010463968,0.0103652518311944,0.647954329210276,0.3800223214285714,14.48936170212766,0.0,0.0,3.4,0.0127344522497532,2.15,0.0909090909090909,0.0,0.0,0.4852941176470588,0.6,0.868421052631579,0.0,2.9177217431177365,,0.0055803571428571,-4.08600004086,0.0,222200000.0,-136200000.0,304400000.0,0.0,0.0,0.0,0.0,0.0,0.0,0.0,0.0,0.0,0.0095147478591817,0.09900000099,1992-03-30,,amc,,2025-04-25,1992-03-31,,10.52873015873016,76911.11111111111
1991-12-31,UDR,USD,74208,1991-12-31,1991-12-30 19:00:00,1991,Q4,14200000.0,0.0,14200000.0,1.0,0,500000.0,0.0,500000.0,-6300000.0,-5800000.0,-5800000.0,0.0,0.0,3600000.0,23600000.0,1.661971831,20000000.0,1.4084507042,0.0,0.0,0.0,19000000.0,1000000.0,0.0704225352,0.03,0.03,33333333,33333333,,,0.42600000426,0.0300000003,0.09900000099,-0.5610000056100001,0.0,4.08600004086,4.08600004086,4.08600004086,5.05200005052,343666663.23,512066663.23,85.91666580750001,24.20187769225352,104.1414131,-18.377896429411766,2.523250097136564,2.523250097136564,36.06103262183099,21.697739967372883,155.17171613030305,-27.383244022994653,0.0029097963433559,-0.0544131916207565,1.236417033773862,0.5354531001589825,7.135593220338983,0.0,0.0,3.3,0.0116391853734238,4.0,0.0352112676056338,0.0,0.0,6.666666666666667,1.5492957746478873,6.111111111111111,0.0,1.660737804459512,,0.0031796502384737,-5.34900005349,-95000000.0,136200000.0,-178300000.0,210400000.0,0.0,0.0,0.0,0.0,0.0,0.0,0.0,0.0,0.0,0.0073421439060205,0.6600000066,1991-12-30,,amc,,2025-04-25,1991-12-31,,9.46265625,32853.125
1991-09-30,UDR,USD,74208,1991-09-30,1991-09-29 20:00:00,1991,Q3,13000000.0,0.0,13000000.0,1.0,0,500000.0,0.0,500000.0,-9300000.0,-8800000.0,-8800000.0,0.0,0.0,3400000.0,25200000.0,1.9384615385,21800000.0,1.6769230769,0.0,0.0,0.0,21000000.0,800000.0,0.0615384615,0.03,0.03,26666667,26666667,,,0.4874999939062501,0.029999999625,0.168749997890625,-0.7612499904843751,0.0,4.724999940937501,4.724999940937501,4.724999940937501,5.958749925515626,254933336.52,413833336.52,79.6666676625,19.610256655384617,56.65185256,-12.558292439408868,2.0232804485714286,2.0232804485714286,31.83333357846153,16.4219577984127,91.96296367111113,-20.38587864630541,0.0031380752745815,-0.0796286600925078,1.261111111111111,0.5382791327913279,6.305555555555555,0.0,0.0,5.625,0.0152981169635852,4.875,0.0384615384615384,0.0,0.0,5.511111111111111,1.907692307692308,7.294117647058823,0.0,1.7858821126450724,,0.002710027100271,-6.344999920687501,-77500000.0,126000000.0,-169200000.0,209000000.0,0.0,0.0,0.0,0.0,0.0,0.0,0.0,0.0,0.0,0.0063492063492063,0.9299999883750002,1991-09-29,,amc,,2025-04-25,1991-09-30,,8.90921875,20165.625
1991-06-30,UDR,USD,74208,1991-06-30,1991-06-29 20:00:00,1991,Q2,12300000.0,0.0,12300000.0,1.0,0,400000.0,0.0,400000.0,-8700000.0,-8300000.0,-8300000.0,0.0,0.0,3100000.0,23700000.0,1.9268292683,20600000.0,1.674796748,0.0,0.0,0.0,19800000.0,800000.0,0.0650406504,0.04,0.04,20000000,20000000,,,0.615,0.04,0.235,-0.44,0.0,6.445,6.445,6.445,6.71,177600000.00000003,311800000.0,55.50000000000001,14.439024390243905,37.7872340425532,-20.181818181818183,1.3778122575640033,1.3778122575640033,25.34959349593496,13.156118143459915,66.34042553191489,-35.43181818181818,0.0045045045045045,-0.0495495495495495,1.0411171450737005,0.4921158782544921,5.662447257383966,0.0,0.0,5.222222222222222,0.0202702702702702,4.5,0.032520325203252,0.0,0.0,2.872340425531915,1.0975609756097562,4.354838709677419,0.0,2.4084227203711563,,0.0029336266960029,-7.19,-51100000.0,128900000.0,-143800000.0,213800000.0,0.0,0.0,0.0,0.0,0.0,0.0,0.0,0.0,0.0,0.0062063615205585,0.675,1991-06-29,,amc,,2025-04-25,1991-06-30,,8.84046875,27165.625
1991-03-31,UDR,USD,74208,1991-03-31,1991-03-30 19:00:00,1991,Q1,11900000.0,0.0,11900000.0,1.0,0,500000.0,0.0,500000.0,-8100000.0,-7600000.0,-7600000.0,0.0,0.0,3000000.0,22500000.0,1.8907563025,19500000.0,1.6386554622,0.0,0.0,0.0,18600000.0,900000.0,0.0756302521,0.04,0.04,22500000,22500000,,,0.5288888888888889,0.04,0.1822222222222222,-0.1288888888888889,0.0,5.16,5.16,5.16,6.133333333333334,191250000.0,329250000.0,53.125,16.071428571428573,46.64634146341463,-65.94827586206897,1.6472868217054264,1.6472868217054264,27.66806722689076,14.633333333333333,80.3048780487805,-113.53448275862068,0.0047058823529411,-0.0151633986928104,1.1886304909560723,0.525314046440807,6.133333333333334,0.0,0.0,4.555555555555555,0.0188235294117647,4.0,0.042016806722689,0.0,0.0,1.7073170731707317,0.5882352941176471,2.333333333333333,0.0,2.1549941995281565,,0.00342596117244,-6.515555555555555,-54100000.0,116100000.0,-146600000.0,200400000.0,0.0,0.0,0.0,0.0,0.0,0.0,0.0,0.0,0.0,0.0077519379844961,0.3111111111111111,1991-03-30,,amc,,2025-04-25,1991-03-31,,7.679836065573771,34432.7868852459
1990-12-31,UDR,USD,74208,1990-12-31,1990-12-30 19:00:00,1990,Q4,11500000.0,0.0,11500000.0,1.0,0,400000.0,0.0,400000.0,-5000000.0,-4600000.0,-4600000.0,0.0,0.0,2800000.0,18900000.0,1.6434782609,16100000.0,1.4,0.0,0.0,0.0,15000000.0,1100000.0,0.0956521739,0.049,0.049,22083333,22500000,,,0.5207547248415808,0.0498113215065859,0.1403773606094696,-0.2083018899366323,0.0,5.352452910980421,5.352452910980421,5.352452910980421,6.009056694476327,164299997.52,296999997.52,37.34090852727273,14.286956306086957,52.999999200000005,-35.717390765217395,1.3900168994923858,1.3900168994923858,25.826086740869563,15.714285583068785,95.80645081290322,-64.5652168521739,0.0066950700949712,-0.0279975658516978,1.122673434856176,0.5113680154142581,7.021164021164021,0.0,0.0,2.8181818181818183,0.0219111384926331,3.272727272727273,0.0347826086956521,0.0,0.0,2.4838709677419355,0.6695652173913044,2.75,0.0,2.449242115011994,,0.0042389210019267,-6.398490662618727,-48000000.0,118200000.0,-141300000.0,203000000.0,0.0,0.0,0.0,0.0,0.0,0.0,0.0,0.0,0.0,0.0093062605752961,0.3486792505461019,1990-12-30,,amc,,2025-04-25,1990-12-31,,6.9203125,28818.75
1990-09-30,UDR,USD,74208,1990-09-30,1990-09-29 20:00:00,1990,Q3,11700000.0,0.0,11700000.0,1.0,0,400000.0,0.0,400000.0,-7900000.0,-7500000.0,-7500000.0,0.0,0.0,2700000.0,21900000.0,1.8717948718,19200000.0,1.641025641,400000.0,19600000.0,1.6752136752,17800000.0,1400000.0,0.1196581197,0.06,0.06,23333333,23333333,,,0.5014285785918369,0.0600000008571428,0.1542857164897959,-0.3557142907959184,0.0,5.198571502836736,5.198571502836736,5.198571502836736,5.164285788061226,158899997.73,279399997.73,28.37499959464285,13.581196387179489,44.13888825833333,-19.14457803975904,1.3099752492168175,1.3099752492168175,23.880341686324787,12.75799076392694,77.61111048055557,-33.66265032891567,0.0088105728130899,-0.0522341102490335,0.9934047815333884,0.4800796812749004,5.502283105022831,0.0,0.0,2.769230769230769,0.0226557586622314,2.571428571428572,0.0341880341880341,0.0,0.0,3.305555555555556,1.017094017094017,4.407407407407407,0.0,2.6491643265542737,0.007232425373759,0.0055776892430278,-5.558571507979593,-36400000.0,121300000.0,-129700000.0,207400000.0,0.0,0.0,0.0,0.0,0.0,0.0,0.0,0.0,0.0,0.0115416323165704,0.5100000072857144,1990-09-29,,amc,,2025-04-25,1990-09-30,,7.388095238095238,35558.730158730155
1990-06-30,UDR,USD,74208,1990-06-30,1990-06-29 20:00:00,1990,Q2,10900000.0,0.0,10900000.0,1.0,0,600000.0,0.0,600000.0,-7500000.0,-6900000.0,-6900000.0,0.0,0.0,2600000.0,20400000.0,1.871559633,17800000.0,1.6330275229,-17800000.0,0.0,0.0,16600000.0,1200000.0,0.1100917431,0.05,0.05,24000000,24000000,,,0.4541666666666666,0.05,0.1916666666666666,-0.1625,0.0,5.141666666666667,5.141666666666667,5.141666666666667,4.679166666666666,195120000.00000003,307420000.0,40.65,17.900917431192664,42.41739130434783,-50.03076923076924,1.581199351701783,1.581199351701783,28.20366972477064,15.069607843137256,66.83043478260869,-78.82564102564102,0.006150061500615,-0.0199876998769987,0.9100486223662884,0.4610016420361248,5.504901960784314,0.0,0.0,3.5384615384615383,0.018450184501845,3.0,0.055045871559633,0.0,0.0,1.8478260869565213,0.7798165137614679,3.269230769230769,0.0,2.4050727639720173,,0.0049261083743842,-5.008333333333334,-26800000.0,123400000.0,-120200000.0,208400000.0,0.0,0.0,0.0,0.0,0.0,0.0,0.0,0.0,0.0,0.0097244732576985,0.3541666666666667,1990-06-29,,amc,,2025-04-25,1990-06-30,,7.83063492063492,32450.79365079365
1990-03-31,UDR,USD,74208,1990-03-31,1990-03-30 19:00:00,1990,Q1,10500000.0,0.0,10500000.0,1.0,0,400000.0,0.0,400000.0,-7100000.0,-6700000.0,-6700000.0,0.0,0.0,2500000.0,19700000.0,1.8761904762,17200000.0,1.6380952381,0.0,0.0,0.0,15900000.0,1300000.0,0.1238095238,0.06,0.06,21666667,21666667,,,0.4846153771597634,0.059999999076923,0.1938461508639053,-0.2076923044970414,0.0,5.806153756828404,5.806153756828404,5.806153756828404,4.758461465254439,173333336.0,276433336.0,33.33333384615385,16.507936761904762,41.269841904761904,-38.51851911111111,1.3778484578696344,1.3778484578696344,26.326984380952386,14.032149035532996,65.81746095238096,-61.42963022222222,0.0074999998846153,-0.0259615380621301,0.8195548489666137,0.4359408033826638,5.233502538071066,0.0,0.0,3.230769230769231,0.0207692304497041,2.769230769230769,0.0380952380952381,0.0,0.0,2.071428571428572,0.8285714285714286,3.48,0.0,2.799697742815999,,0.0054968287526427,-5.1092306906272205,-20300000.0,125800000.0,-110700000.0,204100000.0,0.0,0.0,0.0,0.0,0.0,0.0,0.0,0.0,0.0,0.0103338632750397,0.4015384553609468,1990-03-30,,amc,,2025-04-25,1990-03-31,,8.363174603174603,31730.15873015873
1989-12-31,UDR,USD,74208,1989-12-31,1989-12-30 19:00:00,1989,Q4,10400000.0,0.0,10400000.0,1.0,0,400000.0,0.0,400000.0,-4200000.0,-3800000.0,-3800000.0,0.0,0.0,2500000.0,16700000.0,1.6057692308,14200000.0,1.3653846154,0.0,0.0,0.0,12500000.0,1700000.0,0.1634615385,0.078,0.078,21666667,21666667,,,0.4799999926153847,0.0784615372544378,0.1846153817751479,0.1846153817751479,0.0,5.898461447715977,5.898461447715977,5.898461447715977,4.4630768544142025,195000003.0,291700003.0,28.676471029411765,18.75000028846154,48.75000075,48.75000075,1.52582161971831,1.52582161971831,28.048077211538462,17.46706604790419,72.92500075,72.92500075,0.0087179485838264,0.0205128201972386,0.7566510172143975,0.4177105831533477,5.790419161676646,0.0,0.0,2.3529411764705883,0.0184615381775147,2.117647058823529,0.0384615384615384,0.0,0.0,0.0,0.0,0.0,0.0,3.226926236224844,,0.0073434125269978,-4.786153772520711,-20500000.0,127800000.0,-103700000.0,197600000.0,0.0,0.0,0.0,0.0,0.0,0.0,0.0,0.0,0.0,0.0133020344287949,0.0,1989-12-30,,amc,,2025-04-25,1989-12-31,,,
1989-09-30,UDR,USD,74208,1989-09-30,1989-09-29 20:00:00,1989,Q3,9600000.0,0.0,9600000.0,1.0,0,300000.0,0.0,300000.0,-6300000.0,-6000000.0,-6000000.0,0.0,0.0,2200000.0,17800000.0,1.8541666667,15600000.0,1.625,-15600000.0,0.0,0.0,14800000.0,800000.0,0.0833333333,0.04,0.04,20000000,20000000,,,0.48,0.04,0.11,0.11,0.0,6.765,6.765,6.385,5.0,187600000.00000003,287600000.0,58.62500000000001,19.54166666666667,85.27272727272728,85.27272727272728,1.4690681284259983,1.4690681284259983,29.95833333333333,16.15730337078652,130.72727272727272,130.72727272727272,0.0042643923240938,0.0117270788912579,0.7830853563038371,0.4249893752656183,5.617977528089888,0.0,0.0,2.4444444444444446,0.0133262260127931,3.125,0.03125,0.0,0.0,0.0,0.0,0.0,0.0,2.3971858501167573,,0.0033999150021249,-5.0,0.0,135300000.0,-100000000.0,206400000.0,0.0,0.0,0.0,0.0,0.0,0.0,0.0,0.0,0.0,0.0062646828504306,0.0,1989-09-29,,amc,,2025-04-25,1989-09-30,,,
1989-06-30,UDR,USD,74208,1989-06-30,1989-06-29 20:00:00,1989,Q2,10000000.0,0.0,10000000.0,1.0,0,400000.0,0.0,400000.0,-6000000.0,-5600000.0,-5600000.0,0.0,0.0,-100000.0,15500000.0,1.55,15600000.0,1.56,100000.0,15700000.0,1.57,14400000.0,1300000.0,0.13,0.08,0.08,16250000,16250000,,,0.6153846153846154,0.08,,,0.0,5.230769230769231,5.230769230769231,4.806153846153846,7.556923076923077,145275000.0,268075000.0,27.9375,14.5275,0.0,0.0,1.8601152368758005,1.8601152368758005,26.8075,17.295161290322582,0.0,0.0,0.0089485458612975,,1.5723431498079383,0.5909528392685275,7.922580645161291,0.0,0.0,0.0,0.0167785234899328,1.875,0.04,0.0,0.0,0.0,,0.0,,2.941271310688105,0.0064264663941439,0.0062560153994225,-7.556923076923077,0.0,85000000.0,-122800000.0,201000000.0,,,,0.0,0.0,0.0,0.0,0.0,0.0,0.0166453265044814,,1989-06-29,,amc,,2025-04-25,1989-06-30,,,
1989-03-31,UDR,USD,74208,1989-03-31,1989-03-30 19:00:00,1989,Q1,10100000.0,0.0,10100000.0,1.0,0,0.0,0.0,0.0,0.0,0.0,0.0,0.0,0.0,0.0,10100000.0,1.0,10100000.0,1.0,-10100000.0,0.0,0.0,-1800000.0,1800000.0,0.1782178218,0.11,0.11,16363636,16363636,,,0.6172222359382719,0.1100000024444445,,,,,,,,143181815.0,,19.88636319444445,14.176417326732674,0.0,0.0,0.0,0.0,,,0.0,0.0,0.0125714288507936,,0.0,0.0,,0.0,0.0,0.0,0.0165714285714285,1.3181817888888887,0.0,0.0,0.0,0.0,,0.0,,,0.0,0.0,,,,,,,,,,0.0,0.0,0.0,0.0,0.0,0.0,,1989-03-30,,amc,,2025-04-25,1989-03-31,,,
1988-12-31,UDR,USD,74208,1988-12-31,1988-12-30 19:00:00,1988,Q4,8800000.0,0.0,8800000.0,1.0,0,0.0,0.0,0.0,21000000.0,21000000.0,21000000.0,0.0,0.0,0.0,29800000.0,3.3863636364,29800000.0,3.3863636364,-29800000.0,0.0,0.0,-600000.0,600000.0,0.0681818182,0.037,0.037,16363636,16363636,,,0.5377777897283953,0.0366666674814815,,,0.0,7.247777938839509,7.247777938839509,4.882777886283953,4.48555565523457,148254542.16,221654542.16,61.772725900000005,16.847107063636365,0.0,0.0,1.8555011534418024,1.8555011534418024,25.18801615454545,7.438071884563758,0.0,0.0,0.0040470935410023,,0.918648310387985,0.3822916666666666,2.4630872483221475,0.0,0.0,0.0,0.0160044150110375,3.9545453666666655,0.0,0.0,0.0,0.0,,0.0,,2.007060498764763,0.0,0.003125,-4.48555565523457,0.0,118600000.0,-73400000.0,0.0,,,,0.0,0.0,0.0,0.0,0.0,0.0,0.0075093867334167,,1988-12-30,,amc,,2025-04-25,1988-12-31,,,
1988-09-30,UDR,USD,74208,1988-09-30,1988-09-29 20:00:00,1988,Q3,8400000.0,0.0,8400000.0,1.0,0,0.0,0.0,0.0,0.0,0.0,0.0,0.0,0.0,0.0,8400000.0,1.0,8400000.0,1.0,-8400000.0,0.0,0.0,-600000.0,600000.0,0.0714285714,0.04,0.04,15000000,15000000,,,0.56,0.04,,,,,,,,135000000.0,,56.25,16.071428571428573,0.0,0.0,0.0,0.0,,,0.0,0.0,0.0044444444444444,,0.0,0.0,,0.0,0.0,0.0,0.015,3.3750000000000004,0.0,0.0,0.0,0.0,,0.0,,,0.0,0.0,,,,,,,,,,0.0,0.0,0.0,0.0,0.0,0.0,,1988-09-29,,amc,,2025-04-25,1988-09-30,,,
1988-06-30,UDR,USD,74208,1988-06-30,1988-06-29 20:00:00,1988,Q2,5000000.0,0.0,5000000.0,1.0,0,0.0,0.0,0.0,0.0,0.0,0.0,0.0,0.0,0.0,5000000.0,1.0,5000000.0,1.0,-5000000.0,0.0,0.0,-500000.0,500000.0,0.1,0.04,0.04,12500000,12500000,,,0.4,0.04,,,,,,,,109375000.0,,54.6875,21.875,0.0,0.0,0.0,0.0,,,0.0,0.0,0.0045714285714285,,0.0,0.0,,0.0,0.0,0.0,0.0154285714285714,3.375,0.0,0.0,0.0,0.0,,0.0,,,0.0,0.0,,,,,,,,,,0.0,0.0,0.0,0.0,0.0,0.0,,1988-06-29,,amc,,2025-04-25,1988-06-30,,,
1988-03-31,UDR,USD,74208,1988-03-31,1988-03-30 19:00:00,1988,Q1,4500000.0,0.0,4500000.0,1.0,0,0.0,0.0,0.0,0.0,0.0,0.0,0.0,0.0,0.0,4500000.0,1.0,4500000.0,1.0,-4500000.0,0.0,0.0,-100000.0,100000.0,0.0222222222,0.01,0.01,16536000,16536000,,,0.2721335268505079,0.006047411707789,,,,,,,,148824000.0,,372.06,33.072,0.0,0.0,0.0,0.0,,,0.0,0.0,0.0006719346341987,,0.0,0.0,,0.0,0.0,0.0,0.0144444444444444,21.4968,0.0,0.0,0.0,0.0,,0.0,,,0.0,0.0,,,,,,,,,,0.0,0.0,0.0,0.0,0.0,0.0,,1988-03-30,,amc,,2025-04-25,1988-03-31,,,
1987-12-31,UDR,USD,74208,1987-12-31,1987-12-30 19:00:00,1987,Q4,6700000.0,0.0,6700000.0,1.0,0,0.0,0.0,0.0,16700000.0,16700000.0,16700000.0,0.0,0.0,0.0,23400000.0,3.4925373134,23400000.0,3.4925373134,-23400000.0,0.0,0.0,-400000.0,400000.0,0.0597014925,0.024,0.024,16536000,16536000,,,0.4051765844218674,0.0241896468311562,,,0.0,5.400338655055636,5.400338655055636,3.072085147556846,4.354136429608127,141548160.0,213548160.0,88.4676,21.12659104477612,0.0,0.0,2.786381102362205,2.786381102362205,31.872859701492537,9.125989743589743,0.0,0.0,0.0028258933213967,,1.4173228346456692,0.4463732176069436,3.076923076923077,0.0,0.0,0.0,0.0151869158878504,5.3742,0.0,0.0,0.0,0.0,,0.0,,1.2930718201165066,0.0,0.0024798512089274,-4.354136429608127,0.0,89300000.0,-72000000.0,0.0,,,,0.0,0.0,0.0,0.0,0.0,0.0,0.0078740157480314,,1987-12-30,,amc,,2025-04-25,1987-12-31,,,
1987-09-30,UDR,USD,74208,1987-09-30,1987-09-29 20:00:00,1987,Q3,6400000.0,0.0,6400000.0,1.0,0,0.0,0.0,0.0,0.0,0.0,0.0,0.0,0.0,0.0,6400000.0,1.0,6400000.0,1.0,-6400000.0,0.0,0.0,-200000.0,200000.0,0.03125,0.02,0.02,10000000,10000000,,,0.64,0.02,,,,,,,,92500000.0,,115.625,14.453125,0.0,0.0,0.0,0.0,,,0.0,0.0,0.0021621621621621,,0.0,0.0,,0.0,0.0,0.0,0.027027027027027,12.5,0.0,0.0,0.0,0.0,,0.0,,,0.0,0.0,,,,,,,,,,0.0,0.0,0.0,0.0,0.0,0.0,,1987-09-29,,amc,,2025-04-25,1987-09-30,,,
1987-06-30,UDR,USD,74208,1987-06-30,1987-06-29 20:00:00,1987,Q2,6300000.0,0.0,6300000.0,1.0,0,0.0,0.0,0.0,0.0,0.0,0.0,0.0,0.0,0.0,6300000.0,1.0,6300000.0,1.0,-6300000.0,0.0,0.0,-200000.0,200000.0,0.0317460317,0.02,0.02,10000000,10000000,,,0.63,0.02,,,,,,,,88800000.00000001,,111.0,14.095238095238098,0.0,0.0,0.0,0.0,,,0.0,0.0,0.0022522522522522,,0.0,0.0,,0.0,0.0,0.0,0.0281531531531531,12.5,0.0,0.0,0.0,0.0,,0.0,,,0.0,0.0,,,,,,,,,,0.0,0.0,0.0,0.0,0.0,0.0,,1987-06-29,,amc,,2025-04-25,1987-06-30,,,
1987-03-31,UDR,USD,74208,1987-03-31,1987-03-30 19:00:00,1987,Q1,6100000.0,0.0,6100000.0,1.0,0,0.0,0.0,0.0,0.0,0.0,0.0,0.0,0.0,0.0,6100000.0,1.0,6100000.0,1.0,-6100000.0,0.0,0.0,-200000.0,200000.0,0.0327868852,0.02,0.02,10000000,10000000,,,0.61,0.02,,,,,,,,90000000.0,,112.5,14.754098360655735,0.0,0.0,0.0,0.0,,,0.0,0.0,0.0022222222222222,,0.0,0.0,,0.0,0.0,0.0,0.0266666666666666,12.0,0.0,0.0,0.0,0.0,,0.0,,,0.0,0.0,,,,,,,,,,0.0,0.0,0.0,0.0,0.0,0.0,,1987-03-30,,amc,,2025-04-25,1987-03-31,,,
1986-12-31,UDR,USD,74208,1986-12-31,1986-12-30 19:00:00,1986,Q4,7400000.0,0.0,7400000.0,1.0,0,0.0,0.0,0.0,14500000.0,14500000.0,14500000.0,0.0,0.0,0.0,21900000.0,2.9594594595,21900000.0,2.9594594595,-21900000.0,0.0,0.0,-1300000.0,1300000.0,0.1756756757,0.13,0.13,10000000,10000000,,,0.74,0.13,,,0.0,6.2,6.2,5.58,8.48,84400000.0,169200000.0,16.23076923076923,11.405405405405403,0.0,0.0,1.5125448028673834,1.5125448028673834,22.864864864864863,7.726027397260274,0.0,0.0,0.0154028436018957,,1.5197132616487454,0.5776566757493188,3.872146118721461,0.0,0.0,0.0,0.0284360189573459,1.8461538461538465,0.0,0.0,0.0,0.0,,0.0,,4.03998762374342,0.0,0.0088555858310626,-8.48,0.0,62000000.0,-84800000.0,0.0,,,,0.0,0.0,0.0,0.0,0.0,0.0,0.0232974910394265,,1986-12-30,,amc,,2025-04-25,1986-12-31,,,
1986-09-30,UDR,USD,74208,1986-09-30,1986-09-29 20:00:00,1986,Q3,5600000.0,0.0,5600000.0,1.0,0,0.0,0.0,0.0,0.0,0.0,0.0,0.0,0.0,0.0,5600000.0,1.0,5600000.0,1.0,-5600000.0,0.0,0.0,200000.0,-200000.0,-0.0357142857,-0.0237,-0.0237,8426000,8426000,,,0.6646095418941372,-0.0237360550676477,,,,,,,,64290380.0,,-80.36297499999999,11.480425,0.0,0.0,0.0,0.0,,,0.0,0.0,-0.0031108853299669,,0.0,0.0,,0.0,0.0,0.0,0.0314547837483617,-10.1112,0.0,0.0,0.0,0.0,,0.0,,,0.0,0.0,,,,,,,,,,0.0,0.0,0.0,0.0,0.0,0.0,,1986-09-29,,amc,,2025-04-25,1986-09-30,,,
1986-06-30,UDR,USD,74208,1986-06-30,1986-06-29 20:00:00,1986,Q2,5500000.0,0.0,5500000.0,1.0,0,0.0,0.0,0.0,0.0,0.0,0.0,0.0,0.0,0.0,5500000.0,1.0,5500000.0,1.0,-5500000.0,0.0,0.0,200000.0,-200000.0,-0.0363636364,-0.0237,-0.0237,8426000,8426000,,,0.6527415143603134,-0.0237360550676477,,,,,,,,58982000.0,,-73.72749999999999,10.724,0.0,0.0,0.0,0.0,,,0.0,0.0,-0.0033908650096639,,0.0,0.0,,0.0,0.0,0.0,0.0342857142857142,-10.1112,0.0,0.0,0.0,0.0,,0.0,,,0.0,0.0,,,,,,,,,,0.0,0.0,0.0,0.0,0.0,0.0,,1986-06-29,,amc,,2025-04-25,1986-06-30,,,
1986-03-31,UDR,USD,74208,1986-03-31,1986-03-30 19:00:00,1986,Q1,5300000.0,0.0,5300000.0,1.0,0,0.0,0.0,0.0,0.0,0.0,0.0,0.0,0.0,0.0,5300000.0,1.0,5300000.0,1.0,-5300000.0,0.0,0.0,0.0,0.0,0.0,0.0,0.0,8418000,8418000,,,0.6296032311712996,0.0,,,,,,,,55222080.0,,0.0,10.41926037735849,0.0,0.0,0.0,0.0,,,0.0,0.0,0.0,,0.0,0.0,,0.0,0.0,0.0,0.0365853658536585,0.0,0.0,0.0,0.0,0.0,,0.0,,,0.0,0.0,,,,,,,,,,0.0,0.0,0.0,0.0,0.0,0.0,,1986-12-30,,amc,,2025-04-25,1986-03-31,,,
1985-12-31,UDR,USD,74208,1985-12-31,1985-12-30 19:00:00,1985,Q4,5400000.0,0.0,5400000.0,1.0,0,0.0,0.0,0.0,11500000.0,11500000.0,11500000.0,0.0,0.0,0.0,16900000.0,3.1296296296,16900000.0,3.1296296296,-16900000.0,0.0,0.0,-400000.0,400000.0,0.0740740741,0.048,0.048,8418000,8418000,,,0.6414825374198146,0.0475172249940603,,,0.0,12.853409360893323,12.853409360893323,4.122119268234735,2.73224043715847,56316420.0,79316420.0,35.1977625,10.428966666666666,0.0,0.0,1.6229515850144092,1.6229515850144092,14.688225925925924,4.693279289940828,0.0,0.0,0.0071027242143587,,0.6628242074927954,0.1753048780487804,1.3609467455621302,0.0,0.0,0.0,0.0358744394618834,5.0508,0.0,0.0,0.0,0.0,,0.0,,2.0993123984352304,0.0,0.0030487804878048,-2.73224043715847,0.0,108200000.0,-23000000.0,0.0,,,,0.0,0.0,0.0,0.0,0.0,0.0,0.0115273775216138,,1985-12-30,,amc,,2025-04-25,1985-12-31,,,
1985-09-30,UDR,USD,74208,1985-09-30,1985-09-29 20:00:00,1985,Q3,5000000.0,0.0,5000000.0,1.0,0,0.0,0.0,0.0,0.0,0.0,0.0,0.0,0.0,0.0,5000000.0,1.0,5000000.0,1.0,-5000000.0,0.0,0.0,-200000.0,200000.0,0.04,0.05,0.05,8571429,8571429,,,0.5833333041666682,0.0233333321666667,,,,,,,,56228574.24,,70.2857178,11.245714848,0.0,0.0,0.0,0.0,,,0.0,0.0,0.0035569103912601,,0.0,0.0,,0.0,0.0,0.0,0.0350609756097561,9.85714335,0.0,0.0,0.0,0.0,,0.0,,,0.0,0.0,,,,,,,,,,0.0,0.0,0.0,0.0,0.0,0.0,,1985-09-29,,amc,,2025-04-25,1985-09-30,,,
