date,symbol,reportedCurrency,cik,fillingDate,acceptedDate,calendarYear,period,revenue,costOfRevenue,grossProfit,grossProfitRatio,researchAndDevelopmentExpenses,generalAndAdministrativeExpenses,sellingAndMarketingExpenses,sellingGeneralAndAdministrativeExpenses,otherExpenses,operatingExpenses,costAndExpenses,interestIncome,interestExpense,depreciationAndAmortization,ebitda,ebitdaratio,operatingIncome,operatingIncomeRatio,totalOtherIncomeExpensesNet,incomeBeforeTax,incomeBeforeTaxRatio,incomeTaxExpense,netIncome,netIncomeRatio,eps,epsdiluted,weightedAverageShsOut,weightedAverageShsOutDil,link,finalLink,revenuePerShare,netIncomePerShare,operatingCashFlowPerShare,freeCashFlowPerShare,cashPerShare,bookValuePerShare,tangibleBookValuePerShare,shareholdersEquityPerShare,interestDebtPerShare,marketCap,enterpriseValue,peRatio,priceToSalesRatio,pocfratio,pfcfRatio,pbRatio,ptbRatio,evToSales,enterpriseValueOverEBITDA,evToOperatingCashFlow,evToFreeCashFlow,earningsYield,freeCashFlowYield,debtToEquity,debtToAssets,netDebtToEBITDA,currentRatio,interestCoverage,incomeQuality,dividendYield,payoutRatio,salesGeneralAndAdministrativeToRevenue,researchAndDdevelopementToRevenue,intangiblesToTotalAssets,capexToOperatingCashFlow,capexToRevenue,capexToDepreciation,stockBasedCompensationToRevenue,grahamNumber,roic,returnOnTangibleAssets,grahamNetNet,workingCapital,tangibleAssetValue,netCurrentAssetValue,investedCapital,averageReceivables,averagePayables,averageInventory,daysSalesOutstanding,daysPayablesOutstanding,daysOfInventoryOnHand,receivablesTurnover,payablesTurnover,inventoryTurnover,roe,capexPerShare,report_date,epsEstimated,time,revenueEstimated,updatedFromDate,fiscalDateEnding,surprise(%),QuarterAvgPrice,QuarterAvgVolume
2025-03-30,UPS,USD,1090727,2025-03-30,2025-03-30 18:00:00,2025,Q1,21546000000.0,16917000000.0,4629000000.0,0.2148426622,0,0.0,0.0,2963000000.0,0.0,2963000000.0,19880000000.0,42000000.0,222000000.0,912000000.0,2615000000.0,0.1213682354,1666000000.0,0.077322937,-143000000.0,1523000000.0,0.0706859742,336000000.0,1187000000.0,0.0550914323,1.4,1.4,850000000,850000000,,,25.348235294117647,1.396470588235294,2.727058823529412,1.6964705882352942,5.958823529411765,18.45176470588235,9.049411764705882,18.423529411764704,30.371764705882352,93491500000.0,114283500000.0,19.69071187868576,4.339158080386151,40.332830025884384,64.83460471567268,5.970083014048532,5.970083014048532,5.304163185742133,43.70305927342256,49.30263157894737,79.25346740638003,0.012696341378628,0.0154238620623265,1.6343550446998725,0.3738205824788946,7.951051625239006,1.091315453384419,7.504504504504505,1.9528222409435552,0.0144184230651984,1.1356360572872788,0.0,0.0,0.1167294715625273,0.3779119930974978,0.0406571985519353,0.9605263157894736,0.0009746588693957,24.05988635650404,0.0234445280222964,0.0196282700003307,-47.413823529411765,1430000000.0,7692000000.0,-35692000000.0,50687000000.0,10379000000.0,5878000000.0,413000000.0,41.299081035923145,29.01578294023763,0.0,2.1792252452715686,3.101760176017602,0.0,0.0757982120051085,1.0305882352941176,2025-04-29,1.38,bmo,21004531177.0,2025-05-11,2025-03-30,0.0797101449275363,119.57066666666668,6359223.15
2024-12-31,UPS,USD,1090727,2025-02-18,2025-02-18 16:24:23,2024,Q4,25301000000.0,20041000000.0,5260000000.0,0.2078969211,0,0.0,0.0,0.0,2334000000.0,2334000000.0,22375000000.0,0.0,229000000.0,919000000.0,3274000000.0,0.1294019999,2926000000.0,0.1156476029,-799000000.0,2127000000.0,0.0840678234,406000000.0,1721000000.0,0.0680210268,2.02,2.01,854000000,858000000,https://www.sec.gov/Archives/edgar/data/1090727/000109072725000019/0001090727-25-000019-index.htm,https://www.sec.gov/Archives/edgar/data/1090727/000109072725000019/ups-20241231.htm,29.626463700234197,2.0152224824355973,3.881733021077283,2.596018735362997,7.398126463700234,19.605386416861823,10.982435597189696,19.576112412177984,30.305620608899297,107689400000.0,127229400000.0,15.643434049970946,4.25632978933639,32.48549019607843,48.5743797925124,6.441524105754277,6.441524105754277,5.028631279396072,38.86053756872328,38.37990950226244,57.38809201623816,0.0159811457766502,0.0205869844200079,1.5343940662758704,0.3660910518053375,5.968234575442883,1.174502767471565,12.777292576419214,1.926205694363742,0.0125360527591387,0.7844276583381755,0.0,0.0,0.1050949050949051,0.3312217194570135,0.0433974941701909,1.1947769314472252,0.0017785858266471,29.793119871262583,0.0421261128316326,0.027445539501802,-45.01492974238876,2869000000.0,9379000000.0,-34017000000.0,51561000000.0,10033000000.0,5856000000.0,413000000.0,38.67001304296273,28.300982984880992,3.709395738735592,2.3273847852083525,3.180101555061885,24.26271186440678,0.1029429357578657,1.2857142857142858,2025-01-30,2.52,bmo,25408566955.0,2025-04-30,2024-12-31,0.0912698412698412,131.61015625,3975711.796875
2024-09-30,UPS,USD,1090727,2024-11-06,2024-11-06 17:13:45,2024,Q3,22245000000.0,18533000000.0,3712000000.0,0.1668689593,0,0.0,0.0,1727000000.0,0.0,1727000000.0,20260000000.0,0.0,230000000.0,905000000.0,3045000000.0,0.1368846932,1985000000.0,0.0892335356,-75000000.0,1910000000.0,0.0858619915,371000000.0,1539000000.0,0.0691840863,1.8,1.8,852900000,852900000,https://www.sec.gov/Archives/edgar/data/1090727/000109072724000064/0001090727-24-000064-index.htm,https://www.sec.gov/Archives/edgar/data/1090727/000109072724000064/ups-20240930.htm,26.08160393950053,1.8044319380935632,1.7563606518935395,0.7679681088052527,7.10517059444249,19.79599015124868,10.98018525032243,19.764333450580377,31.037636299683435,116284386000.0,136671386000.0,18.889601364522417,5.227439244774106,77.6264259012016,177.533413740458,6.898284748175832,6.898284748175832,6.143914857271297,44.88387060755337,91.2359052069426,208.65860458015268,0.0132347949104706,0.0056327424732672,1.556742006288189,0.3844249446991782,6.695238095238095,1.1447516742921555,8.630434782608695,0.9733593242365172,0.0115922700060522,0.875893437296946,0.0,0.0,0.1101475176889383,0.5627503337783711,0.0378961564396493,0.9314917127071825,-0.0010788941335131,28.327131456442235,0.0284667343675074,0.0253358356380877,-45.049536874193926,2183000000.0,9365000000.0,-34115000000.0,51220000000.0,9244500000.0,5354500000.0,0.0,37.20161834120027,26.27205525279232,0.0,2.419249592169657,3.4256931608133088,0.0,0.0912973838761345,0.9883925430882872,2024-10-24,1.63,bmo,22101287497.0,2025-04-25,2024-09-30,0.0797546012269939,131.29203125,4685254.859375
2024-06-30,UPS,USD,1090727,2024-08-07,2024-08-07 16:58:13,2024,Q2,21771000000.0,17995000000.0,3776000000.0,0.1734417344,0,0.0,0.0,1910000000.0,63000000.0,1847000000.0,19842000000.0,70000000.0,212000000.0,887000000.0,3018000000.0,0.1386247761,1929000000.0,0.0886041064,-75000000.0,1869000000.0,0.0858481466,460000000.0,1409000000.0,0.0647191218,1.65,1.64,856000000,857000000,https://www.sec.gov/Archives/edgar/data/1090727/000109072724000045/0001090727-24-000045-index.htm,https://www.sec.gov/Archives/edgar/data/1090727/000109072724000045/ups-20240630.htm,25.43341121495327,1.6460280373831775,2.328271028037383,1.2383177570093458,7.630841121495327,19.92172897196261,11.211448598130842,19.89485981308411,31.14602803738318,116373199999.99998,136503199999.99998,20.64819020581973,5.345330944834871,58.39096838936277,109.78603773584904,6.833423370522607,6.833423370522607,6.269955445317164,45.22968853545394,68.49131961866532,128.7766037735849,0.0121075986567354,0.009108626384769,1.553082795067528,0.3810106888703218,6.669980119284294,1.2477958236658933,9.099056603773583,1.4144783534421577,0.0116263882062193,0.9602555003548616,0.0,0.0,0.1074073007001066,0.4681384846964375,0.042855174314455,1.051860202931229,0.0013779798814937,27.144404279210963,0.0252002832374461,0.0227397437138891,-45.40011682242991,3738000000.0,9597000000.0,-33542000000.0,52411000000.0,9558500000.0,5348000000.0,449000000.0,38.42083505580818,26.50236176715754,0.0,2.342479018721756,3.395923759199849,0.0,0.0827363476218438,1.0899532710280373,2024-07-23,1.99,bmo,22166450989.0,2025-04-25,2024-06-30,-0.100502512562814,143.1742857142857,3720345.412698413
2024-03-31,UPS,USD,1090727,2024-05-03,2024-05-03 16:48:39,2024,Q1,21665000000.0,18094000000.0,3571000000.0,0.1648280637,0,0.0,0.0,1938000000.0,73000000.0,1865000000.0,19959000000.0,144000000.0,195000000.0,898000000.0,2712000000.0,0.1251788599,1706000000.0,0.0787445188,-77000000.0,1536000000.0,0.0708977614,423000000.0,1113000000.0,0.0513731826,1.3,1.3,856000000,857000000,https://www.sec.gov/Archives/edgar/data/1090727/000109072724000028/0001090727-24-000028-index.htm,https://www.sec.gov/Archives/edgar/data/1090727/000109072724000028/ups-20240331.htm,25.30957943925233,1.300233644859813,3.873831775700935,2.664719626168224,5.272196261682243,19.78154205607477,10.255841121495328,19.7535046728972,28.72897196261682,126362720000.0,146478720000.0,28.38336028751123,5.832574198015232,38.106972255729794,55.397948268303374,7.473104264001419,7.473104264001419,6.761076390491576,54.01132743362832,44.17331724969844,64.21688733011837,0.0088079775427436,0.0180512100404296,1.4428410905434976,0.360752942568167,7.4174041297935105,1.1007757212847034,8.748717948717948,2.9793351302785265,0.0106677032593157,1.211141060197664,0.0,0.0,0.1205713609747441,0.3121230398069964,0.0477729056081237,1.1525612472160356,-0.0012462497115162,24.039422955656,0.022280001329212,0.0187140599253455,-44.81980140186916,1481000000.0,8779000000.0,-34518000000.0,51026000000.0,10638000000.0,5868500000.0,916500000.0,40.80636972074775,26.84481043439814,4.466674035591909,2.205538023007228,3.35260329812859,20.14922048997773,0.065822934531906,1.2091121495327102,2024-04-23,1.29,bmo,21841568245.0,2025-04-25,2024-03-31,0.1085271317829456,152.0072131147541,4429227.540983606
2023-12-31,UPS,USD,1090727,2024-02-20,2024-02-20 16:18:27,2023,Q4,24917000000.0,20098000000.0,4819000000.0,0.193402095,0,0.0,0.0,2342000000.0,52732000000.0,2342000000.0,22440000000.0,86000000.0,207000000.0,867000000.0,3553000000.0,0.1425934101,2477000000.0,0.0994100413,-414000000.0,2063000000.0,0.082794879,458000000.0,1605000000.0,0.064413854,1.88,1.87,856000000,858000000,https://www.sec.gov/Archives/edgar/data/1090727/000109072724000008/0001090727-24-000008-index.htm,https://www.sec.gov/Archives/edgar/data/1090727/000109072724000008/ups-20231231.htm,29.108644859813083,1.875,2.816588785046729,0.4228971962616822,7.093457943925234,20.22663551401869,10.674065420560748,20.21728971962617,31.46728971962617,134588879999.99998,158111880000.0,20.964,5.40148814062688,55.82284529240979,371.79248618784527,7.77700681844447,7.77700681844447,6.345542400770558,44.500951308753166,65.5793778515139,436.7731491712708,0.0119252051135279,0.0026896724305901,1.5444932393389577,0.3772245508559493,6.620602307908809,1.0982688391038695,11.966183574879228,1.5021806853582556,0.0099413859451092,0.8336448598130841,0.0,0.0,0.1154014423416176,0.8498548320199087,0.0822330136051691,2.3633217993079585,0.0013645302403981,29.204741225471064,0.0332560648609811,0.025606253988513,-44.8758761682243,1737000000.0,9137000000.0,-34130000000.0,51167000000.0,10573500000.0,6156000000.0,467500000.0,41.368142232210936,28.39088466514081,4.186983779480546,2.175587182397625,3.170031545741325,21.4951871657754,0.0927424014792557,2.3936915887850465,2024-01-30,2.44,bmo,25448800000.0,2025-04-25,2023-12-31,0.0122950819672132,151.19492063492063,3632094.095238095
2023-09-30,UPS,USD,1090727,2023-11-01,2023-11-01 16:33:36,2023,Q3,21061000000.0,16640000000.0,4421000000.0,0.2099140592,0,0.0,0.0,1889000000.0,19718000000.0,3012000000.0,19652000000.0,128000000.0,199000000.0,837000000.0,2340000000.0,0.1111058354,1681000000.0,0.0798157732,-75000000.0,1268000000.0,0.0602060681,141000000.0,1127000000.0,0.0535112293,1.31,1.31,857000000,858000000,https://www.sec.gov/Archives/edgar/data/1090727/000109072723000054/0001090727-23-000054-index.htm,https://www.sec.gov/Archives/edgar/data/1090727/000109072723000054/ups-20230930.htm,24.575262543757297,1.3150525087514586,2.605600933488915,1.101516919486581,8.492415402567094,22.3803967327888,14.225204200700116,22.36639439906651,29.9171528588098,133580590000.0,154709590000.0,29.631896628216506,6.342556858648687,59.8211330049261,141.5048622881356,6.968937291318865,6.968937291318865,7.345785575233845,66.11520940170941,69.28329153605016,163.88727754237289,0.0084368544861195,0.0070668949732891,1.327212020033389,0.3619754983565971,9.02948717948718,1.217108174748688,8.447236180904522,1.9813664596273293,0.0100388836431999,1.1898846495119788,0.0,0.0,0.0994436618716296,0.5772503358710255,0.0612031717392336,1.5400238948626046,0.0009971036512986,25.725320580896213,0.0257443770334392,0.0178063578335334,-42.65169194865811,3434000000.0,12191000000.0,-31850000000.0,50598000000.0,9766500000.0,6028500000.0,0.0,41.42538341009449,32.30048076923077,0.0,2.1725809779244893,2.786336235766912,0.0,0.0587959098497495,1.5040840140023335,2023-10-26,1.52,bmo,21446000000.0,2025-04-25,2023-09-30,0.0328947368421052,172.60809523809522,3413367.761904762
2023-06-30,UPS,USD,1090727,2023-08-08,2023-08-08 16:40:13,2023,Q2,22055000000.0,19275000000.0,2780000000.0,0.1260485151,0,0.0,0.0,1817000000.0,66000000.0,1847000000.0,19275000000.0,132000000.0,191000000.0,828000000.0,3813000000.0,0.1728859669,2780000000.0,0.1260485151,-60000000.0,2720000000.0,0.1233280435,639000000.0,2081000000.0,0.0943550215,2.43,2.42,860000000,861000000,https://www.sec.gov/Archives/edgar/data/1090727/000109072723000038/0001090727-23-000038-index.htm,https://www.sec.gov/Archives/edgar/data/1090727/000109072723000038/ups-20230630.htm,25.6453488372093,2.4197674418604653,3.763953488372093,2.355813953488372,9.16627906976744,23.298837209302327,14.996511627906976,23.277906976744188,29.426744186046516,154155000000.0,174459000000.0,18.51934166266218,6.989571525731127,47.62279888785913,76.0883514313919,7.700434587142214,7.700434587142214,7.910179097710269,45.7537372147915,53.89527340129749,86.11006910167818,0.0134993999545911,0.0131426161979825,1.2546081222838303,0.3570301505394686,5.324940991345398,1.3236415633937082,14.55497382198953,1.5555021624219123,0.0087249845934286,0.6463238827486785,0.0,0.0,0.101496865537976,0.3741118319431572,0.0549081840852414,1.46256038647343,0.0017683065064611,35.6000032567709,0.0363554759886622,0.0329235685920863,-40.75319767441861,4753000000.0,12897000000.0,-30871000000.0,51613000000.0,10202500000.0,6193500000.0,0.0,40.15007934708683,28.412451361867703,0.0,2.241589592438256,3.1676253081347574,0.0,0.1039512463159998,1.408139534883721,2023-08-08,2.5,bmo,23101700000.0,2025-04-25,2023-06-30,0.016,177.5532258064516,3513259.9677419355
2023-03-31,UPS,USD,1090727,2023-05-03,2023-05-03 16:39:28,2023,Q1,22925000000.0,20384000000.0,2541000000.0,0.1108396947,0,0.0,0.0,1983000000.0,20384000000.0,20384000000.0,40768000000.0,165000000.0,188000000.0,834000000.0,3455000000.0,0.1507088332,2541000000.0,0.1108396947,-19000000.0,2522000000.0,0.1100109051,627000000.0,1895000000.0,0.0826608506,2.2,2.19,862000000,865000000,https://www.sec.gov/Archives/edgar/data/1090727/000109072723000025/0001090727-23-000025-index.htm,https://www.sec.gov/Archives/edgar/data/1090727/000109072723000025/ups-20230331.htm,26.595127610208817,2.1983758700696057,2.734338747099768,2.02784222737819,10.902552204176336,23.26334106728538,15.07308584686775,23.24593967517401,30.838747099767986,167219380000.0,187424380000.0,22.060604221635884,7.294193238822246,70.945854900297,95.66326086956522,8.345113284758959,8.345113284758959,8.175545474372955,54.24728798842258,79.51819261773441,107.22218535469108,0.0113324185270869,0.0104533338181256,1.3172472302625011,0.3656374239842635,5.848046309696093,1.3359365391710736,13.51595744680851,1.2437994722955146,0.0080612665828566,0.7113456464379947,0.0,0.0,0.0977988336173101,0.2583792957148918,0.0265648854961832,0.7302158273381295,0.0054961832061068,33.90906279046084,0.0324007054145287,0.0290961015830121,-40.3868909512761,5463000000.0,12993000000.0,-30411000000.0,51607000000.0,11728500000.0,6907000000.0,444500000.0,41.480479825518,27.82476452119309,0.0,2.1696952489116037,3.2345287210409395,0.0,0.0945703163988422,0.7064965197215777,2023-04-25,2.21,bmo,23005900000.0,2025-04-25,2023-03-31,-0.0045248868778279,183.43451612903223,3118173.35483871
2022-12-31,UPS,USD,1090727,2023-02-21,2023-02-21 06:16:30,2022,Q4,27033000000.0,23838000000.0,3195000000.0,0.1181888803,0,11616000000.0,0.0,-11616000000.0,35454000000.0,23838000000.0,47676000000.0,1031000000.0,182000000.0,888000000.0,3781000000.0,0.1398660896,4520000000.0,0.1672030481,1272000000.0,4467000000.0,0.1652424814,1014000000.0,3453000000.0,0.1277327711,3.98,3.96,867000000,871000000,https://www.sec.gov/Archives/edgar/data/1090727/000109072723000006/0001090727-23-000006-index.htm,https://www.sec.gov/Archives/edgar/data/1090727/000109072723000006/ups-20221231.htm,31.17993079584775,3.982698961937716,3.843137254901961,0.9700115340253748,8.760092272202998,22.84083044982699,14.745098039215684,22.821222606689737,27.33910034602076,150719280000.0,168638280000.0,10.912198088618592,5.5753812007546335,45.233877551020406,179.2143638525565,7.617470939047812,7.617470939047812,6.238237709466208,44.60150224808252,50.61172869147659,200.5211414982164,0.0229101412904838,0.0055799098827966,1.1887698372586677,0.330704122377819,4.73922242792912,1.2247519294377067,24.83516483516484,0.9649580075296844,0.0084395307620896,0.368375325803649,0.4296970369548329,0.0,0.0986868005174062,0.7475990396158463,0.0921466355935338,2.80518018018018,0.0265601302112233,45.22196745698695,0.0617669154592443,0.0538647531393807,-38.76960784313726,4077000000.0,12784000000.0,-29104000000.0,49570000000.0,12097000000.0,7121500000.0,444500000.0,42.91754522250582,28.36143971809716,3.356405738736471,2.097044449616011,3.17332268370607,26.81439820022497,0.1745173354897402,2.873125720876586,2023-01-31,3.59,bmo,28078988847.0,2025-04-25,2022-12-31,0.0083565459610028,173.10634920634922,3176983.587301587
2022-09-30,UPS,USD,1090727,2022-11-02,2022-11-02 16:43:56,2022,Q3,24161000000.0,21048000000.0,3113000000.0,0.1288440048,0,0.0,0.0,1978000000.0,1999000000.0,1999000000.0,21048000000.0,378000000.0,177000000.0,774000000.0,4220000000.0,0.1746616448,3113000000.0,0.1288440048,156000000.0,3269000000.0,0.1353006912,685000000.0,2584000000.0,0.1069492157,2.97,2.96,870000000,872000000,https://www.sec.gov/Archives/edgar/data/1090727/000109072722000047/0001090727-22-000047-index.htm,https://www.sec.gov/Archives/edgar/data/1090727/000109072722000047/ups-20220930.htm,27.77126436781609,2.970114942528736,2.849425287356322,1.826436781609195,13.075862068965517,19.526436781609195,12.557471264367816,19.50344827586207,27.640229885057472,140539800000.0,153364800000.0,13.597116873065016,5.816803940234262,56.69213392496974,88.44543738200126,8.282637906647807,8.282637906647807,6.347618062166301,36.34236966824645,61.86559096409842,96.51655129011957,0.0183862507275519,0.0113064057299071,1.4067656765676568,0.343235936960773,3.0390995260663507,1.391368290061655,17.587570621468927,0.9593653250773994,0.0090721631879367,0.4934210526315789,0.0,0.0,0.0871822155757506,0.3590157321500605,0.0368362236662389,1.1498708010335916,0.0096436405777906,36.1021934373373,0.0442212039839474,0.0407050928624312,-37.58936781609195,6919000000.0,10925000000.0,-27958000000.0,50024000000.0,11524500000.0,6949500000.0,0.0,42.10380365051115,28.781356898517675,0.0,2.13757409537291,3.127024216312583,0.0,0.1522866572371523,1.0229885057471264,2022-10-25,2.84,bmo,24294638601.0,2025-04-25,2022-09-30,0.0528169014084508,189.34453125,2828377.421875
2022-06-30,UPS,USD,1090727,2022-08-03,2022-08-03 16:40:11,2022,Q2,24766000000.0,21231000000.0,3535000000.0,0.142736009,0,0.0,0.0,1948000000.0,1966000000.0,1966000000.0,21231000000.0,0.0,171000000.0,762000000.0,4636000000.0,0.1871921182,3535000000.0,0.142736009,162000000.0,3697000000.0,0.1492772349,848000000.0,2849000000.0,0.1150367439,3.25,3.25,874000000,876000000,https://www.sec.gov/Archives/edgar/data/1090727/000109072722000034/0001090727-22-000034-index.htm,https://www.sec.gov/Archives/edgar/data/1090727/000109072722000034/ups-20220630.htm,28.336384439359268,3.259725400457666,4.362700228832952,3.4016018306636155,13.811212814645309,18.66132723112128,11.623569794050344,18.637299771167047,27.77002288329519,159539960000.0,171904960000.0,13.999645489645488,6.441894532827263,41.84105953317597,53.66295324587959,9.794337282828902,9.794337282828902,6.941167729952354,37.08044866264021,45.08391292945188,57.82205179952909,0.017857595050168,0.0186348297943662,1.4795260605316471,0.3438485354335202,2.667169974115617,1.4749379938859088,20.67251461988304,1.3383643383643384,0.0080418723935996,0.4503334503334503,0.0,0.0,0.0877598481930117,0.2202989771833202,0.0339174674957603,1.1023622047244095,0.009327303561334,36.972027099557096,0.0481862025929011,0.0445587913291,-37.641304347826086,8234000000.0,10159000000.0,-28208000000.0,51308000000.0,11640500000.0,7102000000.0,-1500000.0,42.68513284341436,30.385756676557865,0.0,2.108462455303933,2.9619140625,0.0,0.1749033089815212,0.9610983981693364,2022-07-26,3.16,bmo,24647678508.0,2025-04-25,2022-06-30,0.041139240506329,182.3958064516129,3684046.758064517
2022-03-31,UPS,USD,1090727,2022-05-04,2022-05-04 16:40:37,2022,Q1,24378000000.0,21127000000.0,3251000000.0,0.1333579457,0,11616000000.0,0.0,11616000000.0,331000000.0,11616000000.0,21127000000.0,0.0,174000000.0,764000000.0,4368000000.0,0.1791779473,3251000000.0,0.1333579457,141000000.0,3392000000.0,0.1391418492,730000000.0,2662000000.0,0.1091968168,3.03,3.03,874000000,879000000,https://www.sec.gov/Archives/edgar/data/1090727/000109072722000022/0001090727-22-000022-index.htm,https://www.sec.gov/Archives/edgar/data/1090727/000109072722000022/ups-20220331.htm,27.89244851258581,3.045766590389016,5.125858123569794,4.498855835240275,14.35354691075515,17.659038901601832,10.641876430205947,17.638443935926773,29.295194508009157,187438040000.0,200660040000.0,17.603121712997748,7.688819427352531,41.83884821428571,47.6698982706002,12.15866891541256,12.15866891541256,8.231193699237018,45.93865384615385,44.7901875,51.03256358087487,0.0142020264403106,0.0209775987841102,1.649584846912299,0.3627002125140844,3.027014652014652,1.5200688754304714,18.683908045977013,1.6829451540195342,0.0068502636924713,0.4823441021788129,0.4764952005906965,0.0,0.0874730791721934,0.1223214285714285,0.0224792846008696,0.7172774869109948,0.0158339486422183,34.767198953124606,0.0449893304398745,0.0416067521100343,-38.31149885583524,8759000000.0,9301000000.0,-29078000000.0,51968000000.0,12190000000.0,7279500000.0,357000000.0,42.58552793502338,29.973020305769868,-0.0127798551616415,2.1133940182054616,3.0027003979533826,-7042.333333333333,0.172677737415672,0.6270022883295194,2022-04-26,2.88,bmo,23822363154.0,2025-04-25,2022-03-31,0.0590277777777777,212.4858064516129,3159392.370967742
2021-12-31,UPS,USD,1090727,2022-02-22,2022-02-22 06:14:14,2021,Q4,27771000000.0,23880000000.0,3891000000.0,0.1401101869,0,12749000000.0,0.0,12749000000.0,267000000.0,12749000000.0,23880000000.0,0.0,173000000.0,754000000.0,3658000000.0,0.1317201397,3891000000.0,0.1401101869,71000000.0,3962000000.0,0.1426668107,869000000.0,3093000000.0,0.1113751755,3.53,3.52,875000000,879000000,https://www.sec.gov/Archives/edgar/data/1090727/000109072722000007/0001090727-22-000007-index.htm,https://www.sec.gov/Archives/edgar/data/1090727/000109072722000007/ups-20211231.htm,31.738285714285716,3.5348571428571427,3.7097142857142855,1.8537142857142856,12.106285714285717,16.30742857142857,9.246857142857143,16.289142857142856,29.37257142857143,187547500000.0,202820500000.0,15.15902845134174,6.753357819307912,57.778034504004935,115.62731196054254,13.158457868518909,13.158457868518909,7.3033200100824605,55.4457353745216,62.4832101047443,125.04346485819975,0.0164918220717418,0.0086484757194843,1.7910615309057742,0.3678121172826165,4.175232367413887,1.4192042802663782,22.491329479768787,1.049466537342386,0.0045801730228342,0.277723892660847,0.4590760145475496,0.0,0.0890137598155752,0.5003080714725816,0.0584782686975622,2.1538461538461537,0.0064095639335997,35.993684752200856,0.0549727213435703,0.0489189744887468,-39.48657142857143,7365000000.0,8091000000.0,-30202000000.0,50580000000.0,11829000000.0,6984000000.0,358500000.0,41.627957221562056,28.353015075376884,2.7022613065326637,2.162008563643441,3.174265585537684,33.30543933054393,0.217006945906125,1.856,2022-02-01,3.1,bmo,27060074623.0,2025-04-25,2021-12-31,0.1580645161290322,203.3921875,2615995.484375
2021-09-30,UPS,USD,1090727,2021-11-04,2021-11-04 16:42:22,2021,Q3,23184000000.0,18477000000.0,4707000000.0,0.2030279503,0,0.0,0.0,1770000000.0,285000000.0,1811000000.0,20288000000.0,0.0,177000000.0,738000000.0,3993000000.0,0.1722308489,2896000000.0,0.1249137336,97000000.0,2993000000.0,0.1290976536,664000000.0,2329000000.0,0.1004572119,2.66,2.65,875000000,879000000,https://www.sec.gov/Archives/edgar/data/1090727/000109072721000042/0001090727-21-000042-index.htm,https://www.sec.gov/Archives/edgar/data/1090727/000109072721000042/ups-20210930.htm,26.496,2.661714285714286,3.7794285714285714,2.750857142857143,12.06857142857143,13.779428571428571,7.429714285714286,13.761142857142858,29.454857142857144,159337500000.0,174721500000.0,17.1036389008158,6.872735507246377,48.18188690656184,66.19754881595347,13.232912548791628,13.232912548791628,7.536296583850931,43.75694966190834,52.83383731478681,72.58890735355214,0.0146167725739389,0.015106299521456,2.125737065027822,0.3893579153926892,3.85274229902329,1.4764089968976215,16.361581920903955,1.4199227136109918,0.0053973483957009,0.369257191927866,0.0,0.0,0.0845160407064299,0.2721499848805564,0.0388198757763975,1.2195121951219512,0.0077208419599723,28.70775482232589,0.042593977084439,0.0386986358273931,-40.014,7371000000.0,6501000000.0,-30839000000.0,49246000000.0,10632000000.0,6504000000.0,0.0,41.97593167701864,31.39308329274233,0.0,2.1440858226209194,2.866873545384019,0.0,0.1934224732165102,1.0285714285714285,2021-10-26,2.55,bmo,22651300000.0,2025-04-25,2021-09-30,0.0627450980392157,197.38953125,2675447.46875
2021-06-30,UPS,USD,1090727,2021-08-06,2021-08-05 18:56:08,2021,Q2,23424000000.0,20166000000.0,3258000000.0,0.1390881148,0,0.0,0.0,1679000000.0,302000000.0,1738000000.0,20166000000.0,0.0,167000000.0,739000000.0,4314000000.0,0.184170082,3528000000.0,0.1506147541,178000000.0,3436000000.0,0.1466871585,760000000.0,2676000000.0,0.1142418033,3.06,3.05,875000000,878000000,https://www.sec.gov/Archives/edgar/data/1090727/000109072721000036/0001090727-21-000036-index.htm,https://www.sec.gov/Archives/edgar/data/1090727/000109072721000036/ups-20210630.htm,26.770285714285716,3.0582857142857143,4.483428571428571,3.528,11.376,12.368,5.973714285714285,12.348571428571429,30.11657142857143,181973750000.0,198550750000.0,17.000537182361732,7.768688097677596,46.38637522304359,58.948412698412696,16.841624248033316,16.841624248033316,8.47638106215847,46.02474501622624,50.61196788172317,64.3183511499838,0.0147054176770001,0.0169639851901716,2.4234150856085144,0.4036596833618524,3.842605470560964,1.39429296131896,21.12574850299401,1.4659940209267563,0.0047259563535949,0.3213751868460389,0.0,0.0,0.0862507515145909,0.2131022176905429,0.0356898907103825,1.1312584573748308,0.0087943989071038,29.15000584590553,0.0530025223127667,0.0451462698653709,-41.434,6218000000.0,5227000000.0,-32059000000.0,48012000000.0,10391500000.0,6434000000.0,567500000.0,40.15496926229508,29.29038976495091,0.0,2.241316620419098,3.072680176748438,0.0,0.2476631189264229,0.9554285714285714,2021-07-27,2.82,bmo,22651300000.0,2025-04-25,2021-06-30,0.0851063829787234,200.08444444444444,3580266.777777778
2021-03-31,UPS,USD,1090727,2021-05-05,2021-05-05 16:57:24,2021,Q1,22908000000.0,20143000000.0,2765000000.0,0.1207001921,0,0.0,0.0,0.0,3603000000.0,1803000000.0,20143000000.0,0.0,177000000.0,722000000.0,3942000000.0,0.1720796228,2765000000.0,0.1207001921,3439000000.0,6204000000.0,0.2708224201,1412000000.0,4792000000.0,0.2091845643,5.5,5.47,872000000,876000000,https://www.sec.gov/Archives/edgar/data/1090727/000109072721000019/0001090727-21-000019-index.htm,https://www.sec.gov/Archives/edgar/data/1090727/000109072721000019/ups-20210331.htm,26.270642201834864,5.495412844036697,5.196100917431193,4.239678899082569,9.26834862385321,8.2098623853211,1.771788990825688,8.196100917431192,30.93577981651376,148231280000.0,167299280000.0,7.733267946577629,6.470721145451371,32.714915029794746,40.0950175818231,20.740349797117677,20.740349797117677,7.303094115592806,42.4402029426687,36.92325755903774,45.25271301054909,0.0323278595448949,0.0249407547448824,3.7496851825940953,0.4232846853677028,4.837138508371385,1.2869495891083036,15.621468926553671,0.945534223706177,0.0057882519802837,0.1790484140233723,0.0,0.0,0.0886719737174627,0.1840653277422202,0.036406495547407,1.1551246537396125,0.0137506547930853,31.83428278892313,0.0427362138047439,0.0830531387569759,-45.59002293577981,4679000000.0,1545000000.0,-35168000000.0,45792000000.0,10680500000.0,6380000000.0,877500000.0,40.591932949188056,28.171076800873752,5.071240629499082,2.2171893147502906,3.1947660586835847,17.74713656387665,0.6704911151532111,0.9564220183486238,2021-04-27,1.67,bmo,22085576160.0,2025-04-25,2021-03-31,0.658682634730539,161.75540983606558,3701984.1639344255
2020-12-31,UPS,USD,1090727,2021-02-22,2021-02-22 17:27:26,2020,Q4,24896000000.0,22729000000.0,2167000000.0,0.0870420951,0,0.0,0.0,0.0,-6157000000.0,2646000000.0,22729000000.0,0.0,175000000.0,712000000.0,-3241000000.0,-0.1301815553,2167000000.0,0.0870420951,-6325000000.0,-4158000000.0,-0.1670147815,-895000000.0,-3263000000.0,-0.1310652314,-3.75,-3.75,870750408,871000000,https://www.sec.gov/Archives/edgar/data/1090727/000109072721000013/0001090727-21-000013-index.htm,https://www.sec.gov/Archives/edgar/data/1090727/000109072721000013/ups-20201231.htm,28.59143076048952,-3.7473424876075394,1.3505592293675963,-1.1679581090704467,7.25351368425658,0.8647713432940476,-5.613548905738784,0.8509901266678477,32.07463326276156,146634368707.2,168478368707.2,-11.234628310389214,5.889876635089975,124.68908903673469,-144.18325339941003,197.88713725668012,197.88713725668012,6.767286660796915,-51.98345223918544,143.2639189687075,-165.66211278977386,-0.0222526275986195,-0.0069356182248838,37.45479082321187,0.4441208474684759,-6.739895094106757,1.192994828396803,12.382857142857144,-0.3604045357033404,0.0057694523286644,-0.2592706098682194,0.0,0.0,0.0902675542469436,1.864795918367347,0.0880864395886889,3.080056179775281,0.0115681233933161,,0.0345115819595779,-0.0573956482735571,-53.79411777433241,3284000000.0,-4888000000.0,-41439000000.0,44252000000.0,10195000000.0,6032000000.0,301000000.0,39.87026028277635,25.559857450833736,2.4550134189801573,2.257321606673316,3.521146398140976,36.65967741935483,-4.4035087719298245,2.518517338438043,2021-02-02,2.11,bmo,18846504672.0,2025-04-25,2020-12-31,0.2606635071090049,168.77421875,3810948.046875
2020-09-30,UPS,USD,1090727,2020-11-02,2020-11-02 16:29:12,2020,Q3,21238000000.0,18875000000.0,2363000000.0,0.1112628308,0,0.0,0.0,0.0,327000000.0,1614000000.0,18875000000.0,0.0,176000000.0,677000000.0,3411000000.0,0.1606083435,2363000000.0,0.1112628308,162000000.0,2525000000.0,0.1188906677,568000000.0,1957000000.0,0.0921461531,2.25,2.24,868000000,872000000,https://www.sec.gov/Archives/edgar/data/1090727/000109072720000047/0001090727-20-000047-index.htm,https://www.sec.gov/Archives/edgar/data/1090727/000109072720000047/ups-20200930.htm,24.467741935483872,2.254608294930875,3.8433179723502304,2.513824884792627,10.6463133640553,6.45852534562212,-0.5748847926267281,6.442396313364055,33.326036866359445,144634840000.0,164546840000.0,18.47660194174757,6.810191166776533,43.35576738609112,66.2854445462878,25.864599427753937,25.864599427753937,7.7477559092193236,48.24005863383172,49.32459232613909,75.4110174152154,0.0135306265074168,0.015086268287779,5.141452074391989,0.4607089061949171,5.837584286133099,1.2894668737060042,13.426136363636363,1.7046499744506898,0.0058422991306935,0.4317833418497701,0.0,0.0,0.0978271320065378,0.3459232613908873,0.0543365665316884,1.7045790251107829,0.00659195781147,18.078006078249075,0.036237474875307,0.0347595957443029,-46.71342165898618,4474000000.0,-499000000.0,-36870000000.0,45765000000.0,9447000000.0,5440000000.0,-25000000.0,39.66898954703832,26.744900662251656,-0.0858278145695364,2.268774703557312,3.365127473702977,-1048.611111111111,0.349964234620887,1.3294930875576036,2020-10-28,1.9,bmo,17698333333.0,2025-04-25,2020-09-30,0.1999999999999999,145.59140625,4202848.5625
2020-06-30,UPS,USD,1090727,2020-08-04,2020-08-04 07:33:03,2020,Q2,20459000000.0,18247000000.0,2212000000.0,0.1081186764,0,0.0,0.0,0.0,327000000.0,1619000000.0,18247000000.0,0.0,183000000.0,661000000.0,3312000000.0,0.1618847451,2212000000.0,0.1081186764,145000000.0,2357000000.0,0.1152060218,589000000.0,1768000000.0,0.0864167359,2.04,2.03,866000000,869000000,https://www.sec.gov/Archives/edgar/data/1090727/000109072720000037/0001090727-20-000037-index.htm,https://www.sec.gov/Archives/edgar/data/1090727/000109072720000037/ups-20200630.htm,23.624711316397228,2.0415704387990763,3.922632794457275,2.615473441108545,10.64203233256351,5.053117782909931,-1.8683602771362584,5.03810623556582,34.789838337182445,96281880000.0,117413880000.0,13.61451923076923,4.70608925167408,28.3432087135708,42.508556291390725,22.06781572312629,22.06781572312629,5.738984310083582,35.45105072463768,34.56399175743303,51.83835761589404,0.0183627490447839,0.0235246756710608,6.863396745358698,0.4825402452583914,6.380434782608695,1.2430704935160717,12.087431693989071,1.9213800904977376,0.0087555415411497,0.4768099547511312,0.0,0.0,0.0965886201395491,0.3332352075360612,0.0553301725402023,1.7125567322239033,0.0066963194682047,15.212728126682626,0.0326711026716027,0.0315359506269732,-47.72661662817552,3955000000.0,-1618000000.0,-37455000000.0,44386000000.0,8940500000.0,5025000000.0,-4079000000.0,41.93606725646415,25.998246287060887,-0.1578341645201951,2.146123990349313,3.461771959779928,-570.21875,0.4052257620903048,1.3071593533487298,2020-07-30,1.07,bmo,18192700040.0,2025-04-25,2020-06-30,0.9906542056074764,99.82333333333334,4640472.714285715
2020-03-31,UPS,USD,1090727,2020-05-08,2020-05-08 16:30:00,2020,Q1,18035000000.0,16963000000.0,1072000000.0,0.0594399778,0,0.0,0.0,0.0,327000000.0,1591000000.0,16963000000.0,0.0,167000000.0,648000000.0,2092000000.0,0.1159966731,1072000000.0,0.0594399778,178000000.0,1250000000.0,0.0693096756,285000000.0,965000000.0,0.0535070696,1.12,1.11,864000000,869000000,https://www.sec.gov/Archives/edgar/data/1090727/000109072720000023/0001090727-20-000023-index.htm,https://www.sec.gov/Archives/edgar/data/1090727/000109072720000023/ups-20200331.htm,20.87384259259259,1.116898148148148,2.951388888888889,1.8715277777777777,10.949074074074074,3.834490740740741,-3.0543981481481484,3.834490740740741,28.197916666666668,80714880000.0,95955880000.0,20.91059067357513,4.475457721097865,31.65289411764705,49.91643784786642,24.363078780561423,24.363078780561423,5.320536734128084,45.86801147227533,37.6297568627451,59.34191713048856,0.0119556641848442,0.0200334808154332,7.303350437669786,0.3973396830610066,7.2853728489483744,1.223589549413101,6.419161676646707,2.6424870466321244,0.0104070030210043,0.8704663212435233,0.0,0.0,0.0977420149437556,0.3658823529411765,0.0517327418907679,1.4398148148148149,0.0128084280565566,9.816391962786147,0.0163273423165703,0.0175636568807673,-53.15277777777778,3543000000.0,-2639000000.0,-38193000000.0,40403000000.0,8950000000.0,5167000000.0,-3807500000.0,41.658996395896864,25.35577433237045,-43.11383599599127,2.160397700047916,3.549487340447792,-2.087496923455575,0.2912767884092967,1.0798611111111112,2020-04-28,1.23,bmo,19289608695.0,2025-04-25,2020-03-31,-0.0650406504065041,103.60693548387096,5301440.838709678
2019-12-31,UPS,USD,1090727,2020-02-20,2020-02-20 17:05:25,2019,Q4,20568000000.0,18435000000.0,2133000000.0,0.1037047841,0,0.0,0.0,0.0,-2196000000.0,1826000000.0,18435000000.0,0.0,166000000.0,630000000.0,574000000.0,0.027907429,2133000000.0,0.1037047841,-2331000000.0,-198000000.0,-0.0096266044,-92000000.0,-106000000.0,-0.0051536367,-0.12,-0.12,863000000,863000000,https://www.sec.gov/Archives/edgar/data/1090727/000109072720000005/0001090727-20-000005-index.htm,https://www.sec.gov/Archives/edgar/data/1090727/000109072720000005/ups-12312019x10k.htm,23.83314020857474,-0.1228273464658169,3.413673232908459,1.045191193511008,6.652375434530707,3.8041714947856313,-3.125144843568945,3.8041714947856313,25.473928157589803,101022780000.0,117602780000.0,-238.26127358490567,4.911648191365227,34.291507128309576,111.99864745011088,30.771483399329885,30.771483399329885,5.7177547646830025,204.88289198606276,39.919477257298034,130.380022172949,-0.0010492682937452,0.0089286792543226,6.645750837648492,0.3771021656843597,28.885017421602782,1.109647699993512,12.849397590361448,-27.79245283018868,0.0078893097180655,-7.518867924528302,0.0,0.0,0.1033582798969874,0.6938221317040054,0.0993776740567872,3.2444444444444445,0.0096752236483858,,0.0242335496044033,-0.0020432947163482,-47.98783314020857,1690000000.0,-2697000000.0,-37471000000.0,38152000000.0,8853500000.0,4886500000.0,-3822000000.0,41.79696616102684,27.11960943856794,2.4947111472742067,2.1532663316582914,3.3186318631863188,36.07632093933464,-0.0322875418824246,2.368482039397451,2020-01-30,2.1,bmo,20568000000.0,2025-04-25,2019-12-31,0.0047619047619046,118.3809375,2831878.265625
2019-09-30,UPS,USD,1090727,2019-10-29,2019-10-29 17:11:22,2019,Q3,18318000000.0,16190000000.0,2128000000.0,0.1161698875,0,0.0,0.0,0.0,191000000.0,1374000000.0,16190000000.0,0.0,159000000.0,587000000.0,2969000000.0,0.1620810132,2128000000.0,0.1161698875,78000000.0,2206000000.0,0.1204279943,456000000.0,1750000000.0,0.095534447,2.03,2.01,864000000,870000000,https://www.sec.gov/Archives/edgar/data/1090727/000109072719000060/0001090727-19-000060-index.htm,https://www.sec.gov/Archives/edgar/data/1090727/000109072719000060/ups-09302019x10q.htm,21.20138888888889,2.025462962962963,1.7199074074074074,0.0127314814814814,5.252314814814815,6.451388888888889,-0.3935185185185185,6.451388888888889,25.346064814814813,103524480000.0,121224480000.0,14.789211428571427,5.651516541107108,69.66654104979811,9411.316363636364,18.57274488697524,18.57274488697524,6.617779233540779,40.83007073088582,81.57771197846569,11020.407272727272,0.0169042143462106,0.0001062550616047,3.9002511661284536,0.4080177170526632,5.961603233411923,1.1051032333463189,13.38364779874214,0.8491428571428571,0.007708321741872,0.456,0.0,0.0,0.1109943320445929,0.9925975773889636,0.0805218910361393,2.512776831345826,0.0110819958510754,17.146679218367403,0.0386209860464576,0.0369447728424252,-47.60561342592592,1349000000.0,-340000000.0,-33524000000.0,36334000000.0,8413500000.0,4254500000.0,-8413500000.0,40.06714706845725,23.44780728844966,-45.333539221741816,2.2462293071735133,3.838311996206733,-1.9852851011649293,0.3139576605669178,1.7071759259259258,2019-10-22,2.06,bmo,18229507246.0,2025-04-25,2019-09-30,0.0048543689320387,114.33640625,3234983.234375
2019-06-30,UPS,USD,1090727,2019-07-30,2019-07-30 17:06:02,2019,Q2,18048000000.0,15905000000.0,2143000000.0,0.1187389184,0,0.0,0.0,0.0,192000000.0,1379000000.0,15905000000.0,0.0,159000000.0,575000000.0,2931000000.0,0.162400266,2143000000.0,0.1187389184,61000000.0,2204000000.0,0.1221187943,519000000.0,1685000000.0,0.0933621454,1.95,1.94,865000000,869000000,https://www.sec.gov/Archives/edgar/data/1090727/000109072719000045/0001090727-19-000045-index.htm,https://www.sec.gov/Archives/edgar/data/1090727/000109072719000045/ups-06302019x10q.htm,20.864739884393064,1.9479768786127167,2.23121387283237,0.6739884393063584,5.545664739884393,5.113294797687861,-1.7445086705202313,5.113294797687861,23.79884393063584,89069050000.0,105424050000.0,13.214992581602374,4.935120234929078,46.14976683937824,152.7771012006861,20.137700655663576,20.137700655663576,5.841314827127659,35.96862845445241,54.62386010362695,180.83027444253852,0.0189179069497204,0.0065454835321584,4.61835858014922,0.3869702767726902,5.58000682360969,1.0887552262891511,13.477987421383649,1.14540059347181,0.008981795584437,0.4747774480712166,0.0,0.0,0.1123761532195427,0.6979274611398963,0.0746343085106382,2.342608695652174,0.0113585992907801,14.970405835751396,0.0380307413548759,0.0359620104577953,-47.86011560693642,1210000000.0,-1509000000.0,-33521000000.0,35237000000.0,8566000000.0,4099000000.0,-8566000000.0,43.24468085106383,24.281043696950647,-49.07136120716756,2.081180811808118,3.706595199254253,-1.8340636531365315,0.3809631471851684,1.5572254335260116,2019-07-24,1.92,bmo,17771755102.0,2025-04-25,2019-06-30,0.0208333333333333,104.00888888888888,3173144.365079365
2019-03-31,UPS,USD,1090727,2019-04-30,2019-04-30 17:00:24,2019,Q1,17160000000.0,15766000000.0,1394000000.0,0.0812354312,0,0.0,0.0,0.0,191000000.0,1340000000.0,15766000000.0,0.0,169000000.0,568000000.0,2276000000.0,0.1326340326,1394000000.0,0.0812354312,46000000.0,1440000000.0,0.0839160839,329000000.0,1111000000.0,0.0647435897,1.28,1.28,866000000,869000000,https://www.sec.gov/Archives/edgar/data/1090727/000109072719000011/0001090727-19-000011-index.htm,https://www.sec.gov/Archives/edgar/data/1090727/000109072719000011/ups-03312019x10q.htm,19.81524249422633,1.2829099307159353,2.6293302540415704,0.8810623556581986,5.901847575057737,4.024249422632795,-2.795612009237875,4.024249422632795,23.725173210161664,99096380000.0,115074380000.0,22.29891539153916,5.77484731934732,43.520588493631976,129.8773001310616,28.435116212338595,28.435116212338595,6.7059662004662,50.55992091388401,50.53771629336847,150.81832241153342,0.0112113076178968,0.0076995748986996,5.847058823529411,0.3914062349935652,7.020210896309314,1.1283215989098343,8.248520710059172,2.049504950495049,0.0080628575937889,0.7191719171917191,0.0,0.0,0.1134438447206162,0.6649099692577953,0.0882284382284382,2.665492957746479,0.0179487179487179,10.77784138078694,0.025231899641577,0.0240710648900444,-47.748267898383375,1695000000.0,-2421000000.0,-33672000000.0,34848000000.0,9296000000.0,4547500000.0,-4019500000.0,44.37062937062937,22.303057211721423,-48.29379677787644,2.028368794326241,4.035321218326081,-1.8635933806146567,0.3187948350071736,1.748267898383372,2019-04-25,1.41,bmo,17530359712.0,2025-04-25,2019-03-31,-0.0141843971631205,106.05491803278689,3339269.5081967213
2018-12-31,UPS,USD,1090727,2019-02-21,2019-02-21 17:02:11,2018,Q4,19848000000.0,17844000000.0,2004000000.0,0.1009673519,0,0.0,0.0,0.0,-1343000000.0,1554000000.0,17844000000.0,0.0,148000000.0,545000000.0,1495000000.0,0.0753224506,2004000000.0,0.1009673519,-1461000000.0,543000000.0,0.0273579202,90000000.0,453000000.0,0.0228234583,0.52,0.52,865000000,869000000,https://www.sec.gov/Archives/edgar/data/1090727/000109072719000006/0001090727-19-000006-index.htm,https://www.sec.gov/Archives/edgar/data/1090727/000109072719000006/ups-12312018x10k.htm,22.945664739884396,0.5236994219653179,3.802312138728323,1.7294797687861272,5.820809248554913,3.510982658959537,-3.2947976878612715,3.510982658959537,23.21271676300578,84363450000.0,100069450000.0,46.55819536423841,4.250476118500605,25.650182426269385,56.39268048128342,27.77854790912085,27.77854790912085,5.041790104796453,66.93608695652173,30.425494071146247,66.8913435828877,0.0053696239307425,0.0177327977933571,6.562726374711887,0.4019238137490169,10.505685618729096,1.116703343508199,13.54054054054054,7.260485651214128,0.0089019593200609,1.6578366445916115,0.0,0.0,0.1187158442396499,0.5451505016722408,0.0903365578395808,3.289908256880734,0.0063986295848448,6.432009075950974,0.043484415009426,0.0103656583222735,-38.96820809248555,1644000000.0,-2850000000.0,-30821000000.0,34107000000.0,8973000000.0,4438500000.0,-3696500000.0,45.94316807738815,26.166778749159384,2.1234028244788163,1.958941966048164,3.4394757131842715,42.38479809976247,0.1491603556140928,2.0728323699421964,2019-01-31,1.91,bmo,19438762886.0,2025-04-25,2018-12-31,0.0157068062827225,108.4088888888889,3346842.634920635
2018-09-30,UPS,USD,1090727,2018-10-30,2018-10-30 17:04:31,2018,Q3,17444000000.0,15717000000.0,1727000000.0,0.0990025224,0,0.0,0.0,0.0,284000000.0,1337000000.0,15717000000.0,0.0,155000000.0,524000000.0,2632000000.0,0.150882825,1727000000.0,0.0990025224,162000000.0,1889000000.0,0.1082893832,381000000.0,1508000000.0,0.0864480624,1.74,1.73,865000000,870000000,https://www.sec.gov/Archives/edgar/data/1090727/000109072718000039/0001090727-18-000039-index.htm,https://www.sec.gov/Archives/edgar/data/1090727/000109072718000039/ups-09302018x10q.htm,20.166473988439307,1.7433526011560694,2.56878612716763,0.6716763005780347,5.596531791907514,3.613872832369942,-3.2011560693641616,3.613872832369942,23.41734104046243,101602900000.0,117606900000.0,16.843982095490716,5.82451845906902,45.72587758775877,174.87590361445783,32.50252719129878,32.50252719129878,6.741968585186884,44.6834726443769,52.928397839783976,202.4215146299484,0.0148420960425342,0.0057183407166527,6.430262316058861,0.4305296750840669,6.080547112462006,1.144738995254459,11.141935483870968,1.473474801061008,0.0074112057825121,0.4993368700265252,0.0,0.0,0.1262610036625329,0.7385238523852385,0.0940724604448521,3.131679389312977,0.0073950928686081,11.90612147416556,0.0366016521335871,0.0369662205226258,-42.50693641618497,1769000000.0,-2769000000.0,-29572000000.0,33043000000.0,7742000000.0,3737000000.0,-7742000000.0,40.31529465718872,21.124260355029584,-44.74518037793472,2.232403378551318,4.260504201680672,-2.011389813155874,0.4824056301983365,1.8971098265895951,2018-10-24,1.82,bmo,17444000000.0,2025-04-25,2018-09-30,0.0,117.69476190476192,2376739.0634920634
2018-06-30,UPS,USD,1090727,2018-08-02,2018-08-02 17:29:52,2018,Q2,17456000000.0,15683000000.0,1773000000.0,0.1015696609,0,0.0,0.0,0.0,284000000.0,1312000000.0,15683000000.0,0.0,149000000.0,542000000.0,2862000000.0,0.1639550871,1773000000.0,0.1015696609,153000000.0,1926000000.0,0.1103345555,441000000.0,1485000000.0,0.0850710357,1.71,1.71,866000000,870000000,https://www.sec.gov/Archives/edgar/data/1090727/000109072718000032/0001090727-18-000032-index.htm,https://www.sec.gov/Archives/edgar/data/1090727/000109072718000032/ups-06302018x10q.htm,20.157043879907626,1.7147806004618935,3.617782909930716,2.102771362586605,5.697459584295612,2.720554272517321,-4.051963048498846,2.720554272517321,22.25173210161663,91995180000.0,106902180000.0,15.48740404040404,5.270118010999084,29.36328758378551,50.519044481054365,39.04719015280136,39.04719015280136,6.124093721356553,37.3522641509434,34.12134695180338,58.705205930807246,0.0161421500561225,0.0197945153213461,8.115874363327674,0.4228158238064701,5.208595387840671,1.1110755185392809,11.899328859060402,2.10976430976431,0.0081852114425994,0.5070707070707071,0.0,0.0,0.1296906441412555,0.4187679540376636,0.075160403299725,2.4206642066420665,0.0079628780934922,10.245289551929194,0.0386965411804108,0.0377305757406372,-41.58833718244803,1387000000.0,-3509000000.0,-28993000000.0,31153000000.0,7782000000.0,3643000000.0,-7782000000.0,39.54514207149404,21.72097175285341,-44.01581330102659,2.275880052151239,4.143461030383091,-2.0447196870925683,0.6303056027164686,1.5150115473441108,2018-07-25,1.93,bmo,17366020618.0,2025-04-25,2018-06-30,0.005181347150259,112.320625,3259372.5
2018-03-31,UPS,USD,1090727,2018-05-03,2018-05-03 16:35:22,2018,Q1,17113000000.0,9045000000.0,8068000000.0,0.4714544498,0,0.0,0.0,0.0,285000000.0,6548000000.0,15593000000.0,0.0,153000000.0,596000000.0,2401000000.0,0.1403026939,1520000000.0,0.0888213639,141000000.0,1661000000.0,0.0970607141,316000000.0,1345000000.0,0.07859522,1.55,1.55,866000000,870000000,https://www.sec.gov/Archives/edgar/data/1090727/000109072718000020/0001090727-18-000020-index.htm,https://www.sec.gov/Archives/edgar/data/1090727/000109072718000020/ups-03312018x10q.htm,19.76096997690531,1.5531177829099307,4.696304849884527,2.92147806004619,4.86027713625866,1.5877598152424943,-5.245958429561201,1.5877598152424943,23.74364896073903,90635560000.0,107500560000.0,16.846758364312265,5.296298720271139,22.28560609786083,35.82433201581028,65.9167709090909,65.9167709090909,6.281806813533571,44.77324448146606,26.43239734447996,42.49033992094861,0.0148396501329058,0.0279139887258378,14.84290909090909,0.4590005397625045,7.024156601416077,1.2216342272849583,9.934640522875815,3.023791821561338,0.0083190306321271,0.5605947955390335,0.0,0.0,0.1330964375674703,0.3779198426358495,0.0898147607082335,2.5788590604026846,0.0139659907672529,7.448792190077888,0.0341914774247107,0.0348933741503657,-42.61720554272517,2471000000.0,-4543000000.0,-29469000000.0,31628000000.0,9120000000.0,3686500000.0,-3745000000.0,41.51580669666336,34.83582089552239,-78.54726368159204,2.167848999239929,2.583547557840617,-1.1458069419812515,0.9781818181818182,1.7748267898383372,2018-04-26,1.54,bmo,17002593548.0,2025-04-25,2018-03-31,0.0064935064935064,115.5855737704918,4984695.344262295
2017-12-31,UPS,USD,1090727,2018-02-21,2018-02-21 17:23:42,2017,Q4,18829000000.0,17335000000.0,1494000000.0,0.0793456902,0,0.0,0.0,0.0,1535000000.0,1535000000.0,17335000000.0,0.0,129000000.0,594000000.0,1882000000.0,0.0999522014,1494000000.0,0.0793456902,-106000000.0,1388000000.0,0.0737160763,284000000.0,1104000000.0,0.0586329598,1.27,1.27,867000000,872000000,https://www.sec.gov/Archives/edgar/data/1090727/000109072718000009/0001090727-18-000009-index.htm,https://www.sec.gov/Archives/edgar/data/1090727/000109072718000009/ups-12312017x10k.htm,21.71741637831603,1.273356401384083,-3.389850057670127,-5.141868512110727,4.693194925028835,1.18800461361015,-5.5432525951557095,1.18800461361015,23.53748558246828,103303050000.0,120261050000.0,23.39290081521739,5.486380052047374,-35.1490472949983,-23.17251009421265,100.29422330097088,100.29422330097088,6.387012055871263,63.90066418703507,-40.91903708744471,-26.976458052938536,0.01068700294909,-0.0431545825607278,19.6873786407767,0.4466224698808448,9.010626992561106,1.223481271639912,11.581395348837209,-2.6621376811594204,0.0066406558180034,0.6213768115942029,0.0,0.0,0.128537761821906,-0.5168424634229329,0.0806734292846141,2.557239057239057,0.0064262573689521,5.834119367250034,0.0323737601262214,0.0279020395784365,-37.30392156862745,2840000000.0,-4806000000.0,-28825000000.0,30794000000.0,8641500000.0,3340000000.0,-3266500000.0,49.45244038451325,20.10268243438131,2.097490625901356,1.819930407887106,4.477014462809917,42.90841584158416,1.071844660194175,1.7520184544405997,2018-02-01,1.65,bmo,18861377245.0,2025-04-25,2017-12-31,0.0121212121212121,117.52476190476192,2684894.571428572
2017-09-30,UPS,USD,1090727,2017-11-02,2017-11-02 11:00:18,2017,Q3,15978000000.0,13943000000.0,2035000000.0,0.1273626236,0,0.0,0.0,0.0,1182000000.0,1182000000.0,13943000000.0,0.0,111000000.0,572000000.0,2600000000.0,0.1627237451,2035000000.0,0.1273626236,-91000000.0,1944000000.0,0.1216672925,680000000.0,1264000000.0,0.0791087746,1.45,1.45,869000000,874000000,https://www.sec.gov/Archives/edgar/data/1090727/000109072717000035/0001090727-17-000035-index.htm,https://www.sec.gov/Archives/edgar/data/1090727/000109072717000035/ups-09302017x10q.htm,18.386651323360184,1.4545454545454546,2.0678941311852705,0.1127733026467203,5.133486766398159,1.771001150747986,-4.828538550057537,1.771001150747986,16.646720368239354,104358210000.0,115295210000.0,20.64046875,6.531368757040931,58.073572621035055,1064.879693877551,67.80910331384015,67.80910331384015,7.215872449618225,44.34431153846154,64.15982749026155,1176.4817346938776,0.0121121280251932,0.0009390732171431,9.32748538011696,0.3471080375278073,4.206538461538462,1.061066820087121,18.33333333333333,1.4216772151898731,0.0066693363176696,0.5506329113924051,0.0,0.0,0.1386739529935196,0.9454646633277684,0.1063337088496683,2.9702797202797204,0.0073851545875578,7.613148997677846,0.0392119702548552,0.0354846859998315,-38.69016110471807,743000000.0,-4196000000.0,-26907000000.0,27466000000.0,6745000000.0,2728000000.0,-6745000000.0,39.07435223432219,18.12522412680198,-44.77730760955318,2.303301138820816,4.96545584045584,-2.009946662822546,0.8213125406107862,1.95512082853855,2017-10-26,1.45,bmo,16173000000.0,2025-04-25,2017-09-30,0.0,113.68444444444444,2282695.73015873
2017-06-30,UPS,USD,1090727,2017-08-03,2017-08-03 11:51:50,2017,Q2,15750000000.0,13534000000.0,2216000000.0,0.1406984127,0,0.0,0.0,0.0,1152000000.0,1152000000.0,13534000000.0,0.0,111000000.0,562000000.0,2778000000.0,0.1763809524,2216000000.0,0.1406984127,-97000000.0,2119000000.0,0.1345396825,735000000.0,1384000000.0,0.0878730159,1.59,1.58,872000000,876000000,https://www.sec.gov/Archives/edgar/data/1090727/000109072717000029/0001090727-17-000029-index.htm,https://www.sec.gov/Archives/edgar/data/1090727/000109072717000029/ups-06302017x10q.htm,18.06192660550459,1.5871559633027523,2.731651376146789,1.503440366972477,5.279816513761468,1.461009174311927,-5.045871559633028,1.461009174311927,16.477064220183486,96434480000.0,107147480000.0,17.419523121387282,6.122824126984127,40.484668345927794,73.55795575896262,75.69425431711146,75.69425431711146,6.803014603174603,38.57000719942405,44.98214945424014,81.72958047292144,0.0143517132046546,0.0135947225515189,11.190737833594977,0.3589014197965965,3.8563714902807775,1.1183901822775673,19.963963963963963,1.7210982658959535,0.0071965960722762,0.5014450867052023,0.0,0.0,0.1428355654012687,0.4496221662468513,0.068,1.905693950177936,0.0084444444444444,7.2231649591856275,0.0445902342172804,0.0406461086637298,-36.935493119266056,1312000000.0,-4400000000.0,-26056000000.0,26827000000.0,6514000000.0,2526000000.0,-6514000000.0,37.44571428571429,17.60898477907492,-43.57691739323186,2.4034793224477338,5.111027190332326,-2.0653135968258813,1.086342229199372,1.228211009174312,2017-07-27,1.47,bmo,14818158227.0,2025-04-25,2017-06-30,0.0748299319727891,106.89111111111112,2719937.507936508
2017-03-31,UPS,USD,1090727,2017-05-04,2017-05-04 10:41:35,2017,Q1,15315000000.0,13531000000.0,1784000000.0,0.1164871041,0,0.0,0.0,0.0,1170000000.0,1170000000.0,13531000000.0,0.0,102000000.0,554000000.0,2171000000.0,0.1417564479,1784000000.0,0.1164871041,-87000000.0,1697000000.0,0.110806399,539000000.0,1158000000.0,0.075612145,1.32,1.32,874000000,879000000,https://www.sec.gov/Archives/edgar/data/1090727/000109072717000020/0001090727-17-000020-index.htm,https://www.sec.gov/Archives/edgar/data/1090727/000109072717000020/ups-03312017x10q.htm,17.522883295194507,1.3249427917620138,0.2734553775743707,-0.799771167048055,4.254004576659039,0.6407322654462243,-5.717391304347826,0.6407322654462243,14.919908466819225,93780200000.0,104031200000.0,20.246157167530225,6.123421482206987,392.3857740585774,-134.16337625178826,167.46464285714285,167.46464285714285,6.7927652628142345,47.9185628742515,435.27698744769873,-148.8286123032904,0.0123480222904195,-0.0074535989473257,23.103571428571428,0.3371026576341844,4.721787194841087,1.0077152375942486,17.49019607843137,0.2063903281519861,0.0074109460205885,0.6001727115716753,0.0,0.0,0.1447889525794684,3.924686192468619,0.061247143323539,1.6931407942238268,0.0138426379366634,4.370469759925951,0.0389233635517429,0.0352801389269719,-37.16618993135011,88000000.0,-4997000000.0,-26326000000.0,24870000000.0,7085000000.0,2723000000.0,-3066500000.0,38.05093046033301,15.989949005986253,-43.06777030522504,2.365250965250965,5.628535773710483,-2.0897297297297297,2.067857142857143,1.0732265446224256,2017-04-27,1.29,bmo,15157500000.0,2025-04-25,2017-03-31,0.0232558139534883,109.26177419354838,3180969.741935484
2016-12-31,UPS,USD,1090727,2017-02-21,2017-02-21 06:47:45,2016,Q4,16931000000.0,17359000000.0,-428000000.0,-0.0252790739,0,0.0,0.0,0.0,1350000000.0,1350000000.0,17359000000.0,0.0,100000000.0,563000000.0,234000000.0,0.0138208021,-428000000.0,-0.0252790739,-88000000.0,-516000000.0,-0.0304766405,-277000000.0,-239000000.0,-0.0141161184,-0.27,-0.27,876000000,876000000,https://www.sec.gov/Archives/edgar/data/1090727/000109072717000011/0001090727-17-000011-index.htm,https://www.sec.gov/Archives/edgar/data/1090727/000109072717000011/ups-12312016x10k.htm,19.327625570776256,-0.2728310502283105,1.2671232876712328,-0.0205479452054794,5.213470319634703,0.4897260273972603,-5.80593607305936,0.4897260273972603,14.262557077625573,100424640000.0,109342640000.0,-105.04669456066944,5.9314062961431695,90.47264864864866,-5579.1466666666665,234.09006993006992,234.09006993006992,6.458132419821629,467.2762393162393,98.50688288288288,-6074.591111111111,-0.0023798940180417,-0.0001792388800198,28.89044289044289,0.3067745847875052,38.11111111111112,1.1293125263601855,-4.28,-4.644351464435147,0.006532261405169,-2.7447698744769875,0.0,0.0,0.1365065221157892,1.0162162162162165,0.0666233536117181,2.003552397868561,0.0070875908097572,,-0.0061513733849728,-0.0068508857421315,-33.63327625570776,1533000000.0,-5086000000.0,-26584000000.0,25848000000.0,6983500000.0,2664500000.0,171000000.0,40.90425846081153,15.771645832133188,1.7731436142634944,2.2002599090318387,5.706443129520053,50.75730994152047,-0.5571095571095571,1.2876712328767124,2017-01-31,1.68,bmo,17554226993.0,2025-04-25,2016-12-31,-0.0297619047619047,112.6763492063492,2518366.8095238097
2016-09-30,UPS,USD,1090727,2016-11-03,2016-11-03 17:09:53,2016,Q3,14928000000.0,7857000000.0,7071000000.0,0.4736736334,0,0.0,0.0,0.0,1096000000.0,5037000000.0,12894000000.0,0.0,94000000.0,554000000.0,2588000000.0,0.1733654877,2034000000.0,0.1362540193,-81000000.0,1953000000.0,0.1308279743,683000000.0,1270000000.0,0.0850750268,1.44,1.44,880000000,885000000,https://www.sec.gov/Archives/edgar/data/1090727/000109072716000086/0001090727-16-000086-index.htm,https://www.sec.gov/Archives/edgar/data/1090727/000109072716000086/ups-9302016x10q.htm,16.963636363636365,1.443181818181818,0.7613636363636364,-0.2318181818181818,6.088636363636364,3.144318181818182,-2.506818181818182,3.1170454545454547,17.522727272727273,96236800000.0,108263800000.0,18.94425196850393,6.446730975348339,143.63701492537314,-471.7490196078432,35.0845060153117,35.0845060153117,7.252398177920686,41.832998454404944,161.58776119402984,-530.7049019607844,0.0131966150162931,-0.0021197712309636,5.587313160772877,0.3997183245527098,4.647217928902627,1.1803655064744236,21.638297872340427,0.5275590551181102,0.006858083394294,0.5196850393700787,0.0,0.0,0.1297011110531532,1.3044776119402983,0.0585476956055734,1.5776173285198556,0.0083735262593783,10.060587698789831,0.0422944012745789,0.0380592765740657,-28.99204545454545,1964000000.0,-2206000000.0,-22722000000.0,25426000000.0,6191500000.0,2346000000.0,0.0,37.81350482315113,26.197021764032076,0.0,2.3801020408163267,3.4355050284215127,0.0,0.4629967189208895,0.9931818181818182,2016-10-27,1.44,bmo,14928000000.0,2025-04-25,2016-09-30,0.0,109.22015625,2314967.328125
2016-06-30,UPS,USD,1090727,2016-08-05,2016-08-05 09:27:01,2016,Q2,14629000000.0,11496000000.0,3133000000.0,0.2141636475,0,0.0,0.0,0.0,1095000000.0,1095000000.0,12591000000.0,0.0,94000000.0,555000000.0,2593000000.0,0.1772506665,2038000000.0,0.1393123248,-86000000.0,1952000000.0,0.1334335908,683000000.0,1269000000.0,0.0867455055,1.43,1.43,886000000,890000000,https://www.sec.gov/Archives/edgar/data/1090727/000109072716000074/0001090727-16-000074-index.htm,https://www.sec.gov/Archives/edgar/data/1090727/000109072716000074/ups-6302016x10q.htm,16.511286681715575,1.4322799097065462,2.283295711060948,1.6783295711060948,6.401805869074492,2.99097065462754,-2.626410835214447,2.963882618510158,16.320541760722346,95439920000.0,106746920000.0,18.80219070133964,6.524022147788639,47.17741967375185,64.18286482851379,36.34421934501143,36.34421934501143,7.296938956866498,41.16734284612418,52.76664359861592,71.78676529926025,0.0132963229642271,0.0155804824647799,5.47067783701447,0.3747098255040559,4.360586193598149,1.317438008232105,21.680851063829788,1.5941686367218282,0.006925823072777,0.5208825847123719,0.0,0.0,0.1298155924776337,0.2649530400395452,0.0366395515756374,0.9657657657657658,0.0089548157768815,9.773175758547572,0.042473193930737,0.0380372879323781,-28.706264108352144,3162000000.0,-2327000000.0,-22566000000.0,26390000000.0,6176000000.0,2222500000.0,0.0,37.595871214710506,18.82828810020877,0.0,2.393879888725249,4.78004158004158,0.0,0.4832444782939832,0.6049661399548533,2016-07-29,1.43,bmo,14629000000.0,2025-04-25,2016-06-30,0.0,104.0853125,2554694.859375
2016-03-31,UPS,USD,1090727,2016-05-10,2016-05-10 12:19:11,2016,Q1,14418000000.0,7853000000.0,6565000000.0,0.4553336108,0,0.0,0.0,0.0,1082000000.0,4742000000.0,12595000000.0,0.0,93000000.0,552000000.0,2375000000.0,0.1647246497,1823000000.0,0.1264391733,-76000000.0,1747000000.0,0.1211679845,616000000.0,1131000000.0,0.0784436122,1.27,1.27,889000000,894000000,https://www.sec.gov/Archives/edgar/data/1090727/000109072716000063/0001090727-16-000063-index.htm,https://www.sec.gov/Archives/edgar/data/1090727/000109072716000063/ups-3312016x10q.htm,16.21822272215973,1.2722159730033746,3.003374578177728,2.5230596175478066,7.049493813273341,2.7896512935883013,-2.844769403824522,2.763779527559055,17.470191226096738,93762830000.0,105313830000.0,20.72564765694076,6.503178665556943,35.117164794007486,41.80242086491306,38.16150997150997,38.16150997150997,7.304330004161465,44.3426652631579,39.44338202247191,46.952220240749,0.0120623492273004,0.0239220595197478,6.283272283272283,0.3941482843137255,4.863578947368421,1.25355919985583,19.602150537634408,2.360742705570292,0.0071030279269514,0.5888594164456233,0.0,0.0,0.1278850081699346,0.1599250936329588,0.0296157580801775,0.7735507246376812,0.0149119156609793,8.894537670304056,0.0369517536765535,0.033109868555871,-28.95416197975253,2814000000.0,-2529000000.0,-22776000000.0,26108000000.0,6687500000.0,2313500000.0,154000000.0,38.95755305867665,23.379600152807846,0.0,2.3102066976446083,3.8495098039215687,0.0,0.4603174603174603,0.4803149606299212,2016-04-28,1.22,bmo,13850362204.0,2025-04-25,2016-03-31,0.040983606557377,97.1855737704918,3369047.3278688523
2015-12-31,UPS,USD,1090727,2016-02-25,2016-02-24 17:39:52,2015,Q4,16054000000.0,8504000000.0,7550000000.0,0.4702877787,0,0.0,0.0,0.0,1302000000.0,5499000000.0,14003000000.0,0.0,85000000.0,541000000.0,2723000000.0,0.1696150492,2051000000.0,0.1277563224,-82000000.0,1969000000.0,0.1226485611,638000000.0,1331000000.0,0.0829076866,1.49,1.48,893000000,898000000,https://www.sec.gov/Archives/edgar/data/1090727/000109072716000053/0001090727-16-000053-index.htm,https://www.sec.gov/Archives/edgar/data/1090727/000109072716000053/ups-12312015x10k.htm,17.977603583426653,1.490481522956327,1.1366181410974243,0.3180291153415454,5.2922732362821945,2.789473684210526,-2.7737961926091823,2.765957446808511,16.14669652855543,85933390000.0,97537390000.0,16.14075694966191,5.3527712719571445,84.66343842364533,302.5823591549296,34.790846153846154,34.790846153846154,6.075581786470662,35.819827396254134,96.09595073891626,343.44151408450705,0.0154887407560669,0.0033048853303704,5.803238866396761,0.3741484169037613,4.261476312890195,1.2348541510845177,24.12941176470588,0.7625845229151015,0.0072847120310277,0.4703230653643876,0.0,0.0,0.1296755501031035,0.7201970443349753,0.0455338233462065,1.3512014787430684,0.0075993521863709,9.631131321107077,0.0452593662911815,0.0399184236571394,-28.65565509518477,2512000000.0,-2477000000.0,-22612000000.0,25832000000.0,6594500000.0,2322500000.0,431000000.0,39.99377102279805,27.37888052681091,3.259642521166509,2.250350434538828,3.287205257054503,27.61038961038961,0.5388663967611336,0.8185890257558791,2016-02-02,1.42,bmo,14520178343.0,2025-04-25,2015-12-31,0.1056338028169015,102.154375,2976210.671875
2015-09-30,UPS,USD,1090727,2015-11-05,2015-11-05 16:45:40,2015,Q3,14237000000.0,7458000000.0,6779000000.0,0.4761536841,0,0.0,0.0,0.0,1122000000.0,4795000000.0,12253000000.0,0.0,83000000.0,527000000.0,2509000000.0,0.1762309475,1984000000.0,0.1393552012,-79000000.0,1905000000.0,0.1338062794,648000000.0,1257000000.0,0.0882910726,1.4,1.39,895000000,903000000,https://www.sec.gov/Archives/edgar/data/1090727/000109072715000043/0001090727-15-000043-index.htm,https://www.sec.gov/Archives/edgar/data/1090727/000109072715000043/ups-9302015x10q.htm,15.907262569832405,1.4044692737430169,2.4312849162011174,1.6603351955307262,6.356424581005586,2.176536312849162,-3.370949720670391,2.155307262569832,16.406703910614524,88327550000.0,99487550000.0,17.567134049323787,6.204084427899136,40.591704963235294,59.43980484522207,45.78929497148782,45.78929497148782,6.987957434852849,39.6522718214428,45.720381433823526,66.94989905787348,0.0142311204148648,0.016823742988456,7.569206842923795,0.3743654171580944,4.447987245914707,1.144241300867807,23.903614457831324,1.7311058074781225,0.0071212209554097,0.5003977724741447,0.0,0.0,0.1273011640428696,0.3170955882352941,0.048465266558966,1.3092979127134723,0.0087097000772634,8.252812464819268,0.0413104310209882,0.0369303992713811,-29.66117318435754,1712000000.0,-3017000000.0,-23473000000.0,24840000000.0,5836500000.0,2104000000.0,554000000.0,38.27702465407038,24.835076427996785,6.685438455349959,2.3512799339388937,3.623906705539359,13.462093862815884,0.6516329704510109,0.770949720670391,2015-10-27,1.37,bmo,14032151079.0,2025-04-25,2015-09-30,0.0145985401459852,98.75390625,3277100.28125
2015-06-30,UPS,USD,1090727,2015-08-07,2015-08-07 16:17:56,2015,Q2,14095000000.0,7502000000.0,6593000000.0,0.4677545229,0,0.0,0.0,0.0,1120000000.0,4633000000.0,12135000000.0,0.0,86000000.0,510000000.0,2475000000.0,0.1755941823,1960000000.0,0.139056403,-82000000.0,1878000000.0,0.1332387371,648000000.0,1230000000.0,0.0872649876,1.37,1.35,901000000,908000000,https://www.sec.gov/Archives/edgar/data/1090727/000109072715000035/0001090727-15-000035-index.htm,https://www.sec.gov/Archives/edgar/data/1090727/000109072715000035/ups-6302015x10q.htm,15.643729189789124,1.365149833518313,1.6514983351831298,0.9933407325194228,6.90566037735849,2.1842397336293007,-1.2475027746947835,2.164261931187569,14.69256381798002,87315910000.0,97037910000.0,17.747136178861787,6.194814473217453,58.68004704301075,97.55967597765364,44.77738974358974,44.77738974358974,6.884562610854913,39.20723636363636,65.21364919354839,108.42224581005588,0.0140867798319916,0.0102501365444167,6.7446153846153845,0.3530643472658452,3.928080808080808,1.3363098126759196,22.79069767441861,1.2097560975609756,0.0072609905800672,0.5154471544715448,0.0,0.0,0.0830044831011248,0.398521505376344,0.0420716566158212,1.1627450980392158,0.0095069173465768,8.153354575795259,0.0425068235194549,0.0360080798618226,-27.27025527192009,3465000000.0,-1124000000.0,-21515000000.0,24527000000.0,5671000000.0,2102500000.0,482500000.0,35.87229514012061,25.793121834177555,6.646227672620634,2.5088999644001424,3.4893023255813955,13.541516245487363,0.6307692307692307,0.658157602663707,2015-07-28,1.26,bmo,13155333333.0,2025-04-25,2015-06-30,0.0714285714285715,99.35571428571428,3138736.4603174604
2015-03-31,UPS,USD,1090727,2015-05-07,2015-05-07 16:48:48,2015,Q1,13977000000.0,7564000000.0,6413000000.0,0.4588252128,0,0.0,0.0,0.0,1092000000.0,4740000000.0,12304000000.0,0.0,87000000.0,506000000.0,2158000000.0,0.1543965085,1673000000.0,0.1196966445,-83000000.0,1590000000.0,0.1137583172,564000000.0,1026000000.0,0.0734063104,1.13,1.12,906000000,913000000,https://www.sec.gov/Archives/edgar/data/1090727/000109072715000019/0001090727-15-000019-index.htm,https://www.sec.gov/Archives/edgar/data/1090727/000109072715000019/ups-3312015x10q.htm,15.427152317880797,1.1324503311258278,3.0364238410596025,2.6335540838852096,7.082781456953643,2.0386313465783665,-1.2549668874172186,2.0187637969094925,14.559602649006624,87827640000.0,96449640000.0,21.40049707602339,6.283726121485297,31.925714285714285,36.80957250628667,48.01948605795516,48.01948605795516,6.90059669456965,44.69399443929564,35.059847328244274,40.42315171835708,0.0116819716435509,0.0271668463367568,7.164570803717878,0.3510125361620058,3.995366079703429,1.3114985862393969,19.229885057471265,2.681286549707602,0.0072414561065286,0.6198830409356725,0.0,0.0,0.0799314261223615,0.1326790258087968,0.0261143306861272,0.7213438735177866,0.0138799456249552,7.172054721708921,0.0361237574223201,0.0298707348317223,-27.118653421633557,3305000000.0,-1137000000.0,-21570000000.0,24190000000.0,6192500000.0,2404500000.0,377500000.0,36.85769478428848,24.45134849286092,4.890269698572184,2.441823899371069,3.6807785888077857,18.40389294403893,0.5609622744669218,0.4028697571743929,2015-04-28,1.09,bmo,13602616071.0,2025-04-25,2015-03-31,0.0275229357798165,102.6067213114754,3515472.950819672
2014-12-31,UPS,USD,1090727,2015-02-27,2015-02-27 16:52:14,2014,Q4,15895000000.0,9188000000.0,6707000000.0,0.4219565901,0,0.0,0.0,0.0,1363000000.0,5953000000.0,15141000000.0,0.0,87000000.0,497000000.0,2342000000.0,0.1473419314,754000000.0,0.0474363007,-92000000.0,662000000.0,0.0416483171,209000000.0,453000000.0,0.0284995282,0.5,0.49,908000000,917000000,https://www.sec.gov/Archives/edgar/data/1090727/000109072715000008/0001090727-15-000008-index.htm,https://www.sec.gov/Archives/edgar/data/1090727/000109072715000008/ups-12312014x10k.htm,17.505506607929515,0.4988986784140969,1.6905286343612336,0.7169603524229075,3.615638766519824,2.3766519823788546,-0.961453744493392,2.357929515418502,11.975770925110131,100942360000.0,109438360000.0,55.70770419426049,6.350573136206354,65.76049511400652,155.05738863287252,47.14729565623541,47.14729565623541,6.8850808430324,46.72859094790777,71.29534853420195,168.10807987711215,0.0044877096196284,0.0064492250825124,5.0382998598785615,0.3041075808406867,3.627668659265585,1.3668248639888876,8.666666666666666,3.3885209713024285,0.0058052932386363,1.293598233995585,0.0,0.0,0.0854500859857348,0.5758957654723127,0.055614973262032,1.778672032193159,0.0066687637621893,5.144733052191081,0.0185896120619512,0.013964241676942,-27.38133259911894,3169000000.0,-873000000.0,-21505000000.0,24481000000.0,6241500000.0,2433000000.0,467500000.0,37.71563384712174,26.97649107531563,3.3696125380931647,2.386278336586098,3.336238198983297,26.70930232558139,0.2115833722559551,0.973568281938326,2015-02-03,1.25,bmo,15895000000.0,2025-04-25,2014-12-31,0.0,105.52265625,3525412.8125
2014-09-30,UPS,USD,1090727,2014-11-06,2014-11-06 16:34:56,2014,Q3,14290000000.0,7217000000.0,7073000000.0,0.4949615115,0,0.0,0.0,0.0,1025000000.0,5119000000.0,12336000000.0,0.0,87000000.0,485000000.0,2415000000.0,0.1689993002,1954000000.0,0.1367389783,-85000000.0,1869000000.0,0.1307907628,655000000.0,1214000000.0,0.0849545136,1.33,1.32,913000000,922000000,https://www.sec.gov/Archives/edgar/data/1090727/000109072714000036/0001090727-14-000036-index.htm,https://www.sec.gov/Archives/edgar/data/1090727/000109072714000036/ups-9302014x10q.htm,15.651697699890471,1.329682365826944,2.583789704271632,1.8926615553121573,6.101861993428258,6.181818181818182,2.915662650602409,6.163198247535597,13.51369112814896,89738770000.0,97785770000.0,18.479977347611204,6.279829951014696,38.04102161933022,51.93215856481481,15.947888750666433,15.947888750666433,6.842951014695592,40.49100207039338,41.45221280203476,56.58898726851852,0.0135281551106617,0.0192558912942533,2.1771814465967654,0.3411964574165878,3.3320910973084885,1.464160070360598,22.45977011494253,1.943163097199341,0.0065523518987389,0.4843492586490939,0.0,0.0,0.0830501865983401,0.2674862229758372,0.0441567529741077,1.3010309278350516,0.0086773967809657,13.579015450465516,0.0434616766415831,0.0368727979589357,-21.937568455640744,4222000000.0,2662000000.0,-16944000000.0,25047000000.0,5833500000.0,2109000000.0,614500000.0,36.66759972008397,26.337813495912428,7.370098378827767,2.4544829955341805,3.4171401515151514,12.21150592216582,0.2157455127065932,0.6911281489594743,2014-10-24,1.28,bmo,13856969696.0,2025-04-25,2014-09-30,0.03125,99.3634375,2653198.625
2014-06-30,UPS,USD,1090727,2014-08-06,2014-08-06 17:14:09,2014,Q2,14268000000.0,8375000000.0,5893000000.0,0.4130221475,0,0.0,0.0,0.0,1123000000.0,5146000000.0,13521000000.0,0.0,89000000.0,473000000.0,2288000000.0,0.160358845,747000000.0,0.0523549201,-64000000.0,683000000.0,0.047869358,229000000.0,454000000.0,0.0318194561,0.49,0.49,918000000,927000000,https://www.sec.gov/Archives/edgar/data/1090727/000109072714000028/0001090727-14-000028-index.htm,https://www.sec.gov/Archives/edgar/data/1090727/000109072714000028/ups-6302014x10q.htm,15.54248366013072,0.494553376906318,-0.4738562091503268,-1.008714596949891,5.009803921568627,6.083877995642702,2.781045751633987,6.065359477124183,12.99673202614379,94241880000.0,103027880000.0,51.895308370044056,6.6051219512195125,-216.648,-101.77308855291577,16.925625,16.925625,7.220905522848332,45.02966783216783,-236.84570114942528,-111.26120950323974,0.0048173911640981,-0.0098257802157597,2.1267959770114944,0.3396919193367947,3.840034965034965,1.4802686817800168,8.393258426966293,-0.9581497797356828,0.006324152277098,1.3127753303964758,0.0,0.0,0.0869739823871948,-1.1287356321839082,0.034412671712924,1.0380549682875264,0.0099523409027193,8.215350890872303,0.0174678719366789,0.0142637217631719,-21.758442265795207,4004000000.0,2553000000.0,-16935000000.0,24823000000.0,5824500000.0,2116000000.0,661500000.0,36.869217830109335,22.63164179104478,6.856119402985075,2.441060735671514,3.97673314339981,13.126959247648903,0.081537356321839,0.5348583877995643,2014-07-29,1.24,bmo,14739669421.0,2025-04-25,2014-06-30,-0.0241935483870967,100.41587301587302,2651807.746031746
2014-03-31,UPS,USD,1090727,2014-05-08,2014-05-08 14:20:38,2014,Q1,13779000000.0,7265000000.0,6514000000.0,0.4727483852,0,0.0,0.0,0.0,1027000000.0,5001000000.0,12266000000.0,0.0,90000000.0,468000000.0,1981000000.0,0.1437695043,1513000000.0,0.1098047754,-90000000.0,1423000000.0,0.1032730967,512000000.0,911000000.0,0.0661151027,0.99,0.98,923000000,931000000,https://www.sec.gov/Archives/edgar/data/1090727/000109072714000017/0001090727-14-000017-index.htm,https://www.sec.gov/Archives/edgar/data/1090727/000109072714000017/ups-3312014x10q.htm,14.928494041170095,0.9869989165763814,2.4561213434452878,2.1072589382448537,7.621885157096425,6.784398699891658,3.529794149512459,6.768147345612134,13.187432286023837,89881740000.0,96017740000.0,24.66568057080131,6.523096015676029,39.64787825319805,46.21169151670952,14.387984632623658,14.387984632623658,6.968411350605995,48.469328621908126,42.35453903837671,49.366447300771206,0.0101355403222056,0.0216395454738637,1.9340483432047384,0.3257920992314952,3.0974255426552246,1.5903404764494724,16.81111111111111,2.4884742041712404,0.0066309352711685,0.6542261251372119,0.0,0.0,0.0810031009842254,0.1420379355977062,0.0233688946948254,0.688034188034188,0.011902169968793,12.25983145032349,0.0321650298553946,0.0267304363134884,-20.68526543878657,5427000000.0,3258000000.0,-16203000000.0,26200000000.0,6153000000.0,2302000000.0,544000000.0,37.90986283474853,26.337233310392293,8.485891259463179,2.374052377670572,3.4172154280338662,10.605839416058394,0.1458299983992316,0.3488624052004334,2014-04-24,1.08,bmo,15185020408.0,2025-04-25,2014-03-31,-0.0925925925925926,97.4688524590164,3494093.393442623
2013-12-31,UPS,USD,1090727,2014-02-28,2014-02-28 17:25:08,2013,Q4,14976000000.0,7647000000.0,7329000000.0,0.4893830128,0,0.0,0.0,0.0,1141000000.0,5421000000.0,13068000000.0,0.0,94000000.0,467000000.0,2379000000.0,0.1588541667,1908000000.0,0.1274038462,-84000000.0,1824000000.0,0.1217948718,657000000.0,1167000000.0,0.0779246795,1.26,1.25,928000000,937000000,https://www.sec.gov/Archives/edgar/data/1090727/000109072714000009/0001090727-14-000009-index.htm,https://www.sec.gov/Archives/edgar/data/1090727/000109072714000009/ups-12312013x10k.htm,16.137931034482758,1.2575431034482758,2.418103448275862,1.922413793103448,5.651939655172414,6.991379310344827,3.796336206896552,6.976293103448276,11.816810344827584,97514240000.0,103721240000.0,20.88994001713796,6.5113675213675215,43.45554367201426,54.66044843049328,15.062440531356192,15.062440531356192,6.925830662393162,43.59867171080286,46.22158645276292,58.139708520179376,0.0119674829030098,0.01829476392371,1.6793327154772937,0.3002319673036562,2.609079445145019,1.877296311877717,20.29787234042553,1.922879177377892,0.005722241182416,0.4781491002570694,0.0,0.0,0.0818789351596156,0.2049910873440285,0.0307158119658119,0.9850107066381156,0.0071447649572649,14.049635539656922,0.0419081815734364,0.0351009113604234,-20.90625,6256000000.0,3523000000.0,-16337000000.0,27182000000.0,6047000000.0,2147500000.0,495000000.0,39.07451923076923,29.16437818752452,4.743036484896037,2.303291294986158,3.085956416464891,18.975186104218363,0.1802594995366079,0.4956896551724138,2014-01-30,1.25,bmo,14976000000.0,2025-04-25,2013-12-31,0.0,98.5015625,3061670.875
2013-09-30,UPS,USD,1090727,2013-11-05,2013-11-05 17:12:58,2013,Q3,13521000000.0,6961000000.0,6560000000.0,0.4851712151,0,0.0,0.0,0.0,1011000000.0,4756000000.0,11717000000.0,0.0,92000000.0,460000000.0,2272000000.0,0.1680349087,1804000000.0,0.1334220842,-90000000.0,1714000000.0,0.1267657718,617000000.0,1097000000.0,0.0811330523,1.17,1.16,935000000,944000000,https://www.sec.gov/Archives/edgar/data/1090727/000109072713000033/0001090727-13-000033-index.htm,https://www.sec.gov/Archives/edgar/data/1090727/000109072713000033/ups-9302013x10q.htm,14.46096256684492,1.1732620320855616,1.7422459893048128,1.0844919786096257,7.111229946524064,3.909090909090909,0.7529411764705882,3.895187165775401,13.57433155080214,85430950000.0,92848950000.0,19.46922288058341,6.318389911988758,52.443799877225295,84.25142998027613,23.457152663371776,23.457152663371776,6.867017972043488,40.86661531690141,56.99751381215469,91.56701183431952,0.0128407796003673,0.011869234744551,3.459637561779242,0.3362151777137367,3.2649647887323945,1.7591100882240125,19.60869565217391,1.4849589790337283,0.0065784121562501,0.512306289881495,0.0,0.0,0.0787437293200982,0.3775322283609576,0.0454848014200133,1.3369565217391304,0.0087271651505066,10.14034970861967,0.0368200172316492,0.0317740767559739,-24.26149732620321,5937000000.0,704000000.0,-20063000000.0,26880000000.0,5515000000.0,1912500000.0,575500000.0,37.22209895717772,23.49231432265479,7.58942680649332,2.4179184549356223,3.8310401761144735,11.858603066439525,0.301208127402526,0.6577540106951871,2013-10-25,1.15,bmo,13404439655.0,2025-04-25,2013-09-30,0.008695652173913,87.89484375,3044690.78125
2013-06-30,UPS,USD,1090727,2013-08-02,2013-08-02 15:24:49,2013,Q2,13507000000.0,6981000000.0,6526000000.0,0.4831568816,0,0.0,0.0,0.0,1061000000.0,4784000000.0,11765000000.0,0.0,98000000.0,466000000.0,2211000000.0,0.1636929,1742000000.0,0.1289701636,-95000000.0,1647000000.0,0.1219367735,576000000.0,1071000000.0,0.0792922188,1.14,1.13,943000000,952000000,https://www.sec.gov/Archives/edgar/data/1090727/000109072713000028/0001090727-13-000028-index.htm,https://www.sec.gov/Archives/edgar/data/1090727/000109072713000028/ups-6302013x10q.htm,14.323435843054083,1.1357370095440085,1.7741251325556733,1.204665959703075,6.566277836691411,3.849416755037116,0.8515376458112407,3.8356309650053024,12.747613997879109,82088150000.0,89203150000.0,19.16156629318393,6.077452432072259,49.06643753735804,72.2606954225352,22.695092618191868,22.695092618191868,6.604216332272155,40.345160560832205,53.319276748356245,78.52389964788732,0.0130469501383573,0.0138387818461008,3.296378213989494,0.3248508296324551,3.218000904568069,1.841291939301128,17.775510204081634,1.562091503267974,0.0069193909230504,0.5303454715219421,0.0,0.0,0.0770236765387025,0.3209802749551703,0.0397571629525431,1.1523605150214593,0.0096986747612349,9.90030458839344,0.0370115649311949,0.0316153028692879,-23.881760339342524,6043000000.0,803000000.0,-19847000000.0,26750000000.0,5527500000.0,1982000000.0,573000000.0,36.23454505071444,25.88740868070477,7.271164589600343,2.4838175799926443,3.476593625498008,12.377659574468083,0.2961017417749516,0.5694591728525981,2013-07-23,1.13,bmo,13507000000.0,2025-04-25,2013-06-30,0.0,85.77703125,3461624.28125
2013-03-31,UPS,USD,1090727,2013-05-03,2013-05-03 16:34:13,2013,Q1,13434000000.0,6968000000.0,6466000000.0,0.4813160637,0,0.0,0.0,0.0,1064000000.0,4886000000.0,11854000000.0,0.0,96000000.0,474000000.0,2059000000.0,0.1532678279,1580000000.0,0.1176120292,-91000000.0,1489000000.0,0.1108381718,452000000.0,1037000000.0,0.0771921989,1.09,1.08,952000000,960000000,https://www.sec.gov/Archives/edgar/data/1090727/000109072713000012/0001090727-13-000012-index.htm,https://www.sec.gov/Archives/edgar/data/1090727/000109072713000012/ups-3312013x10q.htm,14.111344537815128,1.0892857142857142,1.846638655462185,1.370798319327731,7.701680672268908,4.246848739495798,1.300420168067227,4.23109243697479,13.405462184873947,80415440000.0,86625440000.0,19.386557377049183,5.985963972011315,45.74257110352673,61.62102681992337,19.96411122144985,19.96411122144985,6.4482239094834,42.07160757649344,49.27499431171786,66.37964750957855,0.0128955334945627,0.0162282268181334,3.144488579940417,0.3332719379029075,3.016027197668772,1.8024645257654963,16.458333333333332,1.695274831243973,0.0071130618697105,0.5515911282545806,0.0,0.0,0.0738060781476121,0.257679180887372,0.0337204108977221,0.9556962025316456,0.0116867649248176,10.183297222261892,0.0348374625256907,0.0294602272727272,-23.24185924369748,6447000000.0,1238000000.0,-19481000000.0,27140000000.0,5864000000.0,2117000000.0,487500000.0,37.630638677981246,25.26406429391504,7.517221584385763,2.3916681502581447,3.5623721881390598,11.972508591065292,0.2574478649453823,0.4758403361344537,2013-04-25,1.01,bmo,13046480769.0,2025-04-25,2013-03-31,0.0297029702970297,81.97866666666667,3902018.8333333335
2012-12-31,UPS,USD,1090727,2013-02-28,2013-02-28 11:08:41,2012,Q4,14571000000.0,11943000000.0,2628000000.0,0.1803582458,0,23911000000.0,0.0,-23911000000.0,-22069000000.0,5410000000.0,17353000000.0,0.0,109000000.0,476000000.0,-2300000000.0,-0.1578477798,-2782000000.0,-0.1909271841,-103000000.0,-2885000000.0,-0.1979960195,-1137000000.0,-1748000000.0,-0.1199643127,-1.83,-1.83,955202218,956000000,https://www.sec.gov/Archives/edgar/data/1090727/000109072713000005/0001090727-13-000005-index.htm,https://www.sec.gov/Archives/edgar/data/1090727/000109072713000005/ups-12312012x10k.htm,15.254361563888244,-1.829979000320956,2.212097041005824,1.6363027331245164,8.295625628457241,4.9549717440040535,2.048780837315853,4.871219844675863,13.58769876725726,70427059533.14,75970059533.14,-10.0725199561127,4.833371733795896,33.33036418984383,45.058899253448494,15.135839143163553,15.135839143163553,5.213784883202251,-33.030460666582606,35.9536486195646,48.60528441019834,-0.0248200054295531,0.0221931741912995,2.765957446808511,0.3311633172940843,-2.41,1.8582836710369488,-25.52293577981651,-1.2088100686498855,0.0075255165204022,-0.3032036613272311,1.6409992450758355,0.0,0.0714304093868203,0.2602934216753431,0.0377462082218104,1.1554621848739497,0.0086473131562693,,-0.0522097899207368,-0.0484384958572339,-22.431114162257945,7201000000.0,1957000000.0,-18539000000.0,27871000000.0,5828000000.0,2070500000.0,481000000.0,37.745521927115504,17.166541070082893,2.961567445365486,2.3843888070692194,5.242756804214223,30.38931297709924,-0.3756716097141629,0.5757943078813077,2013-01-31,1.38,bmo,15233318181.0,2025-04-25,2012-12-31,-0.0434782608695651,72.9417741935484,3533872.241935484
2012-09-30,UPS,USD,1090727,2012-11-02,2012-11-02 16:35:35,2012,Q3,13071000000.0,3018000000.0,10053000000.0,0.7691071838,0,7577000000.0,0.0,7577000000.0,1490000000.0,12305000000.0,12305000000.0,0.0,98000000.0,464000000.0,1236000000.0,0.0945604774,766000000.0,0.0586030143,-92000000.0,674000000.0,0.0515645322,205000000.0,469000000.0,0.0358809578,0.49,0.48,961000000,970000000,https://www.sec.gov/Archives/edgar/data/1090727/000109072712000026/0001090727-12-000026-index.htm,https://www.sec.gov/Archives/edgar/data/1090727/000109072712000026/ups-9302012x10q.htm,13.601456815816858,0.4880332986472424,1.303850156087409,0.6233090530697191,9.381893860561917,7.922996878251821,5.0260145681581685,7.834547346514048,15.718002081165452,69201610000.0,75778610000.0,36.88785181236674,5.294285823578915,55.2287390263368,115.52856427378966,9.191341479612166,9.191341479612166,5.797460791064188,61.30955501618123,60.47774142059058,126.508530884808,0.0067772989674662,0.008655867977638,1.9932261920573784,0.3841644480851935,5.3211974110032365,1.5884925648751094,7.816326530612245,2.671641791044776,0.0076876824108572,1.1343283582089552,0.5796802080942545,0.0,0.0712676633217284,0.5219473264166001,0.050034427358274,1.4094827586206895,0.0096396603167316,9.27519270208782,0.0163332047605044,0.0129272326350606,-18.72086368366285,6055000000.0,4830000000.0,-15106000000.0,26668000000.0,5543000000.0,1954500000.0,581000000.0,38.17994032591232,55.55666003976143,16.968190854870777,2.357258791704238,1.6199677938808374,5.304042179261863,0.0622924691194049,0.6805411030176899,2012-10-23,1.06,bmo,13071000000.0,2025-04-25,2012-09-30,0.0,75.59492063492064,4156726.365079365
2012-06-30,UPS,USD,1090727,2012-08-03,2012-08-03 16:49:35,2012,Q2,13349000000.0,3050000000.0,10299000000.0,0.7715184658,0,6747000000.0,0.0,6747000000.0,459000000.0,11559000000.0,11559000000.0,0.0,92000000.0,459000000.0,2255000000.0,0.1689265113,1790000000.0,0.1340924414,-86000000.0,1704000000.0,0.1276500112,588000000.0,1116000000.0,0.0836017679,1.16,1.15,962000000,971000000,https://www.sec.gov/Archives/edgar/data/1090727/000109072712000015/0001090727-12-000015-index.htm,https://www.sec.gov/Archives/edgar/data/1090727/000109072712000015/ups-6302012x10q.htm,13.876299376299375,1.16008316008316,1.632016632016632,1.0904365904365905,7.611226611226611,8.03014553014553,5.153846153846154,7.946985446985447,13.633056133056131,75767120000.0,82072120000.0,16.972921146953407,5.675864858790921,48.25931210191083,72.22795042897998,9.910676258992806,9.910676258992806,6.148184882762754,36.39561862527716,52.27523566878981,78.2384366062917,0.0147293443382828,0.013845055744497,1.703466317854807,0.3502972267799983,2.796008869179601,1.7502380952380951,19.456521739130437,1.406810035842294,0.007047912075845,0.478494623655914,0.5054311184358379,0.0,0.0744277375796863,0.3318471337579617,0.0390291407596074,1.1350762527233116,0.0099632931305715,14.402471655436772,0.038201379811717,0.0324324324324324,-18.3760395010395,6302000000.0,4958000000.0,-14750000000.0,26666000000.0,5589000000.0,2023000000.0,614000000.0,37.3578545209379,60.37377049180328,17.498360655737706,2.40913192564519,1.490713587487781,5.143338954468803,0.1459777632439503,0.5415800415800416,2012-07-24,1.17,bmo,13581156521.0,2025-04-25,2012-06-30,-0.0170940170940171,77.28,3485531.6825396824
2012-03-31,UPS,USD,1090727,2012-05-07,2012-05-07 10:40:55,2012,Q1,13136000000.0,3044000000.0,10092000000.0,0.7682704019,0,6835000000.0,0.0,6835000000.0,459000000.0,11567000000.0,11567000000.0,0.0,94000000.0,459000000.0,2034000000.0,0.1548416565,1569000000.0,0.1194427527,-88000000.0,1481000000.0,0.1127436054,511000000.0,970000000.0,0.0738428745,1.01,1.0,962000000,972000000,https://www.sec.gov/Archives/edgar/data/1090727/000109072712000004/0001090727-12-000004-index.htm,https://www.sec.gov/Archives/edgar/data/1090727/000109072712000004/ups-3312012x10q.htm,13.654885654885655,1.0083160083160083,2.37006237006237,1.9251559251559247,6.3201663201663205,7.795218295218295,4.873180873180873,7.716216216216216,12.56964656964657,77652640000.0,84517640000.0,20.01356701030928,5.911437271619976,34.05817543859649,41.92907127429805,10.461085814360771,10.461085814360771,6.434046894031669,41.55242871189774,37.06914035087719,45.6358747300216,0.0124915263666502,0.0238498008567384,1.6163276303381382,0.3336206656841754,3.3751229105211404,1.786159353042556,16.69148936170213,2.350515463917526,0.0068767784327744,0.5505154639175258,0.5203258221680876,0.0,0.0781636682145538,0.187719298245614,0.0325822168087697,0.9324618736383442,0.0123325213154689,13.230973037719629,0.0350263039618896,0.0292591698841698,-18.54339916839917,5930000000.0,4688000000.0,-14991000000.0,26355000000.0,5941500000.0,2150000000.0,623000000.0,38.62134591961024,59.13272010512483,18.774638633377133,2.33031754479333,1.522,4.793700787401575,0.1306749292738785,0.4449064449064449,2012-04-26,1.02,bmo,13398720000.0,2025-04-25,2012-03-31,-0.0196078431372549,76.77951612903226,4028448.032258065
2011-12-31,UPS,USD,1090727,2012-02-27,2012-02-27 14:19:33,2011,Q4,14166000000.0,4365000000.0,9801000000.0,0.6918678526,0,3852000000.0,0.0,3852000000.0,4612000000.0,8464000000.0,12829000000.0,0.0,96000000.0,451000000.0,1796000000.0,0.1267824368,1337000000.0,0.094380912,-88000000.0,1249000000.0,0.088168855,435000000.0,814000000.0,0.0574615276,0.85,0.84,962000000,972000000,https://www.sec.gov/Archives/edgar/data/1090727/000119312512081067/0001193125-12-081067-index.htm,https://www.sec.gov/Archives/edgar/data/1090727/000119312512081067/d274494d10k.htm,14.725571725571726,0.8461538461538461,1.7785862785862785,1.312889812889813,4.443866943866944,7.388773388773389,4.596673596673597,7.312889812889811,11.667359667359667,70408780000.0,78502780000.0,21.624318181818182,4.970265424255259,41.15066043249562,55.74725257323832,10.008355366027008,10.008355366027008,5.541633488634759,43.70978841870824,45.88122735242548,62.15580364212193,0.0115610581521225,0.0179381037421753,1.5818052594171996,0.3206824010835422,4.506681514476615,1.8857844642308872,13.927083333333334,2.101965601965602,0.0070587787489003,0.6105651105651105,0.2719186785260483,0.0,0.0774041093916601,0.2618351841028638,0.0316250176478893,0.9933481152993348,0.0086121699844698,11.79941402942154,0.0308770900490768,0.0254255817585506,-19.05197505197505,5770000000.0,4422000000.0,-15309000000.0,26077000000.0,5832000000.0,2137000000.0,622500000.0,39.68233799237611,47.422680412371136,12.597938144329897,2.2680115273775217,1.8978260869565216,7.144026186579378,0.1157071783937455,0.4656964656964657,2012-01-31,1.26,bmo,13944656250.0,2025-04-25,2011-12-31,0.0158730158730158,69.94380952380952,4376415.507936508
2011-09-30,UPS,USD,1090727,2011-11-04,2011-11-04 15:24:38,2011,Q3,13166000000.0,3135000000.0,10031000000.0,0.7618866778,0,6647000000.0,0.0,6647000000.0,447000000.0,11500000000.0,11500000000.0,0.0,84000000.0,447000000.0,2129000000.0,0.1617043901,1666000000.0,0.1265380526,-68000000.0,1598000000.0,0.1213732341,526000000.0,1072000000.0,0.0814218441,1.1,1.09,977000000,987000000,https://www.sec.gov/Archives/edgar/data/1090727/000119312511297241/0001193125-11-297241-index.htm,https://www.sec.gov/Archives/edgar/data/1090727/000119312511297241/d238112d10q.htm,13.475946775844422,1.097236438075742,2.096212896622313,1.4759467758444218,5.5813715455475945,8.05424769703173,5.302968270214944,7.981576253838281,12.779938587512794,61697550000.0,69966550000.0,14.388421175373136,4.686127145678262,30.12575683593749,42.78609570041609,7.911971018209797,7.911971018209797,5.314184262494304,32.8635744480977,34.1633544921875,48.52049237170596,0.0173750821548019,0.0233720787940526,1.5904077968709929,0.3519495998637834,3.883983090652889,1.6812674743709226,19.83333333333333,1.965451055662188,0.0079905928193258,0.4598880597014925,0.5048610056205377,0.0,0.0762812872467222,0.2958984375,0.0460276469694668,1.3557046979865772,0.0098739176667173,14.037368582726158,0.0384894107957638,0.0329339477726574,-17.948311156601843,5117000000.0,5181000000.0,-14741000000.0,25386000000.0,5510000000.0,2026000000.0,647500000.0,37.03630563572839,56.66985645933014,18.20095693779904,2.430047988187523,1.588145896656535,4.944794952681388,0.1374711464478071,0.6202661207778914,2011-10-25,1.05,bmo,13041792452.0,2025-04-25,2011-09-30,0.0095238095238095,67.3290625,6259150.421875
2011-06-30,UPS,USD,1090727,2011-08-05,2011-08-05 11:04:58,2011,Q2,13191000000.0,3136000000.0,10055000000.0,0.7622621484,0,6683000000.0,0.0,6683000000.0,443000000.0,11493000000.0,11493000000.0,0.0,83000000.0,443000000.0,2197000000.0,0.1665529528,1698000000.0,0.1287241301,-74000000.0,1624000000.0,0.1231142446,561000000.0,1063000000.0,0.0805852475,1.08,1.07,988000000,998000000,https://www.sec.gov/Archives/edgar/data/1090727/000119312511211659/0001193125-11-211659-index.htm,https://www.sec.gov/Archives/edgar/data/1090727/000119312511211659/d10q.htm,13.351214574898783,1.075910931174089,2.0576923076923075,1.5020242914979758,5.705465587044534,8.430161943319838,5.703441295546559,8.354251012145749,12.392712550607287,72054840000.0,79524840000.0,16.946105362182504,5.462424380259268,35.44261682242991,48.554474393531,8.729687424279138,8.729687424279138,6.028719581532863,36.19701411015021,39.116989670437775,53.58816711590296,0.0147526522853981,0.0205954242629641,1.4733462563605524,0.3459547109695038,3.400091033227128,1.699921239170386,20.457831325301203,1.9125117591721543,0.0069946723911953,0.4741298212605832,0.5066333105905542,0.0,0.0766385980883022,0.2700442695523856,0.0416192858767341,1.2392776523702032,0.0115230081115912,14.221099629745432,0.0384473914528236,0.0327500154045227,-16.856275303643724,5332000000.0,5635000000.0,-13873000000.0,25515000000.0,5532000000.0,2047500000.0,678000000.0,38.22151466909256,59.63647959183673,18.97002551020408,2.35469475187433,1.509143407122233,4.7443267776096825,0.1287860431306033,0.555668016194332,2011-07-26,1.04,bmo,13065371428.0,2025-04-25,2011-06-30,0.0096153846153846,72.57730158730159,3942453.587301587
2011-03-31,UPS,USD,1090727,2011-05-05,2011-05-05 15:28:06,2011,Q1,12582000000.0,2871000000.0,9711000000.0,0.7718168813,0,7844000000.0,0.0,7844000000.0,441000000.0,8285000000.0,11156000000.0,0.0,85000000.0,441000000.0,1867000000.0,0.148386584,1426000000.0,0.1133365125,-28000000.0,1352000000.0,0.1074550946,467000000.0,885000000.0,0.0703385789,0.92,0.91,992000000,1002000000,https://www.sec.gov/Archives/edgar/data/1090727/000119312511128327/0001193125-11-128327-index.htm,https://www.sec.gov/Archives/edgar/data/1090727/000119312511128327/d10q.htm,12.683467741935484,0.8921370967741935,1.2913306451612905,0.8860887096774194,5.487903225806452,8.300403225806452,5.57258064516129,8.22983870967742,12.240927419354838,73725440000.0,81126440000.0,20.826395480225987,5.859596248609124,57.55303669008587,83.87422070534699,9.030553650171482,9.030553650171482,6.447817517087904,43.45283342260311,63.33055425448868,92.29401592719,0.0120039975346366,0.0119226145005034,1.4769720725134738,0.3485575533329479,3.96411355115158,1.659171597633136,16.776470588235295,1.447457627118644,0.0068226110281607,0.5683615819209039,0.6234302972500397,0.0,0.0782216569347285,0.3138173302107728,0.0319504053409632,0.91156462585034,0.0095374344301382,12.852947105658629,0.0327029166209727,0.0277533868539889,-16.60483870967742,5013000000.0,5528000000.0,-13742000000.0,25126000000.0,5544500000.0,1995500000.0,677000000.0,39.07010014306152,63.22884012539185,21.78683385579937,2.303551812522885,1.423401090728805,4.130935251798562,0.1084027437530622,0.4052419354838709,2011-04-26,0.85,bmo,12153068181.0,2025-04-25,2011-03-31,0.0352941176470588,73.18580645161289,4443770.854838709
2010-12-31,UPS,USD,1090727,2011-02-28,2011-02-28 13:54:49,2010,Q4,13421000000.0,3017000000.0,10404000000.0,0.77520304,0,8146000000.0,0.0,8146000000.0,444000000.0,8590000000.0,11607000000.0,0.0,94000000.0,444000000.0,2268000000.0,0.168988898,1814000000.0,0.1351613144,-84000000.0,1730000000.0,0.1289024663,611000000.0,1119000000.0,0.0833767976,1.13,1.12,992000000,1002000000,https://www.sec.gov/Archives/edgar/data/1090727/000119312511049356/0001193125-11-049356-index.htm,https://www.sec.gov/Archives/edgar/data/1090727/000119312511049356/d10k.htm,13.529233870967742,1.128024193548387,-0.0887096774193548,-0.469758064516129,4.113911290322581,8.111895161290322,5.410282258064516,8.043346774193548,11.028225806451612,71999360000.0,79475360000.0,16.085647899910636,5.364679234036212,-818.1745454545454,-154.5050643776824,9.023606968291766,9.023606968291766,5.921716712614559,35.042045855379186,-903.1290909090908,-170.54798283261803,0.0155418048160428,-0.0064722797535978,1.359318210302043,0.322826442837158,3.2962962962962963,1.96018298881735,19.29787234042553,-0.0786416443252904,0.0063195006177832,0.4066130473637176,0.6069592429774234,0.0,0.079769026996458,-4.295454545454546,0.028164816332613,0.8513513513513513,0.012666716340064,14.287915158054664,0.0418300516212791,0.0361936798525083,-17.055695564516128,5667000000.0,5367000000.0,-13981000000.0,25734000000.0,5438500000.0,1907000000.0,660500000.0,37.734147977050895,58.88631090487239,19.658601259529338,2.3851075173271727,1.5283687943262412,4.57814871016692,0.1402431382378744,0.3810483870967742,2011-02-01,1.05,bmo,13048194444.0,2025-04-25,2010-12-31,0.0285714285714285,69.87328125,3905864.921875
2010-09-30,UPS,USD,1090727,2010-11-05,2010-11-05 16:32:37,2010,Q3,12192000000.0,2662000000.0,9530000000.0,0.781660105,0,6411000000.0,0.0,6411000000.0,448000000.0,10576000000.0,10576000000.0,0.0,91000000.0,448000000.0,2079000000.0,0.1705216535,1616000000.0,0.1325459318,-76000000.0,1540000000.0,0.126312336,549000000.0,991000000.0,0.0812828084,1.0,0.99,994000000,1004000000,https://www.sec.gov/Archives/edgar/data/1090727/000119312510250170/0001193125-10-250170-index.htm,https://www.sec.gov/Archives/edgar/data/1090727/000119312510250170/d10q.htm,12.26559356136821,0.9969818913480886,0.9164989939637826,0.5674044265593562,3.774647887323943,8.577464788732394,5.867203219315895,8.511066398390343,9.79175050301811,66289860000.0,72911860000.0,16.7229717457114,5.437160433070866,72.7660373216246,117.53521276595744,7.835680851063829,7.835680851063829,5.980303477690288,35.07063973063973,80.03497255762898,129.2763475177305,0.014949496046605,0.0085080885673917,1.1397163120567375,0.2930075667791047,3.185185185185185,1.58153212762829,17.75824175824176,0.9192734611503532,0.0068185390646472,0.4561049445005045,0.5258366141732284,0.0,0.0818670799525936,0.3809001097694841,0.0284612860892388,0.7745535714285714,0.0091043307086614,13.817417602188488,0.038372933339723,0.032800450137358,-16.459255533199194,3955000000.0,5832000000.0,-13625000000.0,24120000000.0,5180000000.0,1774000000.0,607000000.0,38.754921259842526,62.20886551465064,22.381667918858003,2.322285714285714,1.4467391304347823,4.021148036253776,0.1171394799054373,0.3490945674044265,2010-10-21,0.88,bmo,11536516129.0,2025-04-25,2010-09-30,0.0568181818181818,64.62703125,4521320.140625
2010-06-30,UPS,USD,1090727,2010-08-09,2010-08-09 09:24:56,2010,Q2,12204000000.0,2330000000.0,9874000000.0,0.8090789905,0,6515000000.0,0.0,6515000000.0,449000000.0,10802000000.0,10802000000.0,0.0,84000000.0,449000000.0,1833000000.0,0.1501966568,1402000000.0,0.1148803671,-102000000.0,1300000000.0,0.1065224517,455000000.0,845000000.0,0.0692395936,0.85,0.84,994000000,1003000000,https://www.sec.gov/Archives/edgar/data/1090727/000119312510182606/0001193125-10-182606-index.htm,https://www.sec.gov/Archives/edgar/data/1090727/000119312510182606/d10q.htm,12.277665995975855,0.8501006036217303,1.471830985915493,1.0885311871227363,4.031187122736418,7.977867203219316,5.283702213279678,7.912474849094568,10.39738430583501,56548660000.0,63547660000.0,16.73037278106509,4.633616846935431,38.65253588516747,52.26308687615527,7.189912269548633,7.189912269548633,5.207117338577516,34.66866339334425,43.43654135338346,58.73166358595194,0.0149428828198581,0.019133963563416,1.3033693579148125,0.3081246806336229,3.818330605564648,1.43410953557955,16.69047619047619,1.7313609467455622,0.0080461676722313,0.5384615384615384,0.5338413634873812,0.0,0.0804953560371517,0.2604237867395762,0.0312192723697148,0.8485523385300668,0.011307767944936,12.302194601799048,0.0334802895036555,0.0276225033506586,-17.327464788732396,3337000000.0,5252000000.0,-14315000000.0,23630000000.0,5093500000.0,1748000000.0,557500000.0,37.68436578171091,65.97424892703863,21.321888412017167,2.38825831702544,1.364168618266979,4.221014492753623,0.1074380165289256,0.3832997987927565,2010-07-22,0.77,bmo,11187000000.0,2025-04-25,2010-06-30,0.0909090909090908,64.11095238095238,5770554.301587301
2010-03-31,UPS,USD,1090727,2010-05-07,2010-05-07 16:19:03,2010,Q1,11728000000.0,2453000000.0,9275000000.0,0.7908424284,0,6539000000.0,0.0,6539000000.0,451000000.0,10686000000.0,10686000000.0,0.0,85000000.0,451000000.0,1489000000.0,0.1269611187,1042000000.0,0.0888472033,-89000000.0,953000000.0,0.0812585266,420000000.0,533000000.0,0.045446794,0.54,0.53,995000000,1004000000,https://www.sec.gov/Archives/edgar/data/1090727/000119312510112914/0001193125-10-112914-index.htm,https://www.sec.gov/Archives/edgar/data/1090727/000119312510112914/d10q.htm,11.786934673366837,0.535678391959799,1.55678391959799,1.2723618090452262,3.130653266331658,7.6512562814070355,4.939698492462312,7.584924623115578,10.089447236180904,64087950000.0,71497950000.0,30.060014071294557,5.464525068212824,41.37375726275016,50.62239336492891,8.491844441499934,8.491844441499934,6.096346350613915,48.01742780389523,46.15748870238864,56.47547393364929,0.0083166960403632,0.0197541035405251,1.3189346760302108,0.3062392320945114,4.976494291470786,1.3657344556068425,12.258823529411766,2.906191369606004,0.0071152221283408,0.8555347091932458,0.5575545702592087,0.0,0.0830051685946345,0.1826985151710781,0.0241302864938608,0.6274944567627494,0.0085266030013642,9.561344312807371,0.0219551120885348,0.0178823055760585,-17.775628140703517,2694000000.0,4915000000.0,-14831000000.0,23150000000.0,5223000000.0,1777000000.0,574000000.0,38.9606070941337,65.60130452507134,20.65633917651855,2.310025605672642,1.371923937360179,4.357015985790409,0.0706240890420034,0.2844221105527638,2010-04-27,0.58,bmo,9580619718.0,2025-04-25,2010-03-31,0.2241379310344828,60.1,5479908.31147541
2009-12-31,UPS,USD,1090727,2010-02-26,2010-02-26 16:12:48,2009,Q4,12377000000.0,2637000000.0,9740000000.0,0.7869435243,0,8031000000.0,0.0,8031000000.0,450000000.0,8481000000.0,11118000000.0,0.0,89000000.0,450000000.0,1722000000.0,0.1391290297,1259000000.0,0.101720934,-76000000.0,1183000000.0,0.0955805122,426000000.0,757000000.0,0.0611618324,0.76,0.75,995000000,1004000000,https://www.sec.gov/Archives/edgar/data/1090727/000119312510042908/0001193125-10-042908-index.htm,https://www.sec.gov/Archives/edgar/data/1090727/000119312510042908/d10k.htm,12.439195979899498,0.7608040201005025,1.057286432160804,0.6381909547738693,2.1105527638190957,7.734673366834171,5.036180904522613,7.668341708542713,9.658291457286431,57083150000.0,65062150000.0,18.85176684280053,4.6120344186798095,54.2615494296578,89.89472440944881,7.481408912188729,7.481408912188729,5.256697907408904,37.78289779326364,61.84615019011407,102.46007874015748,0.0132613564598309,0.0111241233183522,1.2478374836173,0.2986230906752815,4.633565621370499,1.4866164449431,14.146067415730338,1.3896961690885072,0.0076730173439973,0.5785997357992074,0.6488648299264765,0.0,0.0842141580152432,0.3963878326996197,0.0336915246020845,0.9266666666666666,0.0095338127171366,11.457197169713114,0.0304046605572758,0.0259264333173505,-17.857035175879396,3036000000.0,5011000000.0,-14912000000.0,23700000000.0,5110000000.0,1626000000.0,641500000.0,39.04096307667448,60.27303754266212,19.96587030716724,2.3052710001862544,1.4932049830124576,4.507692307692308,0.0992136304062909,0.4190954773869347,2010-02-02,0.74,bmo,12211973333.0,2025-04-25,2009-12-31,0.0135135135135135,56.89046875,4168800.59375
2009-09-30,UPS,USD,1090727,2009-11-06,2009-11-06 16:17:47,2009,Q3,11153000000.0,2198000000.0,8955000000.0,0.8029229804,0,6341000000.0,0.0,6341000000.0,441000000.0,10224000000.0,10224000000.0,0.0,93000000.0,441000000.0,1376000000.0,0.1233748767,929000000.0,0.0832959742,-87000000.0,842000000.0,0.0754953824,293000000.0,549000000.0,0.0492244239,0.55,0.55,997000000,1004000000,https://www.sec.gov/Archives/edgar/data/1090727/000119312509227554/0001193125-09-227554-index.htm,https://www.sec.gov/Archives/edgar/data/1090727/000119312509227554/d10q.htm,11.186559679037112,0.5506519558676028,1.0812437311935807,0.5656970912738215,2.796389167502507,7.067201604814444,4.439317953861584,7.002006018054162,10.429287863590773,56300590000.0,64363590000.0,25.63779143897996,5.048022056845692,52.226892393320966,99.82374113475176,8.06483168600487,8.06483168600487,5.770966556083565,46.775864825581394,59.70648423005566,114.11984042553192,0.0097512299604675,0.0100176570085677,1.4761495487752472,0.3199217658563845,5.859738372093023,1.4121641570711545,9.989247311827956,1.9635701275045536,0.0077619080013193,0.7959927140255009,0.5685465793956783,0.0,0.081338673124088,0.4768089053803339,0.0460862548193311,1.1655328798185942,0.0083385636151708,9.31410419465343,0.0225730660060613,0.0185529383934304,-18.445085255767303,2792000000.0,4426000000.0,-15599000000.0,23504000000.0,4710000000.0,1501500000.0,664000000.0,39.145521384380885,60.84622383985441,28.58052775250227,2.2991135848278708,1.4791386271870794,3.1489971346704877,0.0786420283626987,0.5155466399197592,2009-10-22,0.52,bmo,10544654545.0,2025-04-25,2009-09-30,0.0576923076923077,53.85296875,4155204.59375
2009-06-30,UPS,USD,1090727,2009-08-07,2009-08-07 16:06:06,2009,Q2,10829000000.0,2000000000.0,8829000000.0,0.8153107397,0,6330000000.0,0.0,6330000000.0,426000000.0,9934000000.0,9934000000.0,0.0,181000000.0,426000000.0,1299000000.0,0.1199556746,895000000.0,0.082648444,-203000000.0,692000000.0,0.0639024841,247000000.0,445000000.0,0.0410933604,0.45,0.44,998000000,1004000000,https://www.sec.gov/Archives/edgar/data/1090727/000119312509169068/0001193125-09-169068-index.htm,https://www.sec.gov/Archives/edgar/data/1090727/000119312509169068/d10q.htm,10.850701402805612,0.4458917835671342,0.9609218436873748,0.6713426853707415,3.3537074148296595,6.806613226452906,4.313627254509018,6.806613226452906,11.08617234468938,49890020000.0,57955020000.0,28.028101123595505,4.607075445562841,52.0229614181439,74.46271641791044,7.344327984690122,7.344327984690122,5.3518348878012745,44.615103926097,60.432763295099065,86.50002985074627,0.0089196195952617,0.0134295396153378,1.6020903871632564,0.3344499078057775,6.208622016936105,1.422663127008523,4.94475138121547,2.155056179775281,0.0087793109724149,0.9842696629213484,0.5845415089112568,0.0,0.076459741856177,0.3013555787278415,0.0266875981161695,0.6784037558685446,0.0105272878382122,8.263642690174926,0.0210051791063668,0.0148076667110342,-18.69564128256513,3025000000.0,4305000000.0,-15565000000.0,23487000000.0,4624500000.0,1597000000.0,566500000.0,37.97303536799335,68.265,28.35,2.3701028671481725,1.3183915622940012,3.1746031746031744,0.0655086118062711,0.2895791583166333,2009-07-23,0.49,bmo,10829000000.0,2025-04-25,2009-06-30,0.0,51.838412698412704,5627531.412698412
2009-03-31,UPS,USD,1090727,2009-05-07,2009-05-07 17:03:47,2009,Q1,10938000000.0,1984000000.0,8954000000.0,0.8186140062,0,7806000000.0,0.0,7806000000.0,430000000.0,8236000000.0,10220000000.0,0.0,82000000.0,430000000.0,1161000000.0,0.1061437191,718000000.0,0.0656427135,-69000000.0,649000000.0,0.0593344304,248000000.0,401000000.0,0.0366611812,0.4,0.4,997000000,1003000000,https://www.sec.gov/Archives/edgar/data/1090727/000119312509103543/0001193125-09-103543-index.htm,https://www.sec.gov/Archives/edgar/data/1090727/000119312509103543/d10q.htm,10.970912738214643,0.4022066198595787,2.2026078234704114,1.819458375125376,4.359077231695085,6.800401203610832,4.319959879638917,6.800401203610832,12.20160481444333,49072340000.0,57417340000.0,30.59372817955112,4.4864088498811485,22.34623861566484,27.052006615215,7.237808259587021,7.237808259587021,5.249345401353081,49.45507321274763,26.14632969034608,31.65233737596472,0.008171609505477,0.0369658345210356,1.7821533923303834,0.3577710005033607,7.187769164513351,1.2926995678871958,8.75609756097561,5.476309226932669,0.0089255984124661,1.0922693266832917,0.7136588041689522,0.0,0.0732241731560714,0.1739526411657559,0.0349241177546169,0.8883720930232558,0.0095995611629182,7.844822725234127,0.0156622517907242,0.012811501597444,-18.942326980942827,2574000000.0,4307000000.0,-15625000000.0,23047000000.0,5113500000.0,1766000000.0,498500000.0,38.50795392210642,76.07358870967742,22.817540322580644,2.3371794871794878,1.1830649970184854,3.944333996023857,0.0591445427728613,0.3831494483450351,2009-04-23,0.56,bmo,11779384615.0,2025-04-25,2009-03-31,-0.0714285714285714,45.78032786885246,6849519.540983606
2008-12-31,UPS,USD,1090727,2009-02-27,2009-02-27 16:19:19,2008,Q4,12697000000.0,2708000000.0,9989000000.0,0.7867212727,0,8732000000.0,0.0,8732000000.0,454000000.0,9186000000.0,11894000000.0,0.0,100000000.0,454000000.0,1274000000.0,0.1003386627,803000000.0,0.0632432858,-83000000.0,720000000.0,0.0567063086,466000000.0,254000000.0,0.0200047255,0.25,0.25,997000000,1003000000,https://www.sec.gov/Archives/edgar/data/1090727/000119312509040973/0001193125-09-040973-index.htm,https://www.sec.gov/Archives/edgar/data/1090727/000119312509040973/d10k.htm,12.735205616850552,0.2547642928786359,1.4824473420260782,0.9528585757271816,1.0521564694082246,6.800401203610832,4.295887662988967,6.800401203610832,10.001003009027082,54994520000.0,64358520000.0,54.12846456692913,4.331300307159172,37.20874154262517,57.88896842105263,8.111286135693215,8.111286135693215,5.0687973537056,50.51689167974882,43.544330175913394,67.7458105263158,0.0046186420028759,0.0172744484359532,1.4558997050147493,0.3096395746416136,7.350078492935636,1.1315082512472816,8.03,5.818897637795276,0.007964429910471,1.7244094488188977,0.6877215090178782,0.0,0.0783274255779666,0.3572395128552097,0.0415846262896747,1.1629955947136563,0.0111837441915413,6.243495542434631,0.0108387111859334,0.0086447484854672,-19.7018555667001,1028000000.0,4283000000.0,-16254000000.0,21790000000.0,5720500000.0,1932500000.0,507000000.0,39.318736709458925,61.65066469719351,16.418020679468242,2.288985036956914,1.4598382749326146,5.481781376518219,0.0374631268436578,0.5295887662988967,2009-02-03,0.85,bmo,13002951807.0,2025-04-25,2008-12-31,-0.0235294117647059,53.511875,7242671.703125
2008-09-30,UPS,USD,1090727,2008-11-07,2008-11-07 16:18:13,2008,Q3,13113000000.0,3178000000.0,9935000000.0,0.757645085,0,7847000000.0,0.0,7847000000.0,456000000.0,8303000000.0,11481000000.0,0.0,104000000.0,456000000.0,2075000000.0,0.1582399146,1632000000.0,0.1244566461,-117000000.0,1515000000.0,0.1155342027,545000000.0,970000000.0,0.0739723938,0.96,0.96,1006000000,1013000000,https://www.sec.gov/Archives/edgar/data/1090727/000119312508230029/0001193125-08-230029-index.htm,https://www.sec.gov/Archives/edgar/data/1090727/000119312508230029/d10q.htm,13.034791252485087,0.9642147117296224,1.908548707753479,1.191848906560636,1.7514910536779325,11.035785288270375,7.903578528827038,11.035785288270375,10.997017892644136,63267340000.0,72987340000.0,16.306015463917525,4.824779989323572,32.951739583333335,52.76675562969141,5.698733561520447,5.698733561520447,5.566029131396324,35.17462168674699,38.014239583333335,60.873511259382816,0.0153317651729944,0.0189513262292993,0.98711943793911,0.2871479103891,4.68433734939759,1.1226036558181007,15.692307692307692,1.9793814432989687,0.0070178389039273,0.4577319587628866,0.5984137878441241,0.0,0.0825625573169134,0.3755208333333333,0.0549836040570426,1.581140350877193,0.0093800045756119,15.473186385967551,0.0325639145814357,0.0277032044325127,-20.49751491053678,1100000000.0,7951000000.0,-16991000000.0,22612000000.0,5920000000.0,2147000000.0,522000000.0,40.45298558682224,56.92259282567653,14.72624292007552,2.224804886325076,1.581094527363184,6.111538461538461,0.0873716447486939,0.7166998011928429,2008-10-23,0.89,bmo,12156843750.0,2025-04-25,2008-09-30,0.0786516853932583,63.3178125,5934782.359375
2008-06-30,UPS,USD,1090727,2008-08-08,2008-08-08 16:06:49,2008,Q2,13001000000.0,3149000000.0,9852000000.0,0.7577878625,0,7946000000.0,0.0,7946000000.0,452000000.0,8398000000.0,11547000000.0,0.0,104000000.0,452000000.0,1920000000.0,0.1476809476,1454000000.0,0.111837551,-90000000.0,1364000000.0,0.1049150065,491000000.0,873000000.0,0.0671486809,0.86,0.85,1021000000,1029000000,https://www.sec.gov/Archives/edgar/data/1090727/000119312508171912/0001193125-08-171912-index.htm,https://www.sec.gov/Archives/edgar/data/1090727/000119312508171912/d10q.htm,12.733594515181196,0.8550440744368266,1.6875612144955925,0.9764936336924585,1.654260528893242,10.79333986287953,7.639569049951028,10.79333986287953,10.732615083251714,62760870000.0,72436870000.0,17.97275773195876,4.827387893238981,36.425345327916425,62.949719157472416,5.695178765880218,5.695178765880218,5.571638335512653,37.72753645833333,42.04113174695299,72.65483450351053,0.013909941018982,0.0158856943825029,0.9849364791288566,0.2852112676056338,5.039583333333334,0.9956857630179592,13.98076923076923,1.973654066437572,0.007186006185064,0.5166093928980527,0.6111837550957618,0.0,0.0846121505150304,0.4213580963435868,0.0558418583185908,1.606194690265487,0.0,14.409981925582125,0.0293472923146069,0.025060282466414,-20.201273261508327,-43000000.0,7800000000.0,-17112000000.0,21390000000.0,5951000000.0,2115000000.0,582500000.0,41.16144911929852,65.27786598920292,14.97618291521118,2.1865119408005382,1.3787215411558669,6.009541984732825,0.0792196007259528,0.7110675808031341,2008-07-22,0.85,bmo,13001000000.0,2025-04-25,2008-06-30,0.0,70.1428125,5515933.34375
2008-03-31,UPS,USD,1090727,2008-05-09,2008-05-09 16:16:23,2008,Q1,12675000000.0,2545000000.0,10130000000.0,0.7992110454,0,7887000000.0,0.0,7887000000.0,750000000.0,8637000000.0,11182000000.0,0.0,134000000.0,452000000.0,1888000000.0,0.1489546351,1493000000.0,0.117790927,-77000000.0,1416000000.0,0.1117159763,510000000.0,906000000.0,0.0714792899,0.87,0.87,1037000000,1044000000,https://www.sec.gov/Archives/edgar/data/1090727/000119312508109787/0001193125-08-109787-index.htm,https://www.sec.gov/Archives/edgar/data/1090727/000119312508109787/d10q.htm,12.222757955641272,0.8736740597878495,3.1870781099324974,2.549662487945998,1.4310511089681774,11.179363548698168,8.075216972034715,11.179363548698168,9.581485053037609,75721740000.0,84514740000.0,20.89451986754967,5.974101775147929,22.911267776096825,28.63908472012103,6.531677736565168,6.531677736565168,6.667829585798817,44.76416313559322,25.57178214826021,31.964727685325265,0.0119648597615427,0.034917317008299,0.8455102216854998,0.2615959434214038,4.657309322033898,1.0696223682744792,11.14179104477612,3.6479028697571754,0.0117007348219943,0.977924944812362,0.6222485207100592,0.0,0.0859087269815852,0.2,0.0521499013806706,1.4623893805309736,0.0092307692307692,14.824311066363157,0.0308140688736667,0.02645178242971,-18.90597878495661,625000000.0,8374000000.0,-16275000000.0,21765000000.0,6882000000.0,1882500000.0,623500000.0,42.29112426035503,68.8172888015717,22.66797642436149,2.1281061114842177,1.3078108941418294,3.9703588143525743,0.078150608125593,0.6374156219864995,2008-04-23,0.87,bmo,12675000000.0,2025-04-25,2008-03-31,0.0,71.05,5883193.557377049
2007-12-31,UPS,USD,1090727,2008-02-29,2008-02-29 17:12:05,2007,Q4,13392000000.0,2918000000.0,10474000000.0,0.7821087216,0,14284000000.0,0.0,14284000000.0,-6672000000.0,7612000000.0,10530000000.0,0.0,0.0,443000000.0,3404000000.0,0.254181601,-4253000000.0,-0.3175776583,-40000000.0,-4293000000.0,-0.3205645161,-1652000000.0,-2641000000.0,-0.1972072879,-2.54,-2.54,1041379310,1041379310,https://www.sec.gov/Archives/edgar/data/1090727/000119312508043891/0001193125-08-043891-index.htm,https://www.sec.gov/Archives/edgar/data/1090727/000119312508043891/d10k.htm,12.859867553927108,-2.536059603488761,-3.980298014563013,-4.7734768227726745,2.500529802152493,11.698907288642022,8.621258281000417,11.698907288642022,10.580198679000066,73646344803.2,82637344803.2,-6.971444983263915,5.499279032497013,-17.767513824656213,-14.815197103842284,6.045009012821144,6.045009012821144,6.170650000238949,24.27654077649824,-19.936633245645357,-16.623887508187487,-0.0358605713163003,-0.0674982582405638,0.9043749486990068,0.2822089032324164,2.641304347826087,1.195121951219512,0.0,1.5694812570995835,6.789203202631647e-05,-0.0018932222642938,1.0666069295101552,0.0,0.0820910813995184,-0.199276236429433,0.0616786140979689,1.8645598194130928,0.0333781362007168,,-0.0799777617967126,-0.0736947847197031,-17.376953648138063,1920000000.0,8978000000.0,-15099000000.0,22788000000.0,6741000000.0,1719500000.0,603500000.0,52.473118279569896,56.10349554489376,18.690884167237837,1.7151639344262295,1.6041781198460692,4.815181518151816,-0.2167774768119511,0.7931788082096619,2008-01-30,1.13,bmo,13392000000.0,2025-04-25,2007-12-31,0.0,73.79,3869300.703125
2007-09-30,UPS,USD,1090727,2007-11-09,2007-11-09 12:08:48,2007,Q3,12205000000.0,2480000000.0,9725000000.0,0.7968045883,0,7582000000.0,0.0,7582000000.0,2915000000.0,10497000000.0,12977000000.0,0.0,53000000.0,435000000.0,2157000000.0,0.176730848,1708000000.0,0.1399426465,-39000000.0,1669000000.0,0.1367472347,593000000.0,1076000000.0,0.0881605899,1.02,1.02,1051000000,1058000000,https://www.sec.gov/Archives/edgar/data/1090727/000119312507241822/0001193125-07-241822-index.htm,https://www.sec.gov/Archives/edgar/data/1090727/000119312507241822/d10q.htm,11.612749762131305,1.0237868696479544,1.5908658420551856,0.8411037107516651,1.901998097050428,14.813510941960038,11.74024738344434,14.813510941960038,4.485252140818268,79770900000.0,83186900000.0,18.534131040892195,6.535919705038919,47.70986842105263,90.23857466063347,5.123700944183955,5.123700944183955,6.815804997951659,38.56601761706073,49.75293062200957,94.10282805429864,0.0134886280586028,0.0110817353195212,0.2993769670499068,0.1351171150278293,1.5836810384793696,1.2156962670403872,32.22641509433962,1.553903345724907,0.0054155086629334,0.4014869888475836,0.6212208111429742,0.0,0.0936340445269016,0.4712918660287081,0.0645637034002458,1.8114942528735631,0.0,18.472472896304712,0.0392970700374958,0.0344143798375231,-11.77164605137964,1693000000.0,12339000000.0,-9385000000.0,22250000000.0,5609000000.0,1642000000.0,567000000.0,41.84022941417452,58.79032258064516,21.81048387096774,2.1510398308071905,1.530864197530864,4.126455906821963,0.0691116963196094,0.7497621313035204,2007-10-23,1.02,bmo,11856285714.0,2025-04-25,2007-09-30,0.0294117647058823,75.44142857142857,4532442.031746032
2007-06-30,UPS,USD,1090727,2007-08-08,2007-08-08 16:53:19,2007,Q2,12189000000.0,2383000000.0,9806000000.0,0.8044958569,0,7610000000.0,0.0,7610000000.0,2814000000.0,10424000000.0,12807000000.0,0.0,61000000.0,431000000.0,2224000000.0,0.1824595947,1765000000.0,0.144802691,-33000000.0,1732000000.0,0.1420953319,628000000.0,1104000000.0,0.0905734679,1.04,1.04,1058000000,1066000000,https://www.sec.gov/Archives/edgar/data/1090727/000119312507175710/0001193125-07-175710-index.htm,https://www.sec.gov/Archives/edgar/data/1090727/000119312507175710/d10q.htm,11.520793950850662,1.0434782608695652,1.0425330812854443,0.5340264650283554,2.004725897920605,14.408317580340263,11.360113421550096,14.408317580340263,4.39413988657845,77234000000.0,80966000000.0,17.489583333333332,6.336368857166297,70.02175883952856,136.69734513274335,5.066517974284965,5.066517974284965,6.642546558372303,36.405575539568346,73.4052583862194,143.30265486725665,0.0142942227516378,0.0073154310277856,0.3009708737864077,0.1369020976934324,1.6780575539568343,1.3123439667128989,28.9344262295082,0.9990942028985508,0.005645182173654,0.394927536231884,0.624333415374518,0.0,0.0962313132217348,0.4877606527651859,0.0441381573549922,1.248259860788863,0.0,18.392450593729247,0.040483434402027,0.0364500792393026,-11.080812854442344,2252000000.0,12019000000.0,-8807000000.0,22464000000.0,5517000000.0,1730500000.0,511000000.0,40.93526950529165,62.84515316827529,20.130088124213177,2.1985930735930737,1.4320913461538465,4.470919324577861,0.0724219364996064,0.5085066162570888,2007-07-24,1.03,bmo,12071798076.0,2025-04-25,2007-06-30,0.0097087378640776,71.50936507936508,3581707.0634920634
2007-03-31,UPS,USD,1090727,2007-05-10,2007-05-10 14:09:25,2007,Q1,11906000000.0,2252000000.0,9654000000.0,0.8108516714,0,7860000000.0,0.0,7860000000.0,2688000000.0,10548000000.0,12800000000.0,0.0,0.0,436000000.0,1794000000.0,0.1506803292,1358000000.0,0.1140601377,-35000000.0,1323000000.0,0.1111204435,480000000.0,843000000.0,0.0708046363,0.79,0.78,1067088608,1080769231,https://www.sec.gov/Archives/edgar/data/1090727/000119312507109927/0001193125-07-109927-index.htm,https://www.sec.gov/Archives/edgar/data/1090727/000119312507109927/d10q.htm,11.157461442977002,0.7899999997001186,2.336263344308892,1.7102609720672797,2.247236060831417,14.345575320770363,11.303653613740012,14.345575320770363,3.856287068524304,74802911420.79999,78046911420.79999,22.183544312218267,6.282791149067696,30.0051790697152,40.9878966689315,4.886524132532009,4.886524132532009,6.555258812430706,43.50440993355629,31.30642255146409,42.76543091550684,0.0112696148316707,0.0243974461065232,0.2688136921870917,0.1232958801498127,1.8082497212932,1.3569901667379225,0.0,2.957295373665481,0.0110958248046105,0.9845788849347568,0.6601713421804133,0.0,0.0972584269662921,0.2679502607300441,0.0561061649588442,1.5321100917431192,0.0079791701663027,15.968487756512788,0.0316566030329109,0.027979687344419,-10.59612099241903,2505000000.0,12062000000.0,-8545000000.0,22489000000.0,5642000000.0,1819000000.0,451500000.0,41.50008399126491,71.81616341030195,19.54262877442273,2.1686703096539164,1.2531997774067891,4.605316973415133,0.0550692448392997,0.6260023722416124,2007-04-25,0.96,bmo,11906000000.0,2025-04-25,2007-03-31,0.0,72.50754098360656,3890531.9672131143
2006-12-31,UPS,USD,1090727,2007-03-01,2007-03-01 13:50:04,2006,Q4,12628000000.0,8138000000.0,4490000000.0,0.3555590751,0,2249000000.0,0.0,2249000000.0,8570000000.0,10819000000.0,18957000000.0,0.0,0.0,432000000.0,242000000.0,0.0191637631,1809000000.0,0.1432530884,-40000000.0,1769000000.0,0.1400855242,641000000.0,1128000000.0,0.0893253088,1.06,1.04,1067088608,1080769231,https://www.sec.gov/Archives/edgar/data/1090727/000119312507044043/0001193125-07-044043-index.htm,https://www.sec.gov/Archives/edgar/data/1090727/000119312507044043/d10k.htm,11.834068797405813,1.057081850132543,1.417876630541257,0.6794187423280973,1.8583274014298163,14.508635818929106,11.490142344392828,14.508635818929106,3.857224197824067,80010303827.84001,83332303827.84001,17.732780103687947,6.335944237237885,52.88189281417052,110.35903976253796,5.167956583635189,5.167956583635189,6.599010439328477,344.34836292495874,55.0775306198546,114.94110872805518,0.0140981841842163,0.0090613329198199,0.2658571244025319,0.1239385727190605,13.727272727272728,1.3955945825271618,0.0,1.341312056737589,9.998712187387491e-05,0.0070921985815602,0.1780962939499525,0.0,0.0969888587774766,0.5208195637805684,0.0624010136205258,1.8240740740740744,0.0292207792207792,18.576284635884253,0.0419853656386697,0.0376137917236319,-10.488819687596177,2658000000.0,12261000000.0,-8351000000.0,22658000000.0,6077000000.0,2106000000.0,2885000000.0,41.29394995248654,20.360039321700665,4.578520521012534,2.179496030376251,4.420423682781097,19.657004830917877,0.0728588037721224,0.7384578882131595,2007-01-30,1.04,bmo,12628000000.0,2025-04-25,2006-12-31,0.0,75.91174603174602,3014044.507936508
2006-09-30,UPS,USD,1090727,2006-11-06,2006-11-06 16:43:30,2006,Q3,11662000000.0,2256000000.0,9406000000.0,0.8065511919,0,7389000000.0,0.0,7389000000.0,2697000000.0,10086000000.0,12342000000.0,0.0,0.0,441000000.0,1576000000.0,0.1351397702,1576000000.0,0.1351397702,-29000000.0,1547000000.0,0.1326530612,509000000.0,1038000000.0,0.0890070314,0.96,0.96,1081250000,1081250000,https://www.sec.gov/Archives/edgar/data/1090727/000119312506225211/0001193125-06-225211-index.htm,https://www.sec.gov/Archives/edgar/data/1090727/000119312506225211/d10q.htm,10.785664739884393,0.96,0.1035838150289017,-0.6742196531791907,2.072601156069364,15.886242774566474,12.930404624277458,15.886242774566474,4.405086705202312,77785125000.0,81409125000.0,18.734375,6.669964414337163,694.5100446428571,-106.7011316872428,4.528446469115678,4.528446469115678,6.980717286914766,51.65553616751269,726.8671875,-111.67232510288066,0.0133444537114261,-0.0093719718262328,0.2772893986144262,0.1316764348114563,2.299492385786802,1.296968921857015,0.0,0.1078998073217726,0.0051552273008496,0.3863198458574181,0.6335962956611216,0.0,0.0883556341921928,7.508928571428571,0.0721145601097581,1.90702947845805,0.0,18.524115199669748,0.0352450857047456,0.0314774381368267,-8.606705202312138,2322000000.0,13981000000.0,-8854000000.0,21871000000.0,6273500000.0,2365500000.0,4644000000.0,49.08249013891271,94.5877659574468,213.67021276595744,1.8336477987421385,0.9514972585407,0.421209858103062,0.0604296442917855,0.7778034682080925,2006-10-19,0.9,bmo,10933125000.0,2025-04-25,2006-09-30,0.0666666666666666,72.62603174603174,4570665.095238095
2006-06-30,UPS,USD,1090727,2006-08-04,2006-08-04 16:34:20,2006,Q2,11736000000.0,2248000000.0,9488000000.0,0.8084526244,0,7357000000.0,0.0,7357000000.0,2684000000.0,10041000000.0,12289000000.0,0.0,0.0,436000000.0,1695000000.0,0.1444274029,1695000000.0,0.1444274029,-31000000.0,1664000000.0,0.1417859577,603000000.0,1061000000.0,0.0904055896,0.98,0.97,1082653061,1093814433,https://www.sec.gov/Archives/edgar/data/1090727/000119312506162446/0001193125-06-162446-index.htm,https://www.sec.gov/Archives/edgar/data/1090727/000119312506162446/d10q.htm,10.84003770253045,0.9800000002032044,1.3263713480601336,0.532026390308243,2.6324222437126608,15.716022623428392,12.690122528550262,15.716022623428392,3.345485391834125,89134826512.13,91811826512.13,21.00255101605325,7.594992034094241,62.07160620621866,154.74796269467015,5.238602792367323,5.238602792367323,7.823093601919735,54.16626932869027,63.93581233435237,159.39553213911458,0.0119033159261897,0.0064621206159145,0.2128709961798413,0.1038596088776739,1.5793510324483775,1.591562074701346,0.0,1.3534401508011311,0.0045436785580649,0.3817153628652215,0.6268745739604635,0.0,0.0939381774387796,0.5988857938718662,0.0732788002726653,1.9724770642201832,0.0,18.615539178827223,0.037518788653806,0.0335780745616811,-7.761258248546161,3912000000.0,13739000000.0,-7334000000.0,23091000000.0,6182500000.0,2293500000.0,3936500000.0,47.44631901840491,94.48398576512456,157.41992882562278,1.8968805560045257,0.952542372881356,0.5717192268565615,0.0623567440493682,0.7943449577518905,2006-07-25,1.0,bmo,12098969072.0,2025-04-25,2006-06-30,-0.03,80.86047619047619,2534612.698412698
2006-03-31,UPS,USD,1090727,2006-05-10,2006-05-10 15:18:35,2006,Q1,11521000000.0,0.0,11521000000.0,1.0,0,9966000000.0,0.0,9966000000.0,0.0,9966000000.0,9966000000.0,0.0,0.0,439000000.0,1555000000.0,0.1349709227,1555000000.0,0.1349709227,-25000000.0,1530000000.0,0.1328009721,555000000.0,975000000.0,0.0846280705,0.89,0.89,1095505618,1095505618,https://www.sec.gov/Archives/edgar/data/1090727/000119312506107455/0001193125-06-107455-index.htm,https://www.sec.gov/Archives/edgar/data/1090727/000119312506107455/d10q.htm,10.516605127989402,0.8899999999817436,2.3076102563629206,1.763569230733055,2.8580410255824,15.258707691994694,12.285651281799268,15.258707691994694,3.4130358973658863,86961235956.84,89576235956.84,22.297752809446152,7.548063185213088,34.39922308419304,45.01099169608696,5.202275422160803,5.202275422160803,7.77504001014148,57.60529643526688,35.43363764115506,46.36451136482401,0.0112118921640431,0.0222167955496731,0.2236779133764058,0.1074703227846282,1.6816720257234727,1.5476734227804738,0.0,2.592820512820513,0.0087740243293999,0.7825641025641026,0.8650290773370367,0.0,0.0936161651001695,0.235759493670886,0.0517316205190521,1.357630979498861,0.0,17.48014935651083,0.0347963822090392,0.0309190080547979,-7.612923076766914,3837000000.0,13459000000.0,-7232000000.0,22544000000.0,6166000000.0,2016500000.0,4174000000.0,48.26143563926743,0.0,0.0,1.8648429912593072,0.0,0.0,0.0583273510409188,0.5440410256298658,2006-04-20,0.88,bmo,11391550561.0,2025-04-25,2006-03-31,0.0113636363636363,76.13209677419354,2634441.935483871
2005-12-31,UPS,USD,1090727,2006-03-14,2006-03-14 16:07:49,2005,Q4,11954000000.0,5200000000.0,6754000000.0,0.5649991635,0,4612000000.0,0.0,4612000000.0,5631000000.0,10243000000.0,15443000000.0,0.0,0.0,431000000.0,282000000.0,0.02359043,1711000000.0,0.143132006,-44000000.0,1667000000.0,0.1394512297,618000000.0,1049000000.0,0.0877530534,0.96,0.96,1095505618,1095505618,https://www.sec.gov/Archives/edgar/data/1090727/000119312506053695/0001193125-06-053695-index.htm,https://www.sec.gov/Archives/edgar/data/1090727/000119312506053695/d10k.htm,10.911856410032575,0.957548717929076,1.133723076899821,0.6070256410131892,2.775887179430238,15.412061538145394,12.460912820257212,15.412061538145394,3.6330256409511175,82327247192.70001,84938247192.70001,19.620411628384176,6.887004115166473,66.28602833550725,123.80037171834589,4.87605112489339,4.87605112489339,7.105424727513804,301.19945813014186,68.38828276384864,127.72668750781956,0.0127418325739065,0.0080775201731628,0.2357261312485193,0.1129975583442166,9.25886524822695,1.619755630796408,0.0,1.1839847473784555,1.2146646876936636e-05,0.0009532888465204,0.3858122804082315,0.0,0.0917892226449378,0.464573268921095,0.0482683620545424,1.3387470997679811,0.0,18.22225273521748,0.0368098482867529,0.0327925224295851,-7.738892307533561,4210000000.0,13651000000.0,-7335000000.0,22732000000.0,6050000000.0,2090000000.0,4431000000.0,46.3326083319391,31.25769230769231,76.275,1.942476438089048,2.8792912513842746,1.1799410029498525,0.0621298270552001,0.5266974358866319,2006-01-26,0.96,bmo,12078520833.0,2025-04-25,2005-12-31,-0.0104166666666666,74.38904761904762,2679433.380952381
2005-09-30,UPS,USD,1090727,2005-11-09,2005-11-09 14:36:03,2005,Q3,10550000000.0,2528000000.0,8022000000.0,0.7603791469,0,6112000000.0,0.0,6112000000.0,2940000000.0,9052000000.0,11580000000.0,0.0,0.0,412000000.0,1498000000.0,0.1419905213,1498000000.0,0.1419905213,-9000000.0,1489000000.0,0.1411374408,536000000.0,953000000.0,0.0903317536,0.86,0.86,1108139535,1108139535,https://www.sec.gov/Archives/edgar/data/1090727/000119312505221335/0001193125-05-221335-index.htm,https://www.sec.gov/Archives/edgar/data/1090727/000119312505221335/d10q.htm,9.520461698896067,0.8599999999097586,0.4250367260834169,-0.0866316893927983,3.524826862169483,14.99540398583469,12.171752359688169,14.99540398583469,4.540944385672514,76605686054.54999,79929686054.54999,20.09593023466684,7.261202469625592,162.6447686933121,-797.9758964015624,4.610079199286875,4.610079199286875,7.576273559672985,53.3576008374833,169.7020935340764,-832.6008964015624,0.0124403298120896,-0.0012531706841139,0.3028224107841367,0.1434476467402149,2.218958611481976,1.4529165078154784,0.0,0.4942287513116474,0.0046863362041345,0.3767051416579223,0.5793364928909953,0.0,0.0891986658684683,1.2038216560509554,0.0537440758293838,1.3762135922330097,0.0,17.03411480222715,0.032992437776084,0.0298278560250391,-7.10109128991594,3564000000.0,13488000000.0,-7029000000.0,21582000000.0,5652500000.0,2252500000.0,4035000000.0,50.72417061611375,84.51740506329114,158.60363924050634,1.7743020517995292,1.0648694187026115,0.5674523007856341,0.0573509056989829,0.5116684154762152,2005-10-20,0.86,bmo,10550000000.0,2025-04-25,2005-09-30,0.0,70.74828125,2409703.140625
2005-06-30,UPS,USD,1090727,2005-08-09,2005-08-09 14:13:06,2005,Q2,10191000000.0,3226000000.0,6965000000.0,0.683446178,0,5416000000.0,0.0,5416000000.0,3226000000.0,8642000000.0,11868000000.0,0.0,0.0,403000000.0,1952000000.0,0.1915415563,1549000000.0,0.15199686,-8000000.0,1541000000.0,0.1512118536,555000000.0,986000000.0,0.0967520361,0.88,0.88,1120454545,1120454545,https://www.sec.gov/Archives/edgar/data/1090727/000119312505162327/0001193125-05-162327-index.htm,https://www.sec.gov/Archives/edgar/data/1090727/000119312505162327/d10q.htm,9.095415825190836,0.880000000356998,1.5627586213236344,1.09152129861725,4.91229209124231,14.680649093176736,12.926896556968314,14.680649093176736,3.6797565937848913,77490636332.2,80353636332.2,19.64772726475659,7.603830471219704,44.25507500411193,63.36110902060507,4.710963361432306,4.710963361432306,7.884764628809734,41.164772711168034,45.89014068086807,65.70207386116108,0.0127241179924377,0.0157825520332164,0.2506535351693112,0.124314056563951,1.4667008196721312,1.998077847188852,0.0,1.7758620689655171,0.0046715321635522,0.3671399594320487,0.5314493180257089,0.0,0.0592474220587348,0.3015419760137064,0.0518104209596703,1.3101736972704714,0.0,17.04924784742192,0.0356671496349434,0.0316015512323323,-4.807200813309209,6231000000.0,14484000000.0,-4243000000.0,22350000000.0,5632500000.0,2161500000.0,3632000000.0,47.32705328230792,59.45133292002479,100.8524488530688,1.9016607576040303,1.5138432660722665,0.8923928077455049,0.059942853668916,0.4712373227063843,2005-07-21,0.86,bmo,9959386363.0,2025-04-25,2005-06-30,0.0232558139534883,71.56265625,3157787.640625
2005-03-31,UPS,USD,1090727,2005-05-10,2005-05-10 16:10:28,2005,Q1,9886000000.0,3081000000.0,6805000000.0,0.6883471576,0,5420000000.0,0.0,5420000000.0,3081000000.0,8501000000.0,11582000000.0,0.0,0.0,398000000.0,1783000000.0,0.1803560591,1385000000.0,0.140097107,-7000000.0,1378000000.0,0.139389035,496000000.0,882000000.0,0.0892170747,0.78,0.78,1130769231,1130769231,https://www.sec.gov/Archives/edgar/data/1090727/000119312505102758/0001193125-05-102758-index.htm,https://www.sec.gov/Archives/edgar/data/1090727/000119312505102758/d10q.htm,8.742721086651146,0.7799999998408164,2.05965986352524,1.6042176867474385,4.624285713341982,14.462721085483798,12.745306119847896,14.462721085483798,3.582517006071595,82252153862.93999,85624153862.93999,23.31410256886054,8.320064117230425,35.31651089005581,45.34297346358324,5.029482320101504,5.029482320101504,8.66115252507991,48.022520394245646,36.7643425774753,47.20184887703417,0.0107231234512072,0.0220541337193763,0.2477069830011006,0.1222795737873162,1.8911946158160404,1.9548487199379363,0.0,2.6405895691609977,0.0081578410836282,0.7607709750566893,0.548250050576573,0.0,0.0586193365329469,0.2211249463288965,0.0520938701193607,1.2939698492462313,0.0,15.931753042224845,0.0322075427403744,0.0282810145252829,-4.679999999044898,6154000000.0,14412000000.0,-4176000000.0,22154000000.0,5793000000.0,2229000000.0,3600500000.0,53.766943151932026,64.03115871470301,106.59201557935734,1.6738909583474433,1.4055656934306568,0.8443409153192656,0.0539317598141127,0.4554421767778009,2005-04-21,0.73,bmo,9252282051.0,2025-04-25,2005-03-31,0.0684931506849315,76.40803278688526,3871539.37704918
2004-12-31,UPS,USD,1090727,2005-03-14,2005-03-14 17:22:16,2004,Q4,9840000000.0,4260000000.0,5580000000.0,0.5670731707,0,5530000000.0,0.0,5530000000.0,3106000000.0,8636000000.0,12896000000.0,0.0,0.0,389000000.0,-111000000.0,-0.0112804878,1204000000.0,0.1223577236,-12000000.0,1192000000.0,0.1211382114,326000000.0,866000000.0,0.0880081301,0.77,0.77,1130769231,1130769231,https://www.sec.gov/Archives/edgar/data/1090727/000119312505049642/0001193125-05-049642-index.htm,https://www.sec.gov/Archives/edgar/data/1090727/000119312505049642/d10k.htm,8.702040814550603,0.7658503399797585,1.0780272106643485,0.5350340134962516,4.595986393619866,14.48925169772328,12.78775509943107,14.48925169772328,3.933605441374094,96635538481.26,100344538481.26,27.89709540452078,9.820684805006096,79.27443681809679,159.7281627789421,5.898165190506592,5.898165190506592,10.19761569931504,-904.0048511825224,82.31709473442166,165.85874129133884,0.0089615064355225,0.0062606367130382,0.271484375,0.1346817658814267,-33.414414414414416,1.9443159031312665,0.0,1.407621247113164,0.0029078329196095,0.3244803695150115,0.5619918699186992,0.0,0.0582571307454732,0.5036915504511895,0.0623983739837398,1.5784061696658098,0.0,15.801058908249075,0.0315441082151233,0.0278438685615073,-4.783469386778884,6122000000.0,14460000000.0,-4037000000.0,22019000000.0,4936000000.0,2085500000.0,3551500000.0,51.95121951219512,47.87323943661971,75.04225352112675,1.732394366197183,1.879964695498676,1.1993243243243243,0.0528564453125,0.5429931971680966,2005-01-27,0.76,bmo,9840000000.0,2025-04-25,2004-12-31,0.0,82.1259375,2354098.4375
2004-09-30,UPS,USD,1090727,2004-11-05,2004-11-05 16:47:57,2004,Q3,8952000000.0,2172000000.0,6780000000.0,0.7573726542,0,5139000000.0,0.0,5139000000.0,2555000000.0,7694000000.0,9866000000.0,0.0,0.0,383000000.0,1258000000.0,0.1405272565,1258000000.0,0.1405272565,-12000000.0,1246000000.0,0.1391867739,356000000.0,890000000.0,0.0994191242,0.79,0.78,1126582278,1141025641,https://www.sec.gov/Archives/edgar/data/1090727/000110465904033946/0001104659-04-033946-index.htm,https://www.sec.gov/Archives/edgar/data/1090727/000110465904033946/a04-12163_110q.htm,7.946157306763528,0.7900000003373033,0.8627865172223134,0.3976629215181033,4.057404496114398,13.746887646318896,12.584966297508188,13.746887646318896,3.3384157317624696,85530126545.76,86468126545.76,24.025316445438204,9.554303680268095,87.99395735160493,190.91546103964285,5.522704626187124,5.522704626187124,9.659084734781054,68.73459979790142,88.95897792773663,193.00921103964285,0.0104056902046536,0.0052379204625672,0.2428488409633886,0.1214440246698311,0.7456279809220986,1.9237185056472632,0.0,1.0921348314606742,0.0035776867445213,0.3438202247191011,0.5740616621983914,0.0,0.042268074526139,0.5390946502057613,0.0585344057193923,1.3681462140992169,0.0,15.63172824794648,0.0347878988993971,0.0300067430883344,-5.318297755079723,5316000000.0,14178000000.0,-4411000000.0,20845000000.0,4469500000.0,1963500000.0,3348000000.0,42.14477211796247,78.9364640883978,147.14088397790056,2.135496183206107,1.1401574803149606,0.6116586876936074,0.0574675534319106,0.4651235957042101,2004-10-21,0.72,bmo,9207771428.0,2025-04-25,2004-09-30,-0.0277777777777778,72.785,2017053.125
2004-06-30,UPS,USD,1090727,2004-08-05,2004-08-05 16:06:53,2004,Q2,8871000000.0,2482000000.0,6389000000.0,0.7202119265,0,5079000000.0,0.0,5079000000.0,2482000000.0,7561000000.0,10043000000.0,0.0,0.0,385000000.0,-787000000.0,-0.088716041,1310000000.0,0.1476721903,-21000000.0,1289000000.0,0.1453049262,471000000.0,818000000.0,0.0922105738,0.73,0.72,1120547945,1136111111,https://www.sec.gov/Archives/edgar/data/1090727/000110465904022675/0001104659-04-022675-index.htm,https://www.sec.gov/Archives/edgar/data/1090727/000110465904022675/a04-8421_110q.htm,7.916662593138752,0.7300000001338631,1.1753178486262807,0.7558801957376309,4.4058801964069465,13.546051347227271,12.373410760215172,13.546051347227271,3.558080685249037,84231589025.65001,84906589025.65001,25.74315068021088,9.495162780481344,63.95716706579347,99.44697641753248,5.549218593164899,5.549218593164899,9.571253412879043,-107.8863901215375,64.46969553959758,100.24390675991737,0.0097113210075011,0.0100556098940751,0.262665524738125,0.1335365240982014,-0.8576874205844981,1.831866045226998,0.0,1.6100244498777505,0.0037159455688849,0.382640586797066,0.572539736219141,0.0,0.0440097799511002,0.3568716780561883,0.0529816255213617,1.2207792207792207,0.0,14.916229195711882,0.0334282283073311,0.0286585152226465,-4.112496944519407,4819000000.0,13865000000.0,-4066000000.0,20205000000.0,4766500000.0,2065000000.0,3175000000.0,48.16029759891782,73.31990330378727,114.04109589041096,1.868759216347167,1.2274975272007913,0.7891891891891892,0.0538902430990183,0.4194376528886499,2004-07-22,0.71,bmo,8747791666.0,2025-04-25,2004-06-30,0.0140845070422535,71.41709677419354,2000645.161290323
2004-03-31,UPS,USD,1090727,2004-05-10,2004-05-10 15:45:50,2004,Q1,8919000000.0,2534000000.0,6385000000.0,0.7158874313,0,5168000000.0,0.0,5168000000.0,2534000000.0,7702000000.0,10236000000.0,0.0,0.0,386000000.0,-931000000.0,-0.1043838995,1217000000.0,0.1364502747,-22000000.0,1195000000.0,0.1339836305,436000000.0,759000000.0,0.0850992264,0.67,0.67,1132835821,1132835821,https://www.sec.gov/Archives/edgar/data/1090727/000110465904013540/0001104659-04-013540-index.htm,https://www.sec.gov/Archives/edgar/data/1090727/000110465904013540/a04-5241_110q.htm,7.873162054609853,0.6699999999382081,1.6092358364787267,1.151093544030861,4.071198945606082,13.19343873396108,12.030869564107824,13.19343873396108,3.492121211799146,79117253738.64,80250253738.64,26.059701494940715,8.870641746680121,43.399480931782776,60.672740597116565,5.293540327755922,5.293540327755922,8.997673925175468,-86.1979094937057,44.02098394878771,61.54160562779141,0.009593356241956,0.0164818663234659,0.2646862036665328,0.1338340268615311,-1.216970998925886,1.8149825783972124,0.0,2.401844532279315,0.003892956156156,0.4057971014492754,0.5794371566319094,0.0,0.0445549578808484,0.2846955567745474,0.0581903800874537,1.344559585492228,0.0,14.102875199622249,0.0315473521246152,0.0268748672190354,-4.245098813837738,4678000000.0,13629000000.0,-4195000000.0,20003000000.0,4395000000.0,2055500000.0,3221500000.0,48.29465186680121,74.86977111286504,113.83188634569848,1.863560384454659,1.2020872865275145,0.7906396255850234,0.0507828181453231,0.4581422924478656,2004-04-22,0.62,bmo,8253402985.0,2025-04-25,2004-03-31,0.0806451612903226,70.7267741935484,2151188.709677419
2003-12-31,UPS,USD,1090727,2004-03-05,2004-03-05 17:14:17,2003,Q4,8932000000.0,2227000000.0,6705000000.0,0.7506717421,0,5036000000.0,0.0,5036000000.0,2614000000.0,7650000000.0,9877000000.0,0.0,0.0,387000000.0,14000000.0,0.0015673981,1273000000.0,0.1425212718,24000000.0,1297000000.0,0.14520824,441000000.0,856000000.0,0.0958351993,0.76,0.76,1125975450,1132835821,https://www.sec.gov/Archives/edgar/data/1090727/000095014404002063/0000950144-04-002063-index.htm,https://www.sec.gov/Archives/edgar/data/1090727/000095014404002063/g86647e10vk.htm,7.932677395408577,0.7602297190404995,0.4316257516982275,0.0479584168553586,3.5098456187477267,13.190340872884928,12.059765601461384,13.190340872884928,3.395278289593259,83941469797.5,84813469797.5,24.5156161791764,9.397835848354232,172.7190736574074,1554.471662916667,5.6518630351131165,5.6518630351131165,9.495462359773846,6058.104985535714,174.51331234053498,1570.6198110648147,0.0101975817443393,0.0006433053904139,0.257406409911123,0.1322425542218686,62.285714285714285,1.785610728524828,0.0,0.5677570093457944,0.0032403530776405,0.3177570093457944,0.5638154948499776,0.0,0.0440347296689612,0.8888888888888888,0.0483654276757725,1.1162790697674418,0.0,15.020752496344477,0.0349121284057681,0.0309740917643653,-4.869555548480209,4335000000.0,13579000000.0,-4204000000.0,19516000000.0,3872500000.0,2060500000.0,2914000000.0,40.3448275862069,80.9474629546475,130.85765603951504,2.230769230769231,1.111832251622566,0.6877702285361335,0.0576353353083759,0.3836673348428689,2004-01-29,0.69,bmo,8802550724.0,2025-04-25,2003-12-31,0.0144927536231884,71.23390625,2515632.796875
2003-09-30,UPS,USD,1090727,2003-11-14,2003-11-14 11:59:42,2003,Q3,8312000000.0,1951000000.0,6361000000.0,0.7652791145,0,4830000000.0,0.0,4830000000.0,2335000000.0,7165000000.0,9116000000.0,0.0,0.0,384000000.0,1147000000.0,0.1379932628,1147000000.0,0.1379932628,-8000000.0,1139000000.0,0.1370307988,400000000.0,739000000.0,0.0889076035,0.66,0.65,1119696970,1136923077,https://www.sec.gov/Archives/edgar/data/1090727/000110465903026495/0001104659-03-026495-index.htm,https://www.sec.gov/Archives/edgar/data/1090727/000110465903026495/a03-5001_110q.htm,7.423437075122209,0.6599999998213802,1.4200270632151484,1.005629228415256,3.693856561923178,12.263139374218364,12.263139374218364,12.263139374218364,3.634912042318021,71436666686.0,72398666686.0,24.16666667320704,8.594401670596728,44.92872118616352,63.44286561811723,5.202582964532809,5.202582964532809,8.710137955486044,63.12002326591107,45.533752632704406,64.29721730550622,0.0103448275834072,0.0157622136115243,0.2964095841526473,0.1434462340957953,0.8387096774193549,1.6457199406234535,0.0,2.151556156968877,0.0039475526096357,0.3815967523680649,0.5810875842155919,0.0,0.0,0.2918238993710692,0.0558229066410009,1.2083333333333333,0.0,13.494725623659708,0.0324195390110321,0.0260458886970006,-5.720520972741402,3915000000.0,13731000000.0,-4664000000.0,17846000000.0,3708000000.0,2030500000.0,2402500000.0,40.50649663137632,97.703741670938,119.4771911840082,2.221865811280406,0.921152030217186,0.7532818532818533,0.0538198237564634,0.4143978347998923,2003-10-21,0.6,bmo,8043870967.0,2025-04-25,2003-09-30,0.0333333333333333,63.6065625,2122231.234375
2003-06-30,UPS,USD,1090727,2003-08-14,2003-08-14 13:23:46,2003,Q2,8226000000.0,2001000000.0,6225000000.0,0.7567469001,0,4754000000.0,0.0,4754000000.0,2392000000.0,7146000000.0,9147000000.0,0.0,0.0,391000000.0,1080000000.0,0.1312910284,1080000000.0,0.1312910284,-28000000.0,1052000000.0,0.127887187,360000000.0,692000000.0,0.0841235108,0.61,0.61,1134426230,1134426230,https://www.sec.gov/Archives/edgar/data/1090727/000110465903018561/0001104659-03-018561-index.htm,https://www.sec.gov/Archives/edgar/data/1090727/000110465903018561/a03-1803_110q.htm,7.251242771422872,0.6099999997355491,0.9670086701010078,0.5694508668051513,2.9733092472659064,11.73632947468078,11.73632947468078,11.73632947468078,3.5868352585606207,72262950851.0,74146950851.0,26.10655738836705,8.78470105166545,65.87324598997266,111.86215302012384,5.4275913212408,5.4275913212408,9.013730956844151,68.6545841212963,67.5906571112124,114.7785616888545,0.0095761381434152,0.0089395740471766,0.3056181463121526,0.1494033412887828,1.7444444444444445,1.7247315808959645,0.0,1.5852601156069364,0.003252012230784,0.3395953757225433,0.5779236566982737,0.0,0.0,0.4111212397447584,0.0548261609530756,1.1534526854219949,0.0,12.69177379132487,0.0317406063332396,0.025408481733064,-5.892185691087203,3915000000.0,13314000000.0,-4604000000.0,17784000000.0,3667000000.0,1943500000.0,2258500000.0,40.20787746170679,87.3913043478261,99.62518740629686,2.238367346938776,1.0298507462686568,0.9033860045146728,0.0519753642782033,0.3975578032958564,2003-07-22,0.59,bmo,7956295081.0,2025-04-25,2003-06-30,0.0338983050847458,61.56349206349206,2798746.047619048
2003-03-31,UPS,USD,1090727,2003-05-15,2003-05-15 14:50:54,2003,Q1,8015000000.0,1975000000.0,6040000000.0,0.7535870243,0,4708000000.0,0.0,4708000000.0,2362000000.0,7070000000.0,9045000000.0,0.0,0.0,387000000.0,945000000.0,0.1179039301,945000000.0,0.1179039301,-63000000.0,882000000.0,0.1100436681,271000000.0,611000000.0,0.0762320649,0.54,0.54,1131481481,1131481481,https://www.sec.gov/Archives/edgar/data/1090727/000110465903010296/0001104659-03-010296-index.htm,https://www.sec.gov/Archives/edgar/data/1090727/000110465903010296/j1062_10q.htm,7.083633390903019,0.5400000002297872,1.3018330611104365,0.771554828478894,2.6646481189735,11.324091657846584,11.324091657846584,11.324091657846584,3.5926350260786992,64494444417.0,66424444417.0,26.38888887765957,8.046717955957579,43.7844157617108,73.87679772852233,5.033516305080777,5.033516305080777,8.287516458764816,70.29041737248677,45.09466694976239,76.08756519702176,0.0094736842145576,0.0135360496224367,0.3172559119644111,0.1519626168224299,2.0423280423280423,1.610431654676259,0.0,2.4108019639934533,0.0036747351208677,0.3878887070376432,0.5873986275733001,0.0,0.0,0.4073319755600815,0.0748596381784154,1.550387596899225,0.0,11.72977892806953,0.0300460279577224,0.0228411214953271,-6.21022095190615,3394000000.0,12813000000.0,-4983000000.0,17202000000.0,3707500000.0,1926000000.0,2117000000.0,41.086712414223335,88.5873417721519,104.9012658227848,2.190489204700738,1.0159465020576133,0.8579496090356212,0.0476859439631624,0.5302782326315423,2003-04-22,0.51,bmo,7860865384.0,2025-04-25,2003-03-31,0.0196078431372549,59.37540983606557,2607650.8360655736
2002-12-31,UPS,USD,1090727,2003-03-06,2003-03-06 15:09:36,2002,Q4,8257000000.0,2168000000.0,6089000000.0,0.7374349037,0,4540000000.0,0.0,4540000000.0,3569000000.0,8109000000.0,10277000000.0,0.0,0.0,378000000.0,902000000.0,0.1092406443,1171000000.0,0.1418190626,990000000.0,2161000000.0,0.2617173307,659000000.0,1430000000.0,0.1731863873,1.26,1.26,1127690141,1131481481,https://www.sec.gov/Archives/edgar/data/1090727/000095014403002770/0000950144-03-002770-index.htm,https://www.sec.gov/Archives/edgar/data/1090727/000095014403002770/g80387e10vk.htm,7.322046810374659,1.2680788347869398,1.5385432016470917,1.1731946142819032,2.672720005627858,11.044700620469468,11.044700620469468,11.044700620469468,4.080908250132516,71134694094.28,73525694094.28,12.436135331167833,8.61507740030035,40.99982368546397,53.76772040383976,5.711336338360497,5.711336338360497,8.904649884253361,81.51407327525499,42.37792166817291,55.57497663966742,0.0201027082242698,0.0185985195669293,0.3694901645925331,0.1746025723716659,2.6507760532150777,1.572997299729973,0.0,1.2132867132867131,0.0029662038009237,0.1475524475524475,0.5498365023616325,0.0,0.0,0.2374639769452449,0.0498970570425093,1.08994708994709,0.0,17.7517576482147,0.0371492033990498,0.0542550366126645,-6.300489595217628,3183000000.0,12455000000.0,-5164000000.0,16795000000.0,3750500000.0,1952500000.0,1934000000.0,40.93980864720843,79.20664206642067,80.2029520295203,2.198349307774228,1.1362683438155137,1.1221532091097308,0.1148133279807306,0.3653485873651882,2003-01-28,0.57,bmo,7967280701.0,2025-04-25,2002-12-31,0.0350877192982456,62.7684375,2884134.40625
2002-09-30,UPS,USD,1090727,2002-11-14,2002-11-14 12:05:17,2002,Q3,7754000000.0,1911000000.0,5843000000.0,0.7535465566,0,4520000000.0,0.0,4520000000.0,2284000000.0,6804000000.0,8715000000.0,0.0,0.0,373000000.0,950000000.0,0.1225174104,950000000.0,0.1225174104,-10000000.0,940000000.0,0.1212277534,362000000.0,578000000.0,0.0745421718,0.52,0.51,1118000000,1134000000,https://www.sec.gov/Archives/edgar/data/1090727/000091205702042293/0000912057-02-042293-index.htm,https://www.sec.gov/Archives/edgar/data/1090727/000091205702042293/a2093253z10-q.htm,6.935599284436494,0.516994633273703,0.778175313059034,0.516994633273703,2.3711985688729875,9.800536672629695,9.800536672629695,9.800536672629695,4.338103756708408,69908540000.0,73306540000.0,30.237257785467133,9.01580345628063,80.35464367816093,120.94903114186852,6.380262845669436,6.380262845669436,9.454028888315708,77.16477894736842,84.2603908045977,126.82792387543252,0.0082679455185303,0.0082679455185303,0.4426394085972437,0.186897880539499,3.576842105263158,1.349342852506896,0.0,1.505190311418685,0.0030468380544065,0.3685121107266436,0.5829249419654372,0.0,0.0,0.335632183908046,0.0376579829765282,0.7828418230563002,0.0,10.677244935675706,0.0277123647312592,0.0222736030828516,-7.661225402504472,2153000000.0,10957000000.0,-6677000000.0,15765000000.0,3733500000.0,1989500000.0,1887000000.0,43.46788754191385,94.05023547880693,91.1773940345369,2.070493991989319,0.956935403104657,0.987086776859504,0.0527516656018983,0.2611806797853309,2002-10-22,0.54,bmo,8210117647.0,2025-04-25,2002-09-30,-0.0555555555555556,63.12703125,6011278.296875
2002-06-30,UPS,USD,1090727,2002-08-14,2002-08-14 14:51:21,2002,Q2,7682000000.0,1857000000.0,5825000000.0,0.7582660765,0,4435000000.0,0.0,4435000000.0,2219000000.0,6654000000.0,8511000000.0,0.0,0.0,362000000.0,1028000000.0,0.1338193179,1028000000.0,0.1338193179,-36000000.0,992000000.0,0.1291330383,381000000.0,611000000.0,0.079536579,0.55,0.54,1110909091,1131481481,https://www.sec.gov/Archives/edgar/data/1090727/000091205702032015/0000912057-02-032015-index.htm,https://www.sec.gov/Archives/edgar/data/1090727/000091205702032015/a2086896z10-q.htm,6.915057282576509,0.5499999999549918,1.2017184941733454,0.904664484377687,2.186497544829256,9.611947626054668,9.611947626054668,9.611947626054668,4.367594107662226,68020963641.93,71468963641.93,27.83181818409574,8.854590424619891,50.95203269058427,67.68255088749254,6.370197007110882,6.370197007110882,9.303431872159592,69.52233817308365,53.53480422616479,71.1133966586368,0.0089825249053567,0.0147748568410531,0.4543922082787038,0.190708277651128,3.3540856031128405,1.632661456190868,0.0,2.1849427168576105,0.0031166862192072,0.3469721767594108,0.5773236136422807,0.0,0.0,0.247191011235955,0.0429575631346003,0.9116022099447514,0.0,10.9063216467649,0.0305836539195659,0.0240154075937426,-7.763461537826231,3076000000.0,10678000000.0,-6826000000.0,16775000000.0,4129000000.0,1869000000.0,1049500000.0,43.60583181463161,96.05815831987076,89.07915993537965,2.0639441160666308,0.9369323915237134,1.010337323177367,0.0572204532684023,0.2970540097956584,2002-07-12,0.54,bmo,7682000000.0,2025-04-25,2002-06-30,0.0,60.4134375,1671925.046875
2002-03-31,UPS,USD,1090727,2002-05-15,2002-05-15 15:06:11,2002,Q1,7579000000.0,1832000000.0,5747000000.0,0.7582794564,0,4449000000.0,0.0,4449000000.0,2183000000.0,6632000000.0,8464000000.0,0.0,0.0,351000000.0,947000000.0,0.1249505212,947000000.0,0.1249505212,-31000000.0,916000000.0,0.1208602718,353000000.0,563000000.0,0.0742842064,0.44,0.43,1118000000,1134000000,https://www.sec.gov/Archives/edgar/data/1090727/000091205702020712/0000912057-02-020712-index.htm,https://www.sec.gov/Archives/edgar/data/1090727/000091205702020712/a2080029z10-q.htm,6.77906976744186,0.5035778175313059,1.5089445438282647,0.9508050089445438,1.8130590339892665,9.202146690518784,9.202146690518784,9.202146690518784,4.466010733452594,67694900000.0,71545900000.0,30.05990230905861,8.931903945111491,40.12738589211618,63.682878645343365,6.579986391912907,6.579986391912907,9.440018472093945,75.55005279831046,42.410136336692354,67.30564440263406,0.0083167269617061,0.0157028077447488,0.4853227060653188,0.2019086902017873,4.066525871172122,1.573846804909014,0.0,2.996447602131439,0.0031464704135762,0.3783303730017762,0.5870167568280776,0.0,0.0,0.3698873740367516,0.0823327615780446,1.7777777777777777,0.0,10.211020091441576,0.028702277895842,0.022766792025557,-7.944096601073345,2712000000.0,10288000000.0,-7003000000.0,16366000000.0,4661000000.0,1827500000.0,353500000.0,53.86462594009764,86.26637554585153,12.822052401746724,1.6708553791887126,1.0432801822323463,7.019157088122605,0.0547239502332814,0.5581395348837209,2002-04-18,0.47,bmo,7124260000.0,2025-04-25,2002-03-31,0.0638297872340426,57.88816666666666,1621301.683333333
2001-12-31,UPS,USD,1090727,2002-03-29,2002-03-29 00:00:00,2001,Q4,8089000000.0,2105000000.0,5984000000.0,0.7397700581,0,4571000000.0,0.0,4571000000.0,2484000000.0,7055000000.0,9160000000.0,0.0,0.0,379000000.0,-156000000.0,-0.0192854494,1034000000.0,0.1278279145,-15000000.0,1019000000.0,0.1259735443,374000000.0,645000000.0,0.0797379157,0.57,0.57,1124164319,1126000000,https://www.sec.gov/Archives/edgar/data/1090727/000095014402003133/0000950144-02-003133-index.htm,https://www.sec.gov/Archives/edgar/data/1090727/000095014402003133/g74662e10-k405.htm,7.195567287881515,0.5737595377282206,-0.1859158812173614,-0.578207286082703,1.4375122681686894,9.116105027346984,9.116105027346984,9.116105027346984,4.5954135998511445,61266955385.5,65574955385.5,23.746881932364342,7.574107477500309,-293.14332720334926,-94.25685443923076,5.978430463065965,5.978430463065965,8.106682579490666,-420.3522781121795,-313.75576739473684,-100.88454674692308,0.0105276979399673,-0.0106093080015174,0.5040983606557377,0.2096931320019483,-27.615384615384617,1.6411751998271764,0.0,-0.324031007751938,0.0034602666097257,0.3286821705426356,0.565088391642972,0.0,0.0,-2.110047846889952,0.054518481888985,1.1635883905013191,0.0,10.848279801119697,0.0318876785652385,0.0261811982464685,-7.969920276396889,2968000000.0,10248000000.0,-6791000000.0,16406000000.0,4667500000.0,1934500000.0,1140500000.0,53.250092718506615,81.19239904988123,19.06888361045131,1.690137902214793,1.1084781463928384,4.719730941704036,0.0629391100702576,0.3922914048653416,2002-01-29,0.5,bmo,6956540000.0,2025-04-25,2001-12-31,0.1399999999999999,53.4303125,1218379.6875
2001-09-30,UPS,USD,1090727,2001-11-14,2001-11-14 00:00:00,2001,Q3,7481000000.0,1871000000.0,5610000000.0,0.749899746,0,4306000000.0,0.0,4306000000.0,2232000000.0,6538000000.0,8409000000.0,0.0,0.0,361000000.0,1304000000.0,0.1743082476,943000000.0,0.1260526668,-11000000.0,932000000.0,0.1245822751,364000000.0,568000000.0,0.0759256784,0.5,0.5,1126000000,1146000000,https://www.sec.gov/Archives/edgar/data/1090727/000109072701500013/0001090727-01-500013-index.htm,https://www.sec.gov/Archives/edgar/data/1090727/000109072701500013/q32001.txt,6.643872113676732,0.5044404973357016,0.7229129662522202,0.1101243339253996,2.214920071047957,8.619005328596803,8.619005328596803,8.619005328596803,4.365008880994671,57020640000.0,60632640000.0,25.097112676056337,7.622061221761797,70.04992628992629,459.8438709677419,5.875387944358578,5.875387944358578,8.104884373746826,46.49742331288344,74.48727272727272,488.9729032258065,0.0099613052396465,0.0021746511438665,0.506439979392066,0.1996425525001015,2.7699386503067487,1.271343481138319,0.0,1.4330985915492958,0.0037530269740921,0.3767605633802817,0.5755914984627724,0.0,0.0,0.8476658476658476,0.0922336586017912,1.9113573407202216,0.0,9.89064937333084,0.0298438937872432,0.0230716113570819,-7.185390763765541,1640000000.0,9705000000.0,-7230000000.0,15041000000.0,4240500000.0,1899500000.0,1722000000.0,54.72664082341933,94.76215927311598,88.26830571886693,1.6445372609364697,0.949746192893401,1.0196185286103543,0.0585265327150953,0.6127886323268206,2001-10-18,0.46,bmo,6806160000.0,2025-04-25,2001-09-30,0.0869565217391303,55.3557627118644,1075610.1694915255
2001-06-30,UPS,USD,1090727,2001-08-14,2001-08-14 00:00:00,2001,Q2,7566000000.0,1918000000.0,5648000000.0,0.7464974888,0,4269000000.0,0.0,4269000000.0,2256000000.0,6525000000.0,8443000000.0,0.0,0.0,338000000.0,3222000000.0,0.425852498,1041000000.0,0.1375892149,-8000000.0,1033000000.0,0.136531853,403000000.0,630000000.0,0.0832672482,0.56,0.55,1127000000,1145000000,https://www.sec.gov/Archives/edgar/data/1090727/000109072701500009/0001090727-01-500009-index.htm,https://www.sec.gov/Archives/edgar/data/1090727/000109072701500009/q22001.txt,6.713398402839396,0.5590062111801242,1.409937888198758,0.7657497781721384,2.7888198757763973,8.809228039041704,8.809228039041704,8.809228039041704,4.019520851818989,65140600000.0,67608600000.0,25.849444444444444,8.6096484271742,40.99471365638766,75.48157589803013,6.561301369863013,6.561301369863013,8.935844567803331,20.98342644320298,42.54789175582127,78.34136732329084,0.0096713877366803,0.0132482660583414,0.4562852538275584,0.1904001344989912,0.765983860955928,1.5080660835762876,0.0,2.522222222222222,0.0033005529577559,0.3412698412698413,0.5642347343378271,0.0,0.0,0.4568911264946507,0.0959555908009516,2.1479289940828403,0.0,10.526124489304904,0.0333462363161731,0.0264794889038332,-6.182342502218279,2614000000.0,9928000000.0,-6105000000.0,15676000000.0,3824000000.0,1694000000.0,905000000.0,46.77240285487708,85.8237747653806,75.50052137643378,1.9242115971515767,1.0486604702022964,1.1920447482908638,0.0634568896051571,0.6441881100266194,2001-07-19,0.54,bmo,7354800000.0,2025-04-25,2001-06-30,0.0185185185185185,57.04968253968254,1164773.015873016
2001-03-31,UPS,USD,1090727,2001-05-15,2001-05-15 00:00:00,2001,Q1,7510000000.0,1997000000.0,5513000000.0,0.7340878828,0,4251000000.0,0.0,4251000000.0,2315000000.0,6566000000.0,8563000000.0,0.0,0.0,318000000.0,1262000000.0,0.1680426099,944000000.0,0.1256990679,9000000.0,953000000.0,0.12689747,371000000.0,556000000.0,0.0740346205,0.51,0.48,1129000000,1148000000,https://www.sec.gov/Archives/edgar/data/1090727/000109072701500005/0001090727-01-500005-index.htm,https://www.sec.gov/Archives/edgar/data/1090727/000109072701500005/q12001.txt,6.651904340124004,0.4924712134632418,1.5110717449069972,1.0549158547387067,2.325066430469442,8.320637732506643,8.320637732506643,8.320637732506643,3.589016829052259,64240100000.0,66974100000.0,28.884937050359717,8.553941411451397,37.65539273153576,53.937951301427375,6.8384181392378105,6.8384181392378105,8.917989347536619,53.06980982567353,39.25797186400938,56.233501259445845,0.0086550301135894,0.018539821700153,0.431339152650628,0.1841567059037404,2.1664025356576864,1.689198606271777,0.0,3.068345323741007,0.0033468191986002,0.3866906474820143,0.5660452729693741,0.0,0.0,0.3018757327080891,0.0685752330226364,1.619496855345912,0.0,9.601962175545196,0.0321225649196412,0.0252692814616188,-6.285651018600531,2967000000.0,9394000000.0,-5337000000.0,15431000000.0,3928000000.0,1616500000.0,304500000.0,44.53262316910786,70.26039058587882,9.058587881822737,2.020990312163617,1.2809493264913403,9.935323383084578,0.0591867149244198,0.4561558901682905,2001-04-19,0.5,bmo,7289215686.0,2025-04-25,2001-03-31,0.02,58.76467741935484,1197027.4193548388
2000-12-31,UPS,USD,1090727,2001-04-02,2001-04-02 00:00:00,2000,Q4,7900000000.0,2130000000.0,5770000000.0,0.7303797468,0,4357000000.0,0.0,4357000000.0,2439000000.0,6796000000.0,8926000000.0,0.0,0.0,309000000.0,-717000000.0,-0.0907594937,1104000000.0,0.1397468354,4558000000.0,1150000000.0,0.1455696203,426000000.0,724000000.0,0.0916455696,0.64,0.63,1134693878,1158333333,https://www.sec.gov/Archives/edgar/data/1090727/000095014401004629/0000950144-01-004629-index.htm,https://www.sec.gov/Archives/edgar/data/1090727/000095014401004629/g68035e10-k.htm,6.962230213072499,0.6380575537043657,-0.2599820142856186,-1.0531474815976754,0.7746582730747755,8.579406471425415,8.579406471425415,8.579406471425415,3.176187049102948,66663265332.5,69388265332.5,23.019083333045582,8.438388016772151,-225.97717061864407,-55.78515927405858,6.8477930490498204,6.8477930490498204,8.78332472563291,-96.77582333682008,-235.21445875423728,-58.06549400209205,0.0108605541056062,-0.0179259145803859,0.3702105803800719,0.1663742960022158,-3.800557880055788,1.5827593868029326,0.0,-0.4074585635359116,0.0028801469451331,0.2651933701657458,0.5515189873417722,0.0,0.0,-3.0508474576271185,0.1139240506329113,2.912621359223301,0.0,11.098130016869726,0.0390823211875843,0.0334225833256393,-6.820341723920008,2623000000.0,9735000000.0,-4803000000.0,14952000000.0,3761500000.0,1553500000.0,457000000.0,47.16455696202531,70.73239436619718,17.239436619718308,1.9082125603864737,1.2724014336917562,5.220588235294118,0.0743708269131998,0.7931654673120568,2001-01-30,0.61,bmo,7640983606.0,2025-04-25,2000-12-31,0.0327868852459016,59.11238095238095,1255044.4444444445
2000-09-30,UPS,USD,1090727,2000-11-14,2000-11-14 00:00:00,2000,Q3,7367000000.0,1840000000.0,5527000000.0,0.7502375458,0,4072000000.0,0.0,4072000000.0,2134000000.0,6206000000.0,8046000000.0,0.0,0.0,294000000.0,-385000000.0,-0.0522600787,1161000000.0,0.157594679,10000000.0,1171000000.0,0.1589520836,469000000.0,702000000.0,0.0952898059,0.62,0.6,1132258065,1170000000,https://www.sec.gov/Archives/edgar/data/1090727/000109072700000010/0001090727-00-000010-index.htm,https://www.sec.gov/Archives/edgar/data/1090727/000109072700000010/0001090727-00-000010-0001.txt,6.506467233686695,0.6199999997350427,0.317065526930029,-0.1987179486330265,3.1724216510659167,8.183646720149438,8.183646720149438,8.183646720149438,2.888034186799985,63836709704.700005,65436709704.700005,22.733870977457265,8.665224610384145,177.8181328821727,-283.7187097986667,6.889349201888626,6.889349201888626,8.882409353155966,-169.96547975246753,182.2749573947075,-290.8298209097778,0.0109968073738035,-0.0035246177480139,0.3529030865529894,0.1527181019988791,-4.155844155844156,1.620751023313757,0.0,0.5113960113960114,0.0030390037471764,0.2763532763532763,0.5527351703542827,0.0,0.0,1.626740947075209,0.0792724311117144,1.9863945578231288,0.0,10.684655899807796,0.040915003458103,0.0327853540070988,-5.090491450816029,3488000000.0,9266000000.0,-3039000000.0,15209000000.0,3299500000.0,1350000000.0,456000000.0,41.32889914483508,70.09239130434783,24.75,2.177652970736033,1.2840195394277738,3.636363636363636,0.0757608461040362,0.5157834755630555,2000-10-19,0.58,bmo,7121433333.0,2025-04-25,2000-09-30,0.0344827586206896,57.36047619047619,923309.5238095238
2000-06-30,UPS,USD,1090727,2000-08-14,2000-08-14 00:00:00,2000,Q2,7284000000.0,1791000000.0,5493000000.0,0.7541186161,0,4042000000.0,0.0,4042000000.0,2078000000.0,6120000000.0,7911000000.0,0.0,0.0,287000000.0,-340000000.0,-0.0466776496,1164000000.0,0.1598023064,-5000000.0,1159000000.0,0.1591158704,464000000.0,695000000.0,0.0954146074,0.61,0.6,1139344262,1158333333,https://www.sec.gov/Archives/edgar/data/1090727/000109072700000008/0001090727-00-000008-index.htm,https://www.sec.gov/Archives/edgar/data/1090727/000109072700000008/0001090727-00-000008-0001.txt,6.393151080792471,0.6100000001579856,1.1568057556952878,0.851366906695318,4.088316547821434,8.128359714335403,8.128359714335403,8.128359714335403,2.806000000726734,67221311458.0,68037311458.0,24.180327862589927,9.228625955244372,51.00251248710167,69.30032109072165,7.25853703250189,7.25853703250189,9.340652314387698,-200.10973958235297,51.621632365705615,70.14155820412371,0.0103389830535251,0.014429947571107,0.3452111003131411,0.1516243775195636,-2.4,1.669853869745625,0.0,1.8964028776978417,0.0028859895142214,0.279136690647482,0.5549148819330039,0.0,0.0,0.2640364188163884,0.0477759472817133,1.212543554006969,0.0,10.56227897322103,0.0410804705064128,0.0329618211999051,-3.9944028787323633,3713000000.0,9261000000.0,-2568000000.0,15163000000.0,3261000000.0,1417500000.0,433000000.0,39.73640856672159,63.66834170854271,20.402010050251256,2.264925373134328,1.4135753749013418,4.411330049261084,0.0750458913724219,0.3054388489999697,2000-07-20,0.6,bmo,7284000000.0,2025-04-25,2000-06-30,0.0,61.29079365079365,884177.7777777778
2000-03-31,UPS,USD,1090727,2000-05-15,2000-05-15 00:00:00,2000,Q1,7220000000.0,1779000000.0,5441000000.0,0.753601108,0,4075000000.0,0.0,4075000000.0,2062000000.0,6137000000.0,7916000000.0,0.0,0.0,283000000.0,-413000000.0,-0.0572022161,1083000000.0,0.15,271000000.0,1354000000.0,0.187534626,541000000.0,813000000.0,0.1126038781,0.68,0.67,1195588235,1213432836,https://www.sec.gov/Archives/edgar/data/1090727/000109072700000004/0001090727-00-000004-index.html,https://www.sec.gov/Archives/edgar/data/1090727/000109072700000004/,6.038868390169464,0.6800000001672817,1.1375153754335832,0.8740467406824223,3.4945141460011104,7.514292744775964,7.514292744775964,7.514292744775964,2.67316113226892,75310102922.65001,76035102922.65001,23.158088229597173,10.430762177652356,55.37507567841912,72.06708413650719,8.38269177678651,8.38269177678651,10.53117769011773,-184.1043654301453,55.908163913713246,72.7608640408134,0.0107953643462022,0.0138759603219943,0.3557435440783615,0.1527870733339707,-1.7554479418886195,1.663003663003663,0.0,1.6728167281672817,0.0027353567716084,0.2533825338253382,0.564404432132964,0.0,0.0,0.2316176470588235,0.0436288088642659,1.1130742049469964,0.0,10.72234484725029,0.0389342540638071,0.0388660483793861,-4.220934810386454,3620000000.0,8984000000.0,-2854000000.0,15082000000.0,3236500000.0,1431500000.0,413000000.0,41.21052631578947,79.32546374367622,23.27150084317032,2.183908045977012,1.1345663265306123,3.867391304347826,0.0904942119323241,0.2634686347511608,2000-04-20,0.53,bmo,6833214285.0,2025-04-25,2000-03-31,0.0566037735849057,59.58063492063492,1423795.238095238
1999-12-31,UPS,USD,1090727,2000-03-30,2000-03-30 00:00:00,1999,Q4,7446000000.0,0.0,7446000000.0,1.0,0,0.0,0.0,0.0,-27918000000.0,-27918000000.0,-27918000000.0,0.0,0.0,0.0,-20472000000.0,-2.7493956487,-20472000000.0,-2.7493956487,20472000000.0,0.0,0.0,-661000000.0,661000000.0,0.0887724953,0.55,0.54,1195588235,1213432836,https://www.sec.gov/Archives/edgar/data/1090727/000093176300000749/0000931763-00-000749-index.html,https://www.sec.gov/Archives/edgar/data/1090727/000093176300000749/,6.227896680498867,0.552865928795293,,,5.250971711008849,10.433357936145969,10.433357936145969,10.433357936145969,2.027453875037504,82495588215.0,80715588215.0,31.201054544251136,11.079181871474615,0.0,0.0,6.613402935305436,6.613402935305436,10.84012734555466,-3.9427309600918328,0.0,0.0,0.0080125496926854,,0.1943241943241943,0.1051946361150891,0.08694802657288,2.6531681753215817,0.0,0.0,0.0043478260869565,0.5426270355521936,0.0,0.0,0.0,0.0,,0.0,,11.392347555748742,,0.0286855010198324,-1.4492865932224568,6940000000.0,12474000000.0,569000000.0,18519000000.0,,,,38.27961321514908,0.0,0.0,2.351120934638459,0.0,0.0,0.0529902196568863,,2000-03-30,,bmo,,2025-04-25,1999-12-31,,67.4375,5580294.5
1999-09-30,UPS,USD,1090727,1999-09-30,1999-09-29 20:00:00,1999,Q3,6715000000.0,0.0,6715000000.0,1.0,0,0.0,0.0,0.0,0.0,0.0,0.0,0.0,0.0,0.0,6715000000.0,1.0,6715000000.0,1.0,-6715000000.0,0.0,0.0,-577000000.0,577000000.0,0.085927029,0.53,0.53,1088679245,1088679245,,,6.168024265035015,0.5300000001377816,,,,,,,,74171716961.84999,,32.13679244447574,11.04567639044676,0.0,0.0,0.0,0.0,,,0.0,0.0,0.0077792455619812,,0.0,0.0,,0.0,0.0,0.0,,,0.0,0.0,0.0,0.0,,0.0,,,0.0,0.0,,,,,,,,,,0.0,0.0,0.0,0.0,0.0,0.0,,2000-01-31,0.55,bmo,7310618181.0,2025-04-25,1999-09-30,0.0181818181818181,,
1999-06-30,UPS,USD,1090727,1999-06-30,1999-06-29 20:00:00,1999,Q2,6560000000.0,0.0,6560000000.0,1.0,0,0.0,0.0,0.0,0.0,0.0,0.0,0.0,0.0,0.0,6560000000.0,1.0,6560000000.0,1.0,-6560000000.0,0.0,0.0,-588000000.0,588000000.0,0.0896341463,0.52,0.52,1130769231,1130769231,,,5.801360543033736,0.5199999998938776,,,,,,,,77039307708.03,,32.754807698992344,11.74379690671189,0.0,0.0,0.0,0.0,,,0.0,0.0,0.0076324673402888,,0.0,0.0,,0.0,0.0,0.0,,,0.0,0.0,0.0,0.0,,0.0,,,0.0,0.0,,,,,,,,,,0.0,0.0,0.0,0.0,0.0,0.0,,1999-06-29,,bmo,,2025-04-25,1999-06-30,,,
1999-03-31,UPS,USD,1090727,1999-03-31,1999-03-30 19:00:00,1999,Q1,6331000000.0,0.0,6331000000.0,1.0,0,0.0,0.0,0.0,0.0,0.0,0.0,0.0,0.0,0.0,6331000000.0,1.0,6331000000.0,1.0,-6331000000.0,0.0,0.0,-499000000.0,499000000.0,0.0788185121,0.46,0.46,1084782609,1084782609,,,5.83619238313213,0.4599999998709418,,,,,,,,73906239151.17,,37.02717392343186,11.673707021192545,0.0,0.0,0.0,0.0,,,0.0,0.0,0.0067517980312775,,0.0,0.0,,0.0,0.0,0.0,,,0.0,0.0,0.0,0.0,,0.0,,,0.0,0.0,,,,,,,,,,0.0,0.0,0.0,0.0,0.0,0.0,,1999-03-30,,bmo,,2025-04-25,1999-03-31,,,
