date,symbol,reportedCurrency,cik,fillingDate,acceptedDate,calendarYear,period,revenue,costOfRevenue,grossProfit,grossProfitRatio,researchAndDevelopmentExpenses,generalAndAdministrativeExpenses,sellingAndMarketingExpenses,sellingGeneralAndAdministrativeExpenses,otherExpenses,operatingExpenses,costAndExpenses,interestIncome,interestExpense,depreciationAndAmortization,ebitda,ebitdaratio,operatingIncome,operatingIncomeRatio,totalOtherIncomeExpensesNet,incomeBeforeTax,incomeBeforeTaxRatio,incomeTaxExpense,netIncome,netIncomeRatio,eps,epsdiluted,weightedAverageShsOut,weightedAverageShsOutDil,link,finalLink,revenuePerShare,netIncomePerShare,operatingCashFlowPerShare,freeCashFlowPerShare,cashPerShare,bookValuePerShare,tangibleBookValuePerShare,shareholdersEquityPerShare,interestDebtPerShare,marketCap,enterpriseValue,peRatio,priceToSalesRatio,pocfratio,pfcfRatio,pbRatio,ptbRatio,evToSales,enterpriseValueOverEBITDA,evToOperatingCashFlow,evToFreeCashFlow,earningsYield,freeCashFlowYield,debtToEquity,debtToAssets,netDebtToEBITDA,currentRatio,interestCoverage,incomeQuality,dividendYield,payoutRatio,salesGeneralAndAdministrativeToRevenue,researchAndDdevelopementToRevenue,intangiblesToTotalAssets,capexToOperatingCashFlow,capexToRevenue,capexToDepreciation,stockBasedCompensationToRevenue,grahamNumber,roic,returnOnTangibleAssets,grahamNetNet,workingCapital,tangibleAssetValue,netCurrentAssetValue,investedCapital,averageReceivables,averagePayables,averageInventory,daysSalesOutstanding,daysPayablesOutstanding,daysOfInventoryOnHand,receivablesTurnover,payablesTurnover,inventoryTurnover,roe,capexPerShare,report_date,epsEstimated,time,revenueEstimated,updatedFromDate,fiscalDateEnding,surprise(%),QuarterAvgPrice,QuarterAvgVolume
2025-03-31,URI,USD,1067701,2025-04-23,2025-04-23 16:27:17,2025,Q1,3719000000.0,2363000000.0,1356000000.0,0.3646141436,0,0.0,0.0,437000000.0,115000000.0,552000000.0,2800000000.0,0.0,184000000.0,751000000.0,1623000000.0,0.4364076365,804000000.0,0.2161871471,-116000000.0,688000000.0,0.1849959667,170000000.0,518000000.0,0.139284754,7.92,7.91,65334999,65435000,https://www.sec.gov/Archives/edgar/data/1067701/000106770125000017/0001067701-25-000017-index.htm,https://www.sec.gov/Archives/edgar/data/1047166/000106770125000017/uri-20250331.htm,56.92201816671031,7.928369295605254,21.8106684290299,10.40789791701076,8.29570686914681,134.52208057736405,19.69847738116595,134.52208057736405,216.98936583744344,40945443873.3,54396443873.3,19.761314610666027,11.009799374374833,28.733644823368422,60.2138880489706,4.65871474266697,4.65871474266697,14.626631856224792,33.51598513450401,38.172943068982455,79.99477040191177,0.0126509802068058,0.0166074643641467,1.5921037660712254,0.4988591800356506,8.287738755391251,0.8542435424354243,4.369565217391305,2.750965250965251,0.0028818835220136,0.2277992277992278,0.0,0.0,0.2674509803921568,0.5228070175438596,0.2003226673837053,0.9920106524633822,0.0096800215111589,154.91018848896434,0.0235759935076462,0.0252092661086237,-258.391371522023,-553000000.0,1287000000.0,-16020000000.0,24203000000.0,2327500000.0,888500000.0,213500000.0,55.611723581607954,39.19170545916208,8.645789250952179,1.6183637946040037,2.2964042759961125,10.409691629955947,0.0589373079986346,11.40277051201914,2025-04-23,8.78,amc,3598883413.0,2025-05-11,2025-03-31,0.0091116173120729,687.435,697037.6166666667
2024-12-31,URI,USD,1067701,2025-01-29,2025-01-29 16:20:35,2024,Q4,4095000000.0,2457000000.0,1638000000.0,0.4,0,0.0,0.0,436000000.0,115000000.0,551000000.0,3008000000.0,0.0,180000000.0,115000000.0,1204000000.0,0.294017094,1087000000.0,0.2654456654,-178000000.0,909000000.0,0.221978022,220000000.0,689000000.0,0.1682539683,10.44,10.41,66019000,66185000,https://www.sec.gov/Archives/edgar/data/1067701/000106770125000008/0001067701-25-000008-index.htm,https://www.sec.gov/Archives/edgar/data/1047166/000106770125000008/uri-20241231.htm,62.02759811569397,10.436389524227874,15.874218028143414,5.528711431557582,6.922249655402233,130.598767021615,16.04083672882049,130.598767021615,222.2844938578288,46506424360.0,60544424360.0,16.87460970972424,11.356880185592184,44.37635912213741,127.41486126027397,5.393925349106936,5.393925349106936,14.784963213675214,50.28606674418605,57.77139729007634,165.87513523287672,0.0148151574644084,0.0078483780471829,1.6811644630016238,0.5146823846891311,11.659468438538203,0.9777309659945832,6.038888888888889,1.521044992743106,0.0023222598057418,0.1567489114658926,0.0,0.0,0.2685438341085822,0.6517175572519084,0.1667887667887667,0.8963254593175853,0.008058608058608,175.12007620625008,0.0316672954096854,0.0334466019417475,-260.77720050288553,-74000000.0,1059000000.0,-16292000000.0,9860000000.0,2376500000.0,982000000.0,205500000.0,51.8021978021978,27.3992673992674,7.326007326007326,1.7373780229104794,3.28475935828877,12.285,0.0799118533982834,10.345506596585832,2025-01-29,11.68,amc,3928109013.0,2025-04-29,2024-12-31,-0.0077054794520547,812.82609375,519553.5625
2024-09-30,URI,USD,1067701,2024-10-23,2024-10-23 16:20:57,2024,Q3,3992000000.0,2344000000.0,1648000000.0,0.4128256513,0,0.0,0.0,416000000.0,110000000.0,525000000.0,2869000000.0,0.0,178000000.0,738000000.0,1865000000.0,0.4671843687,1122000000.0,0.2810621242,-173000000.0,949000000.0,0.2377254509,241000000.0,708000000.0,0.1773547094,10.72,10.7,66019000,66185000,https://www.sec.gov/Archives/edgar/data/1067701/000106770124000037/0001067701-24-000037-index.htm,https://www.sec.gov/Archives/edgar/data/1047166/000106770124000037/uri-20240930.htm,60.46744119117224,10.724185461761008,18.23717414683652,-3.165755312864478,7.255487056756388,129.9777336827277,15.662157863645314,129.9777336827277,221.04242718005423,53457564870.0,67393564870.0,18.87625878177966,13.39117356462926,44.39997082225914,-255.7778223444976,6.229759336907121,6.229759336907121,16.882155528557114,36.13595971581769,55.97472165282392,-322.45724818181816,0.0132441498545947,-0.0039096431067942,1.6798741405430602,0.5073560467408137,7.472386058981233,0.8248882265275708,6.303370786516854,1.7005649717514124,0.0020015876192678,0.1511299435028248,0.0,0.0,0.2656271997747431,1.1735880398671097,0.3539579158316633,1.9146341463414631,0.0060120240480961,177.0956513950623,0.032324157617745,0.0339324227174694,-264.31027431496994,-705000000.0,1034000000.0,-16510000000.0,24338000000.0,2328000000.0,1282500000.0,215000000.0,54.01803607214429,46.689419795221845,8.101535836177474,1.666110183639399,1.9276315789473684,11.109004739336491,0.0825078662160587,21.402929459701,2024-10-23,12.48,amc,4007478484.0,2025-04-24,2024-09-30,-0.0544871794871794,719.2640625,502429.4375
2024-06-30,URI,USD,1067701,2024-07-24,2024-07-24 16:22:32,2024,Q2,3773000000.0,2364000000.0,1409000000.0,0.3734428836,0,0.0,0.0,404000000.0,4000000.0,404000000.0,2768000000.0,0.0,173000000.0,717000000.0,1725000000.0,0.4571958654,1005000000.0,0.2663662868,-169000000.0,835000000.0,0.2213093029,199000000.0,636000000.0,0.1685661277,9.55,9.53,66563000,66712000,https://www.sec.gov/Archives/edgar/data/1067701/000106770124000028/0001067701-24-000028-index.htm,https://www.sec.gov/Archives/edgar/data/1047166/000106770124000028/uri-20240630.htm,56.683142286255126,9.55485780388504,19.00455207848204,-2.9596021813920648,7.015909739645148,124.40845514775476,11.83840872556826,124.40845514775476,211.07822664242897,42656232920.0,56066232920.0,16.767387154088052,11.305654100185528,33.72034222924901,-216.5291011167513,5.151096838546069,5.151096838546069,14.859855001325206,32.5021640115942,44.321132743083005,-284.600167106599,0.0149098960799654,-0.0046183168675364,1.6757637966429175,0.5025531452576685,7.773913043478261,0.8110355253212396,5.809248554913295,1.988993710691824,0.0025553123784846,0.1713836477987421,0.0,0.0,0.271357693839858,1.155731225296443,0.3874900609594487,2.0390516039051603,0.0071561091969255,163.5416299206433,0.030603487384165,0.0316103379721669,-256.30605591695087,-750000000.0,788000000.0,-16113000000.0,23597000000.0,2240500000.0,1154000000.0,213500000.0,53.90935595017228,51.357868020304565,8.33756345177665,1.6694690265486725,1.7524091919940696,10.794520547945206,0.0768023185605603,21.964154259874103,2024-07-24,10.54,amc,3764860999.0,2025-04-24,2024-06-30,0.0151802656546489,664.6028571428571,556090.126984127
2024-03-31,URI,USD,1067701,2024-04-24,2024-04-24 16:26:26,2024,Q1,3485000000.0,2243000000.0,1242000000.0,0.356384505,0,0.0,0.0,389000000.0,3000000.0,389000000.0,2632000000.0,0.0,160000000.0,686000000.0,1541000000.0,0.4421807747,853000000.0,0.2447632712,-157000000.0,695000000.0,0.1994261119,153000000.0,542000000.0,0.1555236729,8.06,8.04,67213000,67417000,https://www.sec.gov/Archives/edgar/data/1067701/000106770124000016/0001067701-24-000016-index.htm,https://www.sec.gov/Archives/edgar/data/1047166/000106770124000016/uri-20240331.htm,51.85008852454138,8.063916206686207,15.30953833335813,6.843914123755821,6.382693824111407,120.80996235847232,8.792941841608021,120.80996235847232,201.3152217576957,47731311950.0,60673311950.0,22.016287799815498,13.696215767575325,46.38611462585034,103.7637216304348,5.878240387931034,5.878240387931034,17.409845609756097,39.37268783257625,58.963374101069,131.89850423913043,0.0113552294679802,0.0096372796222711,1.6466748768472907,0.5015755120414135,8.398442569759895,0.8944708680142688,5.33125,1.8985239852398523,0.0023045668661952,0.2029520295202952,0.0,0.0,0.2824292895190937,0.5529640427599611,0.1632711621233859,0.8294460641399417,0.0080344332855093,148.05246300319288,0.0272842486439051,0.0283339432275602,-243.09657357951588,-355000000.0,591000000.0,-15529000000.0,23250000000.0,2225500000.0,932000000.0,206500000.0,57.35724533715925,38.479714667855546,8.345965225144894,1.569113012156686,2.3388946819603755,10.783653846153848,0.0667487684729064,8.465624209602309,2024-04-24,8.33,amc,3442207742.0,2025-04-24,2024-03-31,0.0984393757503001,641.6775409836066,594716.4918032787
2023-12-31,URI,USD,1067701,2024-01-24,2024-01-24 16:27:28,2023,Q4,3728000000.0,2166000000.0,1562000000.0,0.4189914163,0,0.0,0.0,393000000.0,-133000000.0,495000000.0,2661000000.0,161000000.0,161000000.0,697000000.0,1764000000.0,0.4731759657,1063000000.0,0.285139485,-161000000.0,902000000.0,0.2419527897,223000000.0,679000000.0,0.1821351931,10.04,10.01,67600000,67800000,https://www.sec.gov/Archives/edgar/data/1067701/000106770124000007/0001067701-24-000007-index.htm,https://www.sec.gov/Archives/edgar/data/1047166/000106770124000007/uri-20231231.htm,55.14792899408284,10.044378698224852,20.91715976331361,10.192307692307692,5.3698224852071,120.26627218934912,22.485207100591715,120.26627218934912,189.68934911242604,38763192000.0,51062192000.0,14.272162002945509,10.397851931330472,27.413855728429983,56.26007547169811,4.767920295202952,4.767920295202952,13.69693991416309,28.94682086167801,36.11187553041018,74.11058345428157,0.0175166173105661,0.0177745940014434,1.5574415744157442,0.4948219938254719,6.972222222222222,0.8064338740720374,6.60248447204969,2.082474226804124,0.0026055645778603,0.1487481590574374,0.0,0.0,0.2583141193481574,0.5127298444130127,0.1944742489270386,1.0401721664275467,0.005901287553648,164.86357877380385,0.0338120607875716,0.0357763844248906,-226.64201183431956,-704000000.0,1520000000.0,-14526000000.0,21909000000.0,2253500000.0,1013000000.0,203000000.0,53.83583690987124,37.60387811634349,8.518005540166204,1.671748878923767,2.393370165745856,10.565853658536586,0.0835178351783517,10.724852071005918,2024-01-24,10.93,amc,3623780000.0,2025-04-24,2023-12-31,0.0301921317474839,471.6963492063492,751291.0952380953
2023-09-30,URI,USD,1067701,2023-10-25,2023-10-25 16:23:58,2023,Q3,3765000000.0,2180000000.0,1585000000.0,0.4209827357,0,0.0,0.0,374000000.0,7000000.0,481000000.0,2661000000.0,163000000.0,163000000.0,695000000.0,1801000000.0,0.4783532537,1099000000.0,0.2918990704,-156000000.0,943000000.0,0.2504648074,240000000.0,703000000.0,0.1867197875,10.32,10.3,68153000,68263000,https://www.sec.gov/Archives/edgar/data/1067701/000106770123000041/0001067701-23-000041-index.htm,https://www.sec.gov/Archives/edgar/data/1047166/000106770123000041/uri-20230930.htm,55.24334952239813,10.31502648452746,15.582586239784016,-0.8216806303464265,4.167094625328305,113.80276730298006,18.135665341217557,113.80276730298006,191.93579152788573,30298779210.0,42932779210.0,10.774814797297298,8.047484517928288,28.52992392655367,-541.04962875,3.9064955144404334,3.9064955144404334,11.403128608233732,23.838300505274848,40.42634577212806,-766.6567716071429,0.0232022549531625,-0.0018482592850314,1.6655492521918516,0.5000774233508827,7.014991671293726,0.8107813776204738,6.742331288343558,1.5106685633001422,0.0033004630089847,0.1422475106685633,0.0,0.0,0.2524001238773614,1.0527306967984935,0.296945551128818,1.6086330935251798,0.0061088977423638,162.51851455053355,0.0347056773291132,0.0364022369511184,-234.5274602732088,-695000000.0,1236000000.0,-15098000000.0,22111000000.0,2207500000.0,1230000000.0,205500000.0,54.43027888446215,46.27981651376147,8.298165137614678,1.6534914361001318,1.944692239072257,10.845771144278608,0.0906395048994326,16.404266870130442,2023-10-25,11.2,amc,3697240000.0,2025-04-24,2023-09-30,0.0473214285714286,457.7290476190476,675662.8412698413
2023-06-30,URI,USD,1067701,2023-07-26,2023-07-26 16:23:39,2023,Q2,3554000000.0,2129000000.0,1425000000.0,0.4009566685,0,0.0,0.0,378000000.0,8000000.0,378000000.0,2507000000.0,161000000.0,161000000.0,696000000.0,1629000000.0,0.4583567811,933000000.0,0.262521103,-153000000.0,772000000.0,0.2172200338,181000000.0,591000000.0,0.1662915025,8.6,8.59,68718000,68841000,https://www.sec.gov/Archives/edgar/data/1067701/000106770123000032/0001067701-23-000032-index.htm,https://www.sec.gov/Archives/edgar/data/1047166/000106770123000032/uri-20230630.htm,51.71861812043424,8.600366716144242,18.757821822521027,-0.9895515003347012,3.3033557437643704,107.89021799237464,11.860065776070316,107.89021799237464,189.09164993160456,30604935660.0,43210935660.0,12.946250279187815,8.611405644344401,23.74316187742436,-450.0725832352941,4.127992400863232,4.127992400863232,12.158394952166573,26.526050128913443,33.52283604344453,-635.4549361764706,0.0193106107644076,-0.0022218638442973,1.7309144861073644,0.5031365168979848,7.738489871086556,0.7448818897637796,5.795031055900621,2.1810490693739424,0.0033327957664459,0.1725888324873096,0.0,0.0,0.2587234376225202,1.0527540729247478,0.3818232976927406,1.9497126436781609,0.0070343275182892,144.49099416894887,0.0308665769521856,0.0312582641349764,-235.1130708111412,-972000000.0,815000000.0,-15254000000.0,21647000000.0,2086000000.0,1228000000.0,216000000.0,54.14181204276871,56.60403945514326,8.87740723344293,1.6623012160898036,1.5899925317401045,10.138095238095238,0.0797140544915025,19.74737332285573,2023-07-26,9.01,amc,3706170000.0,2025-04-24,2023-06-30,0.0965593784683686,370.5801612903226,980291.8870967742
2023-03-31,URI,USD,1067701,2023-04-26,2023-04-26 16:22:57,2023,Q1,3285000000.0,2044000000.0,1241000000.0,0.3777777778,0,0.0,0.0,382000000.0,118000000.0,500000000.0,2544000000.0,150000000.0,150000000.0,693000000.0,1437000000.0,0.4374429224,740000000.0,0.2252663623,-146000000.0,594000000.0,0.1808219178,143000000.0,451000000.0,0.1372907154,6.5,6.47,69414000,69745000,https://www.sec.gov/Archives/edgar/data/1067701/000106770123000020/0001067701-23-000020-index.htm,https://www.sec.gov/Archives/edgar/data/1047166/000106770123000020/uri-20230331.htm,47.32474716915896,6.497248393695796,13.527530469357766,0.9940357852882704,1.4262252571527358,102.7170311464546,7.981098913763794,102.7170311464546,182.3119255481603,27471284640.0,39877284640.0,15.227984833702884,8.362643726027397,29.25589418530351,398.13456,3.8529150967741934,3.8529150967741934,12.139203847793,27.75037205288796,42.467821767838124,577.9316614492753,0.0164171426968258,0.002511713627674,1.7538569424964936,0.5077347841974907,8.633263743910925,1.15,4.933333333333334,2.082039911308204,0.003749369618122,0.2283813747228381,0.0,0.0,0.267002314344878,0.926517571884984,0.2648401826484018,1.255411255411255,0.0073059360730593,122.53981588236462,0.0249656454944168,0.024981997451947,-227.09395799118337,342000000.0,554000000.0,-14877000000.0,22304000000.0,2019000000.0,1128000000.0,227000000.0,55.72602739726028,49.18297455968688,9.77495107632094,1.6150442477876106,1.829901521933751,9.207207207207206,0.0632538569424965,12.533494684069495,2023-04-26,7.92,amc,3149600000.0,2025-04-24,2023-03-31,0.0037878787878788,420.0298387096774,867502.6129032258
2022-12-31,URI,USD,1067701,2023-01-25,2023-01-25 16:21:53,2022,Q4,3296000000.0,1808000000.0,1488000000.0,0.4514563107,0,0.0,0.0,378000000.0,86000000.0,464000000.0,2272000000.0,132000000.0,132000000.0,577000000.0,1604000000.0,0.4866504854,1024000000.0,0.3106796117,-129000000.0,895000000.0,0.2715412621,256000000.0,639000000.0,0.1938713592,9.21,9.15,69400000,69800000,https://www.sec.gov/Archives/edgar/data/1067701/000106770123000010/0001067701-23-000010-index.htm,https://www.sec.gov/Archives/edgar/data/1047166/000106770123000010/uri-20221231.htm,47.49279538904899,9.207492795389047,18.02593659942363,2.867435158501441,1.5273775216138328,101.7579250720461,8.414985590778098,101.7579250720461,174.985590778098,24666148000.0,36572148000.0,9.650292644757434,7.4836614077669905,19.7171446842526,123.95049246231156,3.4927992070235065,3.4927992070235065,11.095918689320388,22.80059102244389,29.2343309352518,183.7796381909548,0.0259059501305189,0.0080677372080958,1.7009345794392523,0.4967125666790721,7.422693266832917,1.1137014314928426,7.757575757575758,1.9577464788732395,0.0,0.0,0.0,0.0,0.2678741264524666,0.8409272581934453,0.3191747572815534,1.8232235701906407,0.0097087378640776,145.1931322219773,0.0330665615548463,0.0360914995763908,-221.84438040345825,278000000.0,584000000.0,-14398000000.0,21691000000.0,1969000000.0,1137500000.0,212500000.0,54.720873786407765,56.698008849557525,11.548672566371682,1.6447105788423153,1.5873573309920983,7.793103448275862,0.0904842820730671,15.15850144092219,2023-01-25,10.38,amc,3302063069.0,2025-04-24,2022-12-31,-0.0616570327552987,328.59936507936504,681957.746031746
2022-09-30,URI,USD,1067701,2022-10-26,2022-10-26 16:21:01,2022,Q3,3051000000.0,1685000000.0,1366000000.0,0.4477220583,0,0.0,0.0,356000000.0,90000000.0,446000000.0,2131000000.0,106000000.0,106000000.0,560000000.0,1482000000.0,0.4857423795,921000000.0,0.3018682399,-105000000.0,816000000.0,0.267453294,210000000.0,606000000.0,0.1986234022,8.68,8.65,69854000,70053000,https://www.sec.gov/Archives/edgar/data/1067701/000106770122000039/0001067701-22-000039-index.htm,https://www.sec.gov/Archives/edgar/data/1047166/000106770122000039/uri-20220930.htm,43.67681163569731,8.67523692272454,16.348383771867038,-0.2719958771151258,1.0879835084605034,90.94683196381024,4.437827468720474,90.94683196381024,152.40358461934892,18868962480.0,29332962480.0,7.784225445544554,6.184517364798427,16.522734220665498,-993.1032884210526,2.970086963639226,2.970086963639226,9.614212546705998,19.79282218623482,25.685606374781084,-1543.8401305263158,0.0321162332397621,-0.0010069446065271,1.6590587124193297,0.4920864652878285,7.060728744939271,1.0278268551236749,8.68867924528302,1.8844884488448843,0.0,0.0,0.0,0.0,0.2821326859330501,1.0166374781085814,0.3805309734513274,2.0732142857142857,0.0114716486397902,133.23726798380622,0.0354190845205567,0.0394120707596253,-192.4442408451914,63000000.0,310000000.0,-12739000000.0,19108000000.0,1839000000.0,1100500000.0,196000000.0,57.05014749262537,60.67655786350148,10.30860534124629,1.5775594622543951,1.483274647887324,8.73056994818653,0.0953880056666141,16.620379648982162,2022-10-26,9.07,amc,3070702577.0,2025-04-24,2022-09-30,0.0220507166482909,291.0503125,710188.390625
2022-06-30,URI,USD,1067701,2022-07-27,2022-07-27 16:25:55,2022,Q2,2771000000.0,1621000000.0,1150000000.0,0.4150126308,0,0.0,0.0,343000000.0,91000000.0,434000000.0,2055000000.0,0.0,113000000.0,548000000.0,1269000000.0,0.4579574161,715000000.0,0.2580295922,-107000000.0,608000000.0,0.2194153735,115000000.0,493000000.0,0.1779141104,6.92,6.91,71221000,71354000,https://www.sec.gov/Archives/edgar/data/1067701/000106770122000027/0001067701-22-000027-index.htm,https://www.sec.gov/Archives/edgar/data/1047166/000106770122000027/uri-20220630.htm,38.90706392777411,6.922115668131591,16.203086168405385,3.0047317504668567,0.954774574914702,84.89069235197483,-1.361957849510678,84.89069235197483,148.36916078123025,17300293110.0,27686293110.0,8.772968108519269,6.243339267412487,14.99158848353553,80.8424911682243,2.8614444442606684,2.8614444442606684,9.99144464453266,21.81740985815603,23.99158848353553,129.37520144859812,0.0284966270146621,0.0123697326189405,1.7290770757525638,0.5021133525456292,8.184397163120567,1.069698467622343,6.327433628318584,2.340770791075051,0.0,0.0,0.0,0.0,0.2950528338136407,0.8145580589254766,0.3392277156261277,1.715328467153285,0.0129916997473836,114.98487644548403,0.0307451616459614,0.0335899707024596,-186.7216130073995,141000000.0,-97000000.0,-12610000000.0,18756000000.0,1675500000.0,946500000.0,189000000.0,56.64381089859257,59.13016656384947,11.048735348550276,1.588876146788991,1.5220657276995304,8.14572864321608,0.0815415150512735,13.19835441793853,2022-07-27,6.46,amc,2703701726.0,2025-04-24,2022-06-30,0.21671826625387,294.225,825392.5483870967
2022-03-31,URI,USD,1067701,2022-04-27,2022-04-27 16:25:47,2022,Q1,2524000000.0,1532000000.0,992000000.0,0.3930269414,0,0.0,0.0,323000000.0,97000000.0,420000000.0,1952000000.0,0.0,94000000.0,532000000.0,1109000000.0,0.4393819334,572000000.0,0.2266244057,-89000000.0,483000000.0,0.191362916,116000000.0,367000000.0,0.1454041204,5.07,5.05,72372000,72684000,https://www.sec.gov/Archives/edgar/data/1067701/000106770122000018/0001067701-22-000018-index.htm,https://www.sec.gov/Archives/edgar/data/1047166/000106770122000018/uri-20220331.htm,34.87536616370972,5.071021942187587,12.242303653346598,4.822306969546234,1.395567346487592,84.06566075277732,-0.2210799756812026,84.06566075277732,141.03520698612724,25707258120.0,35719258120.0,17.51175621253406,10.185126038034864,29.01496401805869,73.65976538681949,4.225387593688363,4.225387593688363,14.151845530903328,32.20852851217313,40.315189751693005,102.34744446991404,0.0142761238202403,0.0135759324612095,1.6622287968441816,0.5014130596459914,9.02795311091073,0.7739699653446284,6.085106382978723,2.4141689373297,0.0,0.0,0.0,0.0,0.302444345282364,0.6060948081264108,0.2127575277337559,1.0093984962406015,0.0095087163232963,97.9373433930654,0.023452690416532,0.0260857203781363,-175.3336925882938,-587000000.0,-16000000.0,-12075000000.0,17534000000.0,1642000000.0,822000000.0,171500000.0,57.30190174326466,48.642297650130544,10.515665796344647,1.5706285003111389,1.85024154589372,8.558659217877095,0.0603221564760026,7.419996683800365,2022-04-27,5.0,amc,2446239862.0,2025-04-24,2022-03-31,0.146,326.5237096774194,735226.6451612903
2021-12-31,URI,USD,1067701,2022-01-26,2022-01-26 16:21:38,2021,Q4,2776000000.0,1615000000.0,1161000000.0,0.4182276657,0,0.0,0.0,322000000.0,93000000.0,415000000.0,2030000000.0,0.0,93000000.0,532000000.0,1269000000.0,0.4571325648,745000000.0,0.2683717579,-101000000.0,644000000.0,0.2319884726,163000000.0,481000000.0,0.1732708934,6.63,6.6,72500000,72900000,https://www.sec.gov/Archives/edgar/data/1067701/000106770122000008/0001067701-22-000008-index.htm,https://www.sec.gov/Archives/edgar/data/1047166/000106770122000008/uri-20211231.htm,38.2896551724138,6.63448275862069,9.213793103448277,-1.103448275862069,1.986206896551724,82.63448275862069,-2.0965517241379312,82.63448275862069,143.4344827586207,24091025000.0,34253025000.0,12.521322765072766,8.678323126801153,36.06440868263473,-301.1378125,4.021202637289267,4.021202637289267,12.338985951008643,26.99213947990544,51.27698353293413,-428.1628125,0.0199659416732994,-0.0033207387398419,1.7202470372225005,0.5078848807411788,8.007880220646179,0.8263542066845947,8.010752688172044,1.3887733887733889,0.0,0.0,0.0,0.0,0.3027301399566331,1.1197604790419162,0.2694524495677233,1.406015037593985,0.0108069164265129,111.06454722554886,0.0296024012025177,0.0339953353593893,-176.7896551724138,-452000000.0,-152000000.0,-12150000000.0,17647000000.0,1639500000.0,936500000.0,165000000.0,54.36959654178674,45.47368421052632,9.139318885448915,1.655336911150865,1.9791666666666667,9.847560975609756,0.0802870973126356,10.317241379310344,2022-01-26,6.72,amc,2740710000.0,2025-04-24,2021-12-31,0.0997023809523809,356.51140625,611767.875
2021-09-30,URI,USD,1067701,2021-10-27,2021-10-27 16:28:36,2021,Q3,2596000000.0,1493000000.0,1103000000.0,0.4248844376,0,0.0,0.0,326000000.0,3000000.0,424000000.0,1917000000.0,0.0,132000000.0,510000000.0,1192000000.0,0.4591679507,679000000.0,0.2615562404,-129000000.0,550000000.0,0.2118644068,141000000.0,409000000.0,0.157550077,5.65,5.63,72463000,72710000,https://www.sec.gov/Archives/edgar/data/1067701/000106770121000040/0001067701-21-000040-index.htm,https://www.sec.gov/Archives/edgar/data/1047166/000106770121000040/uri-20210930.htm,35.82517974690532,5.644259829154189,15.000759008045485,-1.4076149207181596,4.416046810096187,75.66620206174186,-8.790693181347722,75.66620206174186,149.74538730110538,25429440590.0,35828440590.0,15.543667842298287,9.795624264252696,23.39414957681693,-249.30824107843137,4.637869886923217,4.637869886923217,13.801402384437596,30.057416602348997,32.96084690892364,-351.2592214705882,0.0160837199132424,-0.0040110988536692,1.954951668794456,0.5278735349157885,8.723993288590604,0.7994186046511628,5.143939393939394,2.6577017114914425,0.0,0.0,0.0,0.0,0.3013887520929774,1.093836246550138,0.4580123266563944,2.331372549019608,0.0127118644067796,98.0270031993198,0.0273793021857223,0.0288312420696461,-182.4172336226764,-552000000.0,-637000000.0,-12623000000.0,17510000000.0,1501000000.0,977000000.0,170000000.0,55.53929121725732,63.71734762223711,10.00669792364367,1.6204744069912609,1.412488174077578,8.993975903614459,0.0745942002553346,16.408373928763645,2021-10-27,6.8,amc,2591030000.0,2025-04-24,2021-09-30,-0.0323529411764705,335.68078125,635041.953125
2021-06-30,URI,USD,1067701,2021-07-28,2021-07-28 16:25:35,2021,Q2,2287000000.0,1412000000.0,875000000.0,0.382597289,0,0.0,0.0,301000000.0,-4000000.0,391000000.0,1803000000.0,0.0,100000000.0,475000000.0,952000000.0,0.4162658505,481000000.0,0.2103191955,-104000000.0,377000000.0,0.1648447748,84000000.0,293000000.0,0.1281154351,4.03,4.02,72455000,72717000,https://www.sec.gov/Archives/edgar/data/1067701/000106770121000028/0001067701-21-000028-index.htm,https://www.sec.gov/Archives/edgar/data/1047166/000106770121000028/uri-20210630.htm,31.564419294734662,4.043889310606583,16.230763922434615,3.1605824304740877,4.637361120695604,70.30570699054586,-18.314816092747225,70.30570699054586,150.30018632254502,23113869550.0,33567869550.0,19.72173169795222,10.10663294709226,19.654650977891155,100.93392816593888,4.537469483706321,4.537469483706321,14.677686729339747,35.26036717436975,28.54410676020408,146.58458318777292,0.012676371620346,0.0099074713346731,2.1181782489202985,0.5493610304974288,10.981092436974787,0.8466981132075472,4.81,4.013651877133106,0.0,0.0,0.0,0.0,0.3269181813553281,0.8052721088435374,0.4140795802361172,1.9936842105263155,0.0153038915609969,79.98088010211194,0.0208272096610895,0.0221633888048411,-180.44303360706647,-390000000.0,-1327000000.0,-12393000000.0,17055000000.0,1327000000.0,729500000.0,144000000.0,55.09400961958898,57.17422096317281,11.090651558073654,1.633571428571429,1.5741360089186176,8.114942528735632,0.0575186493914409,13.070181491960527,2021-07-28,4.88,amc,2559320000.0,2025-04-24,2021-06-30,-0.0450819672131147,322.91079365079366,731110.9841269841
2021-03-31,URI,USD,1067701,2021-04-28,2021-04-28 16:25:12,2021,Q1,2057000000.0,1343000000.0,714000000.0,0.347107438,0,0.0,0.0,250000000.0,2000000.0,341000000.0,1684000000.0,0.0,99000000.0,466000000.0,840000000.0,0.4083616918,372000000.0,0.1808458921,-97000000.0,275000000.0,0.1336898396,72000000.0,203000000.0,0.0986874088,2.81,2.8,72338000,72674000,https://www.sec.gov/Archives/edgar/data/1067701/000106770121000018/0001067701-21-000018-index.htm,https://www.sec.gov/Archives/edgar/data/1047166/000106770121000018/uri-20210331.htm,28.43595344079184,2.8062705631894715,10.478586634963644,6.137852857419337,3.8430700323481433,65.59484641543864,-14.017528823025245,65.59484641543864,134.3968591888081,23821626780.0,33166626780.0,29.336978793103448,11.580761682061254,31.4269482585752,53.65231256756757,5.020363915700737,5.020363915700737,16.12378550315994,39.4840795,43.75544430079156,74.69960986486487,0.0085216682250447,0.0186385255759598,2.0280295047418333,0.5485691483297229,11.125,1.0885388375882672,3.757575757575758,3.7339901477832513,0.0,0.0,0.0,0.0,0.3282977995667541,0.4142480211081794,0.1526494895478852,0.6738197424892703,0.0102090422946037,64.35627357401178,0.0168613309814341,0.0172282101332428,-159.27313445215515,163000000.0,-1014000000.0,-10793000000.0,15663000000.0,1284500000.0,514000000.0,119500000.0,54.86631016042781,37.66195085629188,7.639612807148176,1.6403508771929824,2.389679715302491,11.780701754385966,0.0427818756585879,4.340733777544306,2021-04-28,3.07,amc,1982830000.0,2025-04-24,2021-03-31,0.1237785016286646,283.1970491803279,801650.131147541
2020-12-31,URI,USD,1067701,2021-01-27,2021-01-27 16:24:35,2020,Q4,2279000000.0,1410000000.0,869000000.0,0.381307591,0,489000000.0,-231000000.0,258000000.0,2000000.0,353000000.0,1763000000.0,0.0,125000000.0,480000000.0,992000000.0,0.435278631,510000000.0,0.2237823607,-123000000.0,387000000.0,0.1698113208,90000000.0,297000000.0,0.1303203159,4.11,4.09,72300000,72600000,https://www.sec.gov/Archives/edgar/data/1067701/000106770121000008/0001067701-21-000008-index.htm,https://www.sec.gov/Archives/edgar/data/1047166/000106770121000008/uri-20201231.htm,31.521438450899037,4.1078838174273855,5.117565698478561,1.9640387275242048,2.793914246196404,62.86307053941909,-17.579529737206087,62.86307053941909,143.23651452282158,16767093000.0,26796093000.0,14.113714646464649,7.357215006581834,45.31646756756757,118.07811971830986,3.689129372937294,3.689129372937294,11.75782931110136,27.01219052419355,72.42187297297298,188.70488028169012,0.0177132672908774,0.0084689695464801,2.251045104510451,0.5725878665771211,10.109879032258064,1.0671957671957673,4.08,1.245791245791246,0.0,0.0,0.2145677928916191,0.0,0.3254980971569285,0.6162162162162163,0.1000438788942518,0.475,0.0105309346204475,76.22512236205468,0.0232144335016138,0.0246432127447726,-166.9744121715076,127000000.0,-1271000000.0,-11306000000.0,15940000000.0,1319500000.0,503500000.0,116500000.0,51.93067134708205,29.74468085106383,7.97872340425532,1.7330798479087453,3.025751072961373,11.28,0.0653465346534653,3.1535269709543567,2021-01-27,4.23,amc,2165080000.0,2025-04-24,2020-12-31,0.1914893617021275,211.265625,863246.859375
2020-09-30,URI,USD,1067701,2020-10-28,2020-10-28 16:22:44,2020,Q3,2187000000.0,1301000000.0,886000000.0,0.4051211706,0,0.0,0.0,232000000.0,2000000.0,329000000.0,1630000000.0,0.0,278000000.0,492000000.0,650000000.0,0.297210791,551000000.0,0.2519433013,-276000000.0,275000000.0,0.125743027,67000000.0,208000000.0,0.0951074531,2.88,2.87,72200000,72400000,https://www.sec.gov/Archives/edgar/data/1067701/000106770120000046/0001067701-20-000046-index.htm,https://www.sec.gov/Archives/edgar/data/1047166/000106770120000046/uri-20200930.htm,30.290858725761773,2.880886426592798,11.454293628808864,4.875346260387811,2.409972299168975,57.63157894736842,-23.365650969529085,57.63157894736842,150.3185595567867,12598900000.0,22999900000.0,15.142908653846154,5.760813900320073,15.234461910519952,35.79232954545454,3.027853881278539,3.027853881278539,10.516643804298123,35.38446153846154,27.81124546553809,65.340625,0.016509377802824,0.027938947050933,2.541456380677721,0.5905182041545678,16.001538461538463,0.9018789144050104,1.9820143884892083,3.9759615384615374,0.0,0.0,0.0,0.0,0.3265579629215993,0.5743651753325272,0.2171925011431184,0.9654471544715448,0.0082304526748971,61.12017469283903,0.0249674313225715,0.0172470978441127,-173.49030470914127,-188000000.0,-1687000000.0,-12019000000.0,15962000000.0,1275000000.0,428500000.0,107500000.0,54.48559670781893,37.4250576479631,7.471176018447348,1.6518126888217524,2.4048059149722736,12.046296296296296,0.0499879836577745,6.578947368421052,2020-10-28,4.33,amc,1761749999.0,2025-04-24,2020-09-30,0.2471131639722864,168.1096875,819520.859375
2020-06-30,URI,USD,1067701,2020-07-29,2020-07-29 17:02:37,2020,Q2,1939000000.0,1238000000.0,701000000.0,0.3615265601,0,222000000.0,0.0,222000000.0,95000000.0,317000000.0,1555000000.0,0.0,130000000.0,490000000.0,874000000.0,0.4507478081,381000000.0,0.1964930376,-130000000.0,251000000.0,0.1294481692,39000000.0,212000000.0,0.1093347086,2.94,2.93,72161000,72275000,https://www.sec.gov/Archives/edgar/data/1067701/000106770120000034/0001067701-20-000034-index.htm,https://www.sec.gov/Archives/edgar/data/1047166/000106770120000034/uri-20200630.htm,26.87047019858372,2.93787502944804,11.321905184240794,8.633472374274193,1.7599534374523635,54.142819528554206,-27.563365252698823,54.142819528554206,153.36539127783706,10754875440.0,21564875440.0,12.68263613207547,5.546609303764828,13.16386222766218,17.263042439807382,2.752719590478628,2.752719590478628,11.121647983496649,24.67377052631579,26.395196376988984,34.61456731942215,0.0197119902673647,0.0579272166819256,2.799334527770668,0.6110055865921787,12.36842105263158,0.8443519000520562,2.9307692307692306,3.85377358490566,0.0,0.0,0.114492006188757,0.0,0.3293854748603352,0.237454100367197,0.1000515729757607,0.3959183673469387,0.0077359463641052,59.82440007329075,0.0191719271261691,0.0176607797400866,-178.66991865412064,-299000000.0,-1989000000.0,-12371000000.0,15958000000.0,1319500000.0,400000000.0,111000000.0,56.90562145435792,22.97253634894992,7.778675282714055,1.5815660685154975,3.9177215189873418,11.570093457943925,0.0542615817762989,2.6884328099666024,2020-07-29,1.86,amc,1763351416.0,2025-04-24,2020-06-30,0.978494623655914,126.86301587301588,1605161.1904761903
2020-03-31,URI,USD,1067701,2020-04-29,2020-04-29 16:26:52,2020,Q1,2125000000.0,1398000000.0,727000000.0,0.3421176471,0,267000000.0,0.0,267000000.0,4000000.0,367000000.0,1765000000.0,0.0,136000000.0,526000000.0,888000000.0,0.4178823529,358000000.0,0.1684705882,-132000000.0,226000000.0,0.1063529412,53000000.0,173000000.0,0.0814117647,2.34,2.33,74000000,74300000,https://www.sec.gov/Archives/edgar/data/1047166/000106770120000019/0001067701-20-000019-index.html,https://www.sec.gov/Archives/edgar/data/1047166/000106770120000019/uri-3312020x10q.htm,28.716216216216218,2.3378378378378377,8.702702702702704,5.175675675675675,6.9324324324324325,49.12162162162162,-31.216216216216218,49.12162162162162,165.71621621621622,7614600000.0,19228600000.0,11.003757225433526,3.5833411764705883,11.82391304347826,19.881462140992166,2.0948005502063274,2.0948005502063274,9.04875294117647,21.65382882882883,29.85807453416149,50.20522193211488,0.0227195125154308,0.0502981115226013,3.3361760660247595,0.6427284290862837,13.07882882882883,1.1092184368737474,2.6323529411764706,3.722543352601156,0.0,0.0,0.1256470588235294,0.0,0.3150837396650413,0.4052795031055901,0.1228235294117647,0.4961977186311787,0.0061176470588235,50.83171921022401,0.0154600162353385,0.0133869844463359,-183.8209459459459,218000000.0,-2310000000.0,-13019000000.0,16851000000.0,1471500000.0,469000000.0,117500000.0,59.84470588235294,31.1587982832618,7.4034334763948495,1.5038924274593064,2.8884297520661155,12.156521739130437,0.0475928473177441,3.527027027027027,2020-04-29,2.34,amc,1706343283.0,2025-04-24,2020-03-31,0.4316239316239317,132.5611290322581,1670469.241935484
2019-12-31,URI,USD,1067701,2020-01-29,2020-01-29 16:35:59,2019,Q4,2456000000.0,1491000000.0,965000000.0,0.3929153094,0,268000000.0,0.0,268000000.0,4000000.0,364000000.0,1855000000.0,0.0,170000000.0,516000000.0,1119000000.0,0.4556188925,599000000.0,0.2438925081,-166000000.0,433000000.0,0.1763029316,95000000.0,338000000.0,0.1376221498,4.5,4.49,75100000,75400000,https://www.sec.gov/Archives/edgar/data/1067701/000106770120000008/0001067701-20-000008-index.htm,https://www.sec.gov/Archives/edgar/data/1047166/000106770120000008/uri-2019123110k.htm,32.70306258322237,4.500665778961385,5.885486018641811,2.9693741677762984,0.6924101198402131,50.99866844207723,-29.547270306258323,50.99866844207723,161.53129161118508,12524427000.0,24433427000.0,9.263629437869824,5.099522394136808,28.335807692307693,56.16334977578475,3.2700853785900783,3.2700853785900783,9.948463762214985,21.835055406613048,55.27924660633485,109.56693721973096,0.0269872625709743,0.0178052057790747,3.122976501305483,0.6305218766473379,10.642537980339588,0.83803457688808,3.523529411764706,1.3076923076923077,0.0,0.0,0.1091205211726384,0.0,0.3188719030047443,0.4954751131221719,0.0891693811074918,0.4244186046511627,0.006514657980456,71.86361486295924,0.0260533613793037,0.0261589660243015,-184.8268974700399,-356000000.0,-2219000000.0,-13298000000.0,16753000000.0,1562500000.0,646500000.0,125000000.0,56.06677524429968,27.40442655935614,7.243460764587525,1.6052287581699347,3.2841409691629955,12.425,0.0882506527415143,2.9161118508655126,2020-01-29,5.22,amc,2289342857.0,2025-04-24,2019-12-31,0.0727969348659003,145.24203125,1303848.15625
2019-09-30,URI,USD,1067701,2019-10-16,2019-10-16 16:27:14,2019,Q3,2488000000.0,1455000000.0,1033000000.0,0.415192926,0,273000000.0,0.0,273000000.0,1000000.0,375000000.0,1830000000.0,0.0,147000000.0,519000000.0,1176000000.0,0.4726688103,656000000.0,0.2636655949,-146000000.0,510000000.0,0.2049839228,119000000.0,391000000.0,0.1571543408,5.1,5.08,76699000,76857000,https://www.sec.gov/Archives/edgar/data/1067701/000106770119000041/0001067701-19-000041-index.htm,https://www.sec.gov/Archives/edgar/data/1047166/000106770119000041/uri-9302019x10q.htm,32.43849333107342,5.097850037158242,12.933675797598404,1.1343042282167954,0.7822787780805487,47.58862566656671,-31.99520202349444,47.58862566656671,160.79740283445676,9559763360.0,21685763360.0,6.112380664961637,3.842348617363344,9.636858225806453,109.88233747126436,2.6191132493150686,2.6191132493150686,8.716142829581994,18.440274965986397,21.860648548387097,249.261647816092,0.040900594008009,0.0091006436795314,3.338630136986301,0.6279824787425922,10.31122448979592,0.7116912599318955,4.462585034013605,2.5370843989769822,0.0,0.0,0.1097266881028938,0.0,0.3145581035815512,0.9122983870967742,0.3637459807073955,1.74373795761079,0.0056270096463022,73.88161297142122,0.0283582370078,0.0293962859935343,-188.186938552002,-762000000.0,-2454000000.0,-13874000000.0,16743000000.0,1560000000.0,795500000.0,132500000.0,57.696945337620576,51.896907216494846,8.041237113402062,1.5598746081504702,1.734207389749702,11.192307692307692,0.1071232876712328,11.79937156938161,2019-10-16,5.59,amc,2333543624.0,2025-04-24,2019-09-30,0.0661896243291592,121.24265625,1427768.015625
2019-06-30,URI,USD,1067701,2019-07-17,2019-07-17 16:35:53,2019,Q2,2290000000.0,1379000000.0,911000000.0,0.3978165939,0,271000000.0,0.0,271000000.0,2000000.0,376000000.0,1755000000.0,0.0,180000000.0,504000000.0,1035000000.0,0.4519650655,529000000.0,0.2310043668,-178000000.0,351000000.0,0.1532751092,81000000.0,270000000.0,0.1179039301,3.45,3.44,78300000,78500000,https://www.sec.gov/Archives/edgar/data/1067701/000106770119000029/0001067701-19-000029-index.htm,https://www.sec.gov/Archives/edgar/data/1047166/000106770119000029/uri-6302019x10q.htm,29.24648786717752,3.4482758620689653,11.787994891443168,-0.0510855683269476,0.9578544061302682,44.41890166028097,-34.16347381864623,44.41890166028097,158.00766283524905,10515690000.0,22632690000.0,9.73675,4.592004366812227,11.392946912242689,-2628.9225,3.023487636572743,3.023487636572743,9.88327074235808,21.86733333333333,24.520790899241604,-5658.1725,0.0256759185559863,-0.0003803839786072,3.505462909718229,0.6401008032761065,11.707246376811597,0.7258382642998028,2.938888888888889,3.4185185185185185,0.0,0.0,0.1183406113537118,0.0,0.3230429988974642,1.0043336944745396,0.4048034934497816,1.8392857142857144,0.0069868995633187,58.70514538208848,0.0232434498727981,0.0209399720800372,-182.41060025542785,-695000000.0,-2675000000.0,-13729000000.0,16494000000.0,1506000000.0,654500000.0,129000000.0,59.93449781659389,49.079042784626544,8.810732414793328,1.501639344262295,1.8337765957446808,10.214814814814815,0.0776308223116733,11.839080459770114,2019-07-17,4.48,amc,2169219409.0,2025-04-24,2019-06-30,0.0580357142857142,126.92968253968252,1319552.111111111
2019-03-31,URI,USD,1067701,2019-04-17,2019-04-17 16:48:05,2019,Q1,2117000000.0,1356000000.0,761000000.0,0.3594709495,0,280000000.0,0.0,280000000.0,3000000.0,384000000.0,1740000000.0,0.0,151000000.0,499000000.0,870000000.0,0.4109589041,368000000.0,0.1738308928,-148000000.0,220000000.0,0.1039206424,45000000.0,175000000.0,0.0826641474,2.21,2.19,79401000,80047000,https://www.sec.gov/Archives/edgar/data/1067701/000106770119000016/0001067701-19-000016-index.htm,https://www.sec.gov/Archives/edgar/data/1047166/000106770119000016/uri-3312019x10q.htm,26.662132718731502,2.2040024684827646,8.40039797987431,4.634702333723757,0.6549035906348787,42.505761892167605,-35.70483998942079,42.505761892167605,154.3305499930731,9378052110.0,21429052110.0,13.3972173,4.429878181388758,14.060048140929537,25.483837255434786,2.7786821066666665,2.7786821066666665,10.122367553141238,24.631094379310344,32.1275144077961,58.231119864130434,0.0186605915543371,0.0392405582399776,3.586074074074074,0.6511890670397074,13.851724137931036,0.7685433422698839,2.437086092715232,3.8114285714285714,0.0,0.0,0.1322626358053849,0.0,0.3341224577639083,0.4482758620689655,0.1412376003778932,0.5991983967935872,0.007085498346717,45.91147016856741,0.016942196592619,0.0141402714932126,-176.09664865681793,-518000000.0,-2835000000.0,-13491000000.0,16332000000.0,1516000000.0,546500000.0,116000000.0,63.21681624940954,36.969026548672566,8.163716814159292,1.4236718224613316,2.4344703770197484,11.024390243902438,0.0518518518518518,3.765695646150552,2019-04-17,3.06,amc,1937918429.0,2025-04-24,2019-03-31,0.0816993464052287,123.4916393442623,1602877.1147540985
2018-12-31,URI,USD,1067701,2019-01-23,2019-01-23 16:40:59,2018,Q4,2306000000.0,1308000000.0,998000000.0,0.4327840416,0,302000000.0,0.0,302000000.0,4000000.0,397000000.0,1705000000.0,0.0,142000000.0,470000000.0,1037000000.0,0.4496964441,563000000.0,0.2441457069,-138000000.0,425000000.0,0.1843018213,115000000.0,310000000.0,0.1344319167,3.85,3.8,80600000,81500000,https://www.sec.gov/Archives/edgar/data/1067701/000106770119000007/0001067701-19-000007-index.htm,https://www.sec.gov/Archives/edgar/data/1047166/000106770119000007/uri-2018123110k.htm,28.610421836228287,3.8461538461538463,9.057071960297767,6.637717121588089,0.533498759305211,42.220843672456574,-33.98263027295285,42.220843672456574,147.50620347394542,8263918000.0,19967918000.0,6.66445,3.583659150043365,11.320435616438356,15.44657570093458,2.428421392888628,2.428421392888628,8.6591144839549,19.25546576663452,27.353312328767124,37.32321121495327,0.0375124728972383,0.064739267742008,3.451954158095798,0.6478244085369216,11.286403085824494,0.8322306238185255,3.964788732394366,2.3548387096774195,0.0,0.0,0.1309627059843885,0.0,0.3387194617548116,0.2671232876712329,0.0845620121422376,0.4148936170212766,0.0125758889852558,60.44606568065685,0.0242706160478375,0.0258527228754899,-167.1681141439206,-355000000.0,-2739000000.0,-12969000000.0,16001000000.0,1491500000.0,612000000.0,106500000.0,60.29921942758022,36.88073394495413,7.5,1.4925566343042072,2.4402985074626864,12.0,0.0910960916838084,2.419354838709677,2019-01-23,4.9,amc,2329773195.0,2025-04-24,2018-12-31,-0.0102040816326532,120.43301587301588,2198900.873015873
2018-09-30,URI,USD,1067701,2018-10-17,2018-10-17 16:29:59,2018,Q3,2116000000.0,1178000000.0,938000000.0,0.443289225,0,265000000.0,0.0,265000000.0,75000000.0,340000000.0,1518000000.0,0.0,118000000.0,418000000.0,1016000000.0,0.4801512287,578000000.0,0.2731568998,-118000000.0,460000000.0,0.2173913043,127000000.0,333000000.0,0.1573724008,4.05,4.01,82300000,83200000,https://www.sec.gov/Archives/edgar/data/1067701/000106770118000031/0001067701-18-000031-index.htm,https://www.sec.gov/Archives/edgar/data/1047166/000106770118000031/uri-9302018x10q.htm,25.710814094775213,4.046172539489672,5.759416767922236,-3.839611178614824,0.7897934386391251,40.51032806804374,-22.77035236938032,40.51032806804374,123.88821385176183,13387740999.999998,23400741000.0,10.050856606606606,6.326909735349716,28.24417932489451,-42.36626898734177,4.015519196160768,4.015519196160768,11.058951323251415,23.032225393700788,49.36865189873418,-74.05297784810126,0.0248735018103502,-0.0236036833996116,3.0227954409118176,0.6162406750642044,9.85531496062992,0.8107331097268807,4.898305084745763,1.423423423423423,0.0,0.0,0.1252362948960302,0.0,0.318454200807142,1.6666666666666667,0.3733459357277883,1.889952153110048,0.0141776937618147,60.72902915722691,0.0275949178348898,0.0298761887672707,-143.67557715674363,-395000000.0,-1874000000.0,-11328000000.0,14252000000.0,1320500000.0,773500000.0,99000000.0,61.16257088846881,52.56366723259762,7.945670628183362,1.4714881780250348,1.712209302325581,11.326923076923077,0.0998800239952009,9.59902794653706,2018-10-17,4.61,amc,2057966244.0,2025-04-24,2018-09-30,0.0281995661605205,155.63063492063492,1183851.3333333333
2018-06-30,URI,USD,1067701,2018-07-18,2018-07-18 16:26:24,2018,Q2,1891000000.0,1109000000.0,782000000.0,0.4135378107,0,239000000.0,0.0,239000000.0,1000000.0,306000000.0,1415000000.0,0.0,112000000.0,390000000.0,862000000.0,0.4558434691,470000000.0,0.248545743,-111000000.0,359000000.0,0.189846642,89000000.0,270000000.0,0.142781597,3.22,3.2,83456000,84199000,https://www.sec.gov/Archives/edgar/data/1067701/000106770118000024/0001067701-18-000024-index.htm,https://www.sec.gov/Archives/edgar/data/1047166/000106770118000024/uri-6302018x10q.htm,22.65864647239264,3.2352377300613497,12.066238496932517,0.1677530674846625,1.4019363496932515,37.91219325153374,-20.72948619631902,37.91219325153374,109.0155291411043,12319774720.0,21188774720.0,11.407198814814816,6.5149522580645165,12.234135769612712,879.9839085714285,3.893734108723135,3.893734108723135,11.205063310417769,24.580945150812067,21.041484329692157,1513.4839085714286,0.0219159851650274,0.0011363844159643,2.8400758533501897,0.594784220280646,10.288863109048725,0.6756393001345895,4.196428571428571,3.72962962962963,0.0,0.0,0.1263881544156531,0.0,0.3239343394228223,0.9860973187686196,0.5251189846641988,2.546153846153846,0.0126916975145425,52.533194799351705,0.0256536682016414,0.0264343058547092,-130.34113784509202,-723000000.0,-1730000000.0,-10438000000.0,12864000000.0,1178500000.0,686000000.0,89000000.0,57.25542041248017,69.71145175834084,7.628494138863841,1.57190357439734,1.291036088474971,11.797872340425531,0.0853350189633375,11.898485429447852,2018-07-18,3.45,amc,1694532467.0,2025-04-24,2018-06-30,0.1159420289855072,163.38765625,1332152.53125
2018-03-31,URI,USD,1067701,2018-04-18,2018-04-18 16:40:34,2018,Q1,1734000000.0,1088000000.0,646000000.0,0.3725490196,0,232000000.0,0.0,232000000.0,1000000.0,303000000.0,1391000000.0,0.0,109000000.0,393000000.0,734000000.0,0.4232987313,340000000.0,0.1960784314,-108000000.0,232000000.0,0.1337946943,49000000.0,183000000.0,0.1055363322,2.17,2.15,84300000,85200000,https://www.sec.gov/Archives/edgar/data/1067701/000106770118000015/0001067701-18-000015-index.htm,https://www.sec.gov/Archives/edgar/data/1047166/000106770118000015/uri-3312018x10q.htm,20.5693950177936,2.170818505338078,7.615658362989324,3.902728351126928,3.2977461447212337,36.27520759193357,-22.32502965599051,36.27520759193357,109.69157769869514,14561139000.0,23421139000.0,19.892266393442625,8.397427335640138,22.68090186915888,44.2587811550152,4.761654349247874,4.761654349247874,13.50700057670127,31.908908719346048,36.48152492211838,71.18887234042553,0.0125676981725124,0.0225943863320032,2.988227599738391,0.622140522875817,12.0708446866485,0.9689213893967094,3.1192660550458715,3.5081967213114758,0.0,0.0,0.1337946943483275,0.0,0.3363289760348584,0.4875389408099688,0.1805074971164936,0.7964376590330788,0.010957324106113,42.09281492517302,0.0194721306303937,0.0187730816577759,-123.8967971530249,-51000000.0,-1882000000.0,-10040000000.0,13034000000.0,1193500000.0,461000000.0,79500000.0,59.89619377162629,42.43566176470589,6.9485294117647065,1.5025996533795494,2.120857699805068,12.952380952380953,0.0598430346631785,3.712930011862396,2018-04-18,2.38,amc,1480243902.0,2025-04-24,2018-03-31,0.2058823529411765,177.56573770491804,1385469.2950819673
2017-12-31,URI,USD,1067701,2018-01-24,2018-01-24 16:30:00,2017,Q4,1922000000.0,1095000000.0,827000000.0,0.4302809573,0,255000000.0,0.0,255000000.0,70000000.0,325000000.0,1420000000.0,0.0,126000000.0,390000000.0,852000000.0,0.4432882414,462000000.0,0.2403746098,-126000000.0,336000000.0,0.174817898,-561000000.0,897000000.0,0.4667013528,10.6,10.45,84600000,85800000,https://www.sec.gov/Archives/edgar/data/1067701/000106770118000006/0001067701-18-000006-index.htm,https://www.sec.gov/Archives/edgar/data/1047166/000106770118000006/uri-2017123110k.htm,22.71867612293144,10.602836879432624,5.484633569739953,1.7375886524822697,4.160756501182033,36.71394799054374,-21.87943262411348,36.71394799054374,113.07328605200944,14543586000.0,23631586000.0,4.053396321070234,7.566902185223725,31.343935344827585,98.93595918367348,4.682416613007082,4.682416613007082,12.295310093652445,27.736603286384977,50.93014224137931,160.75908843537414,0.0616766731396232,0.0101075484409415,3.039278815196394,0.6280771789753826,10.666666666666666,1.0623501199040768,3.6666666666666665,0.5172798216276477,0.0,0.0,0.1326742976066597,0.0,0.3298070525615436,0.6831896551724138,0.1649323621227887,0.8128205128205128,0.0119667013527575,93.58749937482804,0.087566560170394,0.0890499354710612,-125.41075650118204,104000000.0,-1851000000.0,-10152000000.0,13352000000.0,1192000000.0,510500000.0,78500000.0,57.73673257023933,33.61643835616439,6.164383561643836,1.5587996755879967,2.677261613691932,14.6,0.2887958789439794,3.7470449172576834,2018-01-24,3.34,amc,1887473053.0,2025-04-24,2017-12-31,0.0,152.19603174603176,1204629.4126984128
2017-09-30,URI,USD,1067701,2017-10-18,2017-10-18 16:23:47,2017,Q3,1766000000.0,993000000.0,773000000.0,0.4377123443,0,237000000.0,0.0,237000000.0,5000000.0,300000000.0,1293000000.0,0.0,131000000.0,353000000.0,776000000.0,0.4394110985,448000000.0,0.2536806342,-126000000.0,322000000.0,0.1823329558,123000000.0,199000000.0,0.1126840317,2.35,2.33,84700000,85600000,https://www.sec.gov/Archives/edgar/data/1067701/000106770117000030/0001067701-17-000030-index.htm,https://www.sec.gov/Archives/edgar/data/1047166/000106770117000030/uri-9302017x10q.htm,20.850059031877212,2.3494687131050767,5.064935064935065,-2.066115702479338,3.825265643447461,26.103896103896105,-24.09681227863046,26.103896103896105,100.37780401416764,11751278000.0,19798278000.0,14.76291206030151,6.654177802944507,27.39225641025641,-67.15016,5.314915422885572,5.314915422885572,11.21080294450736,25.513244845360823,46.149832167832166,-113.13301714285714,0.0169343283343309,-0.0148919972789342,3.7860696517412937,0.6090657741559954,10.369845360824742,0.9244218838127468,3.4198473282442747,2.1557788944723617,0.0,0.0,0.1342015855039637,0.0,0.309371362048894,1.407925407925408,0.3420158550396376,1.7110481586402266,0.0135900339750849,37.147428735924805,0.0218610000171647,0.0209650231774125,-121.66174734356552,-134000000.0,-2041000000.0,-9894000000.0,11960000000.0,1070500000.0,652000000.0,80000000.0,58.65798414496036,55.46827794561933,7.43202416918429,1.5343179843614247,1.6225490196078431,12.109756097560975,0.0900045228403437,7.131050767414404,2017-10-18,3.0,amc,1619286153.0,2025-04-24,2017-09-30,0.0833333333333333,119.47349206349206,1400511.0634920634
2017-06-30,URI,USD,1067701,2017-07-19,2017-07-19 16:24:54,2017,Q2,1597000000.0,942000000.0,655000000.0,0.41014402,0,218000000.0,0.0,218000000.0,2000000.0,282000000.0,1224000000.0,0.0,113000000.0,330000000.0,660000000.0,0.4132748904,340000000.0,0.212899186,-111000000.0,229000000.0,0.1433938635,88000000.0,141000000.0,0.0882905448,1.67,1.65,84600000,85400000,https://www.sec.gov/Archives/edgar/data/1067701/000106770117000022/0001067701-17-000022-index.htm,https://www.sec.gov/Archives/edgar/data/1047166/000106770117000022/uri-6302017x10q.htm,18.87706855791962,1.6666666666666667,8.439716312056738,-0.1536643026004728,3.995271867612294,23.02600472813239,-27.39952718676123,23.02600472813239,98.43971631205672,9535266000.0,17412266000.0,16.906499999999998,5.970736380713839,13.354714285714284,-733.482,4.894900410677618,4.894900410677618,10.903109580463369,26.382221212121213,24.386927170868347,-1339.4050769230769,0.0147872120190459,-0.0013633599733872,4.217145790554415,0.6184131285757302,11.934848484848484,0.8503440366972477,3.008849557522124,5.0638297872340425,0.0,0.0,0.1365059486537257,0.0,0.3211382113821138,1.0182072829131652,0.4552285535378835,2.203030303030303,0.0150281778334376,29.38494814194785,0.0171819581554447,0.0156353958749168,-120.76241134751773,-261000000.0,-2318000000.0,-9853000000.0,11530000000.0,922000000.0,537000000.0,76500000.0,55.792110206637446,66.11464968152866,7.452229299363058,1.6131313131313132,1.361271676300578,12.076923076923077,0.0723819301848049,8.59338061465721,2017-07-19,2.31,amc,1543092827.0,2025-04-24,2017-06-30,0.0259740259740259,111.64873015873016,1790621.253968254
2017-03-31,URI,USD,1067701,2017-04-19,2017-04-19 16:23:22,2017,Q1,1356000000.0,842000000.0,514000000.0,0.3790560472,0,193000000.0,0.0,193000000.0,-2000000.0,255000000.0,1097000000.0,0.0,94000000.0,310000000.0,566000000.0,0.4174041298,257000000.0,0.1895280236,-96000000.0,161000000.0,0.1187315634,52000000.0,109000000.0,0.0803834808,1.29,1.27,84456000,85377000,https://www.sec.gov/Archives/edgar/data/1067701/000106770117000014/0001067701-17-000014-index.htm,https://www.sec.gov/Archives/edgar/data/1047166/000106770117000014/uri-3312017x10q.htm,16.055697641375392,1.290612863502889,7.376622146443118,4.523065264753244,3.9902434403713176,20.75637018092261,-26.167471819645733,20.75637018092261,88.12872975277067,10561222800.0,17573222800.0,24.222988073394497,7.788512389380531,16.95220353130016,27.64718010471204,6.024656474614946,6.024656474614946,12.95960383480826,31.048096819787983,28.2074202247191,46.00320104712042,0.0103207745981838,0.0361700540963874,4.192241871078152,0.6216376247673828,12.3886925795053,1.0022779043280183,2.734042553191489,5.715596330275229,0.0,0.0,0.1423303834808259,0.0,0.3352224665877178,0.3868378812199037,0.1777286135693215,0.7774193548387097,0.0117994100294985,24.550760945240505,0.0157005765042299,0.0138694490393179,-107.20375106564364,3000000.0,-2210000000.0,-8749000000.0,10499000000.0,887000000.0,312500000.0,71500000.0,56.681415929203546,40.8313539192399,8.016627078384797,1.5878220140515222,2.2041884816753927,11.226666666666668,0.0621791215059897,2.853556881689874,2017-04-19,1.52,amc,1264490797.0,2025-04-24,2017-03-31,0.0723684210526315,121.65064516129031,1733879.838709677
2016-12-31,URI,USD,1067701,2017-01-25,2017-01-25 16:40:38,2016,Q4,1523000000.0,866000000.0,657000000.0,0.4313854235,0,186000000.0,0.0,186000000.0,2000000.0,249000000.0,1115000000.0,0.0,162000000.0,318000000.0,658000000.0,0.4320420223,402000000.0,0.2639527249,-160000000.0,242000000.0,0.158896914,89000000.0,153000000.0,0.1004596192,1.81,1.8,84400000,85100000,https://www.sec.gov/Archives/edgar/data/1067701/000106770117000006/0001067701-17-000006-index.htm,https://www.sec.gov/Archives/edgar/data/1047166/000106770117000006/uri-2016123110k.htm,18.045023696682463,1.8127962085308056,3.827014218009479,2.298578199052133,3.696682464454976,19.526066350710902,-27.89099526066351,19.526066350710902,94.21800947867298,8910952000.0,16388952000.0,14.56037908496732,5.850920551543007,27.5880866873065,45.93274226804124,5.407131067961164,5.407131067961164,10.760966513460277,24.90722188449848,50.73978947368421,84.47913402061856,0.0171698826343133,0.0217709622944888,4.726941747572815,0.6498164831498164,11.364741641337384,1.1494932432432432,2.4814814814814814,2.111111111111111,0.0,0.0,0.1221273801707157,0.0,0.3338338338338338,0.3993808049535604,0.0847012475377544,0.4056603773584906,0.0078791858174655,28.221047616664013,0.0222925203748257,0.0191585274229902,-110.23696682464455,177000000.0,-2354000000.0,-8979000000.0,10798000000.0,924500000.0,326000000.0,70000000.0,54.366382140512144,25.2540415704388,7.066974595842956,1.6554347826086957,3.5637860082304527,12.735294117647058,0.0928398058252427,1.528436018957346,2017-01-25,2.3,amc,1277722846.0,2025-04-24,2016-12-31,0.1608695652173913,91.0,2011820.396825397
2016-09-30,URI,USD,1067701,2016-10-19,2016-10-19 16:24:29,2016,Q3,1508000000.0,852000000.0,656000000.0,0.4350132626,0,179000000.0,0.0,179000000.0,1000000.0,240000000.0,1092000000.0,0.0,110000000.0,311000000.0,714000000.0,0.4734748011,412000000.0,0.2732095491,-109000000.0,303000000.0,0.200928382,116000000.0,187000000.0,0.124005305,2.18,2.16,85945000,86445000,https://www.sec.gov/Archives/edgar/data/1067701/000106770116000065/0001067701-16-000065-index.htm,https://www.sec.gov/Archives/edgar/data/1047166/000106770116000065/uri-9302016x10q.htm,17.546105067194137,2.1758101111175754,4.456338355925301,-0.7330269358310547,3.4556984117749723,17.906800861015768,-29.204723951364244,17.906800861015768,94.38594449938914,6745823050.0,14450823050.0,9.018480013368984,4.473357460212202,17.613115013054827,-107.07655634920634,4.383250844704353,4.383250844704353,9.582773905835545,20.23924796918768,37.730608485639685,-229.37814365079365,0.0277208575757112,-0.009339112445293,5.199480181936322,0.6518940936863544,10.791316526610643,0.9535211267605632,3.7454545454545456,2.048128342245989,0.0,0.0,0.1187002652519893,0.0,0.329857433808554,1.164490861618799,0.2957559681697613,1.4340836012861735,0.0072944297082228,29.608114822650524,0.0221799221094475,0.0227327984439581,-112.93559834778056,-66000000.0,-2510000000.0,-9382000000.0,10845000000.0,898000000.0,509000000.0,71500000.0,55.44429708222812,43.20422535211268,7.605633802816902,1.6232508073196985,2.0831295843520783,11.833333333333334,0.1215074723846653,5.189365291756356,2016-10-19,2.44,amc,1426170542.0,2025-04-24,2016-09-30,0.0573770491803279,76.6328125,1857145.671875
2016-06-30,URI,USD,1067701,2016-07-20,2016-07-20 16:18:26,2016,Q2,1421000000.0,831000000.0,590000000.0,0.415200563,0,177000000.0,0.0,177000000.0,2000000.0,241000000.0,1072000000.0,0.0,132000000.0,306000000.0,413000000.0,0.2906403941,347000000.0,0.2441942294,-130000000.0,217000000.0,0.1527093596,83000000.0,134000000.0,0.0942997889,1.52,1.52,88095000,88473000,https://www.sec.gov/Archives/edgar/data/1067701/000106770116000057/0001067701-16-000057-index.htm,https://www.sec.gov/Archives/edgar/data/1047166/000106770116000057/uri-6302016x10q.htm,16.130313865713152,1.5210851921221409,7.298938645780123,0.0227027640615244,3.008116238151995,17.049775810204892,-29.30926840342812,17.049775810204892,90.5045689312674,5911174499.999999,13487174500.0,11.028310634328356,4.159869458128078,9.193117418351475,2955.58725,3.9355356191744337,3.9355356191744337,9.49132617874736,32.65659685230024,20.97538802488336,6743.58725,0.0226689298378858,0.0003383422363863,5.220372836218376,0.6469471947194719,18.34382566585957,0.8381962864721485,2.628787878787879,4.798507462686567,0.0,0.0,0.1245601688951442,0.0,0.3369636963696369,0.9968895800933126,0.4510907811400422,2.094771241830065,0.0091484869809992,24.156130361936302,0.01915235052698,0.016674962667994,-109.73664793688631,-244000000.0,-2582000000.0,-9354000000.0,10602000000.0,850000000.0,469500000.0,72500000.0,54.91203377902885,65.95667870036101,7.689530685920577,1.6389850057670128,1.3645320197044335,11.704225352112676,0.0892143808255659,7.276235881718599,2016-07-20,1.83,amc,1255446601.0,2025-04-24,2016-06-30,0.1256830601092896,65.3009375,1965803.03125
2016-03-31,URI,USD,1067701,2016-04-20,2016-04-20 16:30:21,2016,Q1,1310000000.0,810000000.0,500000000.0,0.3816793893,0,177000000.0,0.0,177000000.0,67000000.0,244000000.0,1054000000.0,0.0,107000000.0,310000000.0,321000000.0,0.2450381679,254000000.0,0.1938931298,-107000000.0,147000000.0,0.1122137405,55000000.0,92000000.0,0.0702290076,1.01,1.01,90510000,90943000,https://www.sec.gov/Archives/edgar/data/1067701/000106770116000050/0001067701-16-000050-index.htm,https://www.sec.gov/Archives/edgar/data/1047166/000106770116000050/uri-3312016x10q.htm,14.47353883548779,1.0164622693625014,6.673295768423379,5.314329908297426,2.4196221411998677,16.583802894707766,-29.00232018561485,16.583802894707766,86.84123301292675,5628816900.0,13162816900.0,15.295698097826088,4.29680679389313,9.319233278145695,11.702322037422038,3.750044570286476,3.750044570286476,10.047951832061068,41.00566012461059,21.79274321192053,27.3655237006237,0.0163444648554832,0.0854531260379068,5.165223184543637,0.6579260013577732,23.47040498442368,0.9617575264442636,2.3738317757009346,6.565217391304348,0.0,0.0,0.1351145038167938,0.0,0.3501357773251867,0.2036423841059602,0.0938931297709923,0.3967741935483871,0.0068702290076335,19.47506670881615,0.0143148119220673,0.0120135805693392,-103.88078665340846,-47000000.0,-2625000000.0,-9101000000.0,10546000000.0,881500000.0,300500000.0,71500000.0,57.22900763358778,36.66666666666666,8.222222222222221,1.5726290516206485,2.4545454545454546,10.945945945945946,0.0612924716855429,1.3589658601259529,2016-04-20,1.18,amc,1094785714.0,2025-04-24,2016-03-31,0.1864406779661016,55.59459016393443,2457728.049180328
2015-12-31,URI,USD,1067701,2016-01-27,2016-01-27 16:36:44,2015,Q4,1523000000.0,875000000.0,648000000.0,0.4254760341,0,180000000.0,0.0,180000000.0,2000000.0,246000000.0,1121000000.0,0.0,107000000.0,318000000.0,-244000000.0,-0.1602101116,397000000.0,0.2606697308,-105000000.0,292000000.0,0.1917268549,123000000.0,169000000.0,0.1109652003,1.82,1.81,92700000,93600000,https://www.sec.gov/Archives/edgar/data/1067701/000106770116000039/0001067701-16-000039-index.htm,https://www.sec.gov/Archives/edgar/data/1047166/000106770116000039/uri-2015123110k.htm,16.429341963322546,1.8230852211434736,4.724919093851133,3.2686084142394822,1.930960086299892,15.92233009708738,-28.82416396979504,15.92233009708738,89.2017259978425,6724458000.000001,14707458000.0,9.947423076923078,4.415271175311885,15.35264383561644,22.19293069306931,4.555865853658537,4.555865853658537,9.656899540380827,-60.27646721311475,33.578671232876715,48.539465346534655,0.02513213704361,0.0450593936344014,5.529810298102981,0.6754944963999007,-32.717213114754095,1.0494728304947285,3.710280373831776,2.591715976331361,0.0,0.0,0.1181877872619829,0.0,0.3432922287511379,0.3082191780821918,0.0886408404464871,0.4245283018867924,0.0078791858174655,25.55630461234132,0.0200550360430483,0.0212980466288594,-104.59546925566345,61000000.0,-2672000000.0,-9313000000.0,10840000000.0,962000000.0,373000000.0,73000000.0,54.957321076822055,27.874285714285715,7.097142857142857,1.6376344086021506,3.2287822878228782,12.681159420289855,0.1144986449864498,1.4563106796116505,2016-01-27,2.31,amc,1606452054.0,2025-04-24,2015-12-31,-0.0519480519480519,72.26515625,1997455.328125
2015-09-30,URI,USD,1067701,2015-10-21,2015-10-21 16:29:36,2015,Q3,1550000000.0,860000000.0,690000000.0,0.4451612903,0,178000000.0,0.0,178000000.0,1000000.0,244000000.0,1104000000.0,0.0,107000000.0,315000000.0,513000000.0,0.3309677419,446000000.0,0.2877419355,-106000000.0,340000000.0,0.2193548387,125000000.0,215000000.0,0.1387096774,2.28,2.25,94213000,95191000,https://www.sec.gov/Archives/edgar/data/1047166/000106770115000031/0001067701-15-000031-index.html,https://www.sec.gov/Archives/edgar/data/1047166/000106770115000031/uri-9302015x10q.htm,16.452081984439516,2.2820629849383844,3.2585736575631814,-1.3586235445214567,1.8150361415091336,15.8895269230361,-28.74337936378207,15.8895269230361,91.51603281925,5657490650.0,14001490650.0,6.578477499999999,3.6499939677419353,18.428308306188924,-44.199145703125,3.779218871075484,3.779218871075484,9.03321977419355,27.293354093567253,45.60746140065147,-109.386645703125,0.0380027141538448,-0.022624871682289,5.688042752171008,0.6759009366566121,16.265107212475634,0.9400131839156228,4.168224299065421,1.427906976744186,0.0,0.0,0.1148387096774193,0.0,0.3337831401809811,1.4169381107491856,0.2806451612903226,1.380952380952381,0.0077419354838709,28.56344303271155,0.0240639429833366,0.0256165852496127,-107.6921443962086,-91000000.0,-2708000000.0,-9675000000.0,10988000000.0,944000000.0,579000000.0,79000000.0,57.71612903225806,49.70930232558139,8.05813953488372,1.5593561368209254,1.810526315789473,11.168831168831169,0.1436205744822979,4.617197202084638,2015-10-21,2.34,amc,1411284046.0,2025-04-24,2015-09-30,0.0982905982905982,69.40546875,2712296.53125
2015-06-30,URI,USD,1067701,2015-07-22,2015-07-22 16:40:48,2015,Q2,1429000000.0,811000000.0,618000000.0,0.4324702589,0,175000000.0,0.0,175000000.0,6000000.0,242000000.0,1053000000.0,0.0,232000000.0,307000000.0,448000000.0,0.3135059482,375000000.0,0.2624212736,-226000000.0,149000000.0,0.1042687194,63000000.0,86000000.0,0.0601819454,0.89,0.88,96647000,97747000,https://www.sec.gov/Archives/edgar/data/1047166/000106770115000023/0001067701-15-000023-index.html,https://www.sec.gov/Archives/edgar/data/1047166/000106770115000023/uri-6302015x10q.htm,14.785766759444163,0.8898362080561217,5.949486274793838,-1.510652167165044,2.069386530363074,15.023746210435917,-28.98175835773485,15.023746210435917,89.41819197698842,8468210140.0,16678210140.0,24.616889941860467,5.925969307207837,14.727321982608697,-58.001439315068495,5.83210064738292,5.83210064738292,11.671245724282716,37.22814763392857,29.005582852173912,-114.23431602739726,0.0101556289438041,-0.0172409514627373,5.792011019283747,0.6671955573185244,18.325892857142858,0.9077117572692794,1.6163793103448276,6.686046511627907,0.0,0.0,0.1224632610216935,0.0,0.3374057913526378,1.2539130434782608,0.5045486354093772,2.348534201954397,0.0076976906927921,17.34344690569225,0.0186379878601682,0.0102969348659003,-105.97328421989302,-146000000.0,-2801000000.0,-9717000000.0,10928000000.0,871000000.0,574000000.0,81000000.0,56.30510846745976,75.79531442663378,8.988902589395806,1.5984340044742729,1.1874084919472914,10.012345679012345,0.059228650137741,7.460138441958882,2015-07-22,1.83,amc,1304420512.0,2025-04-24,2015-06-30,0.0655737704918032,95.75904761904762,2148050.984126984
2015-03-31,URI,USD,1067701,2015-04-21,2015-04-21 16:41:07,2015,Q1,1315000000.0,791000000.0,524000000.0,0.3984790875,0,181000000.0,0.0,181000000.0,3000000.0,250000000.0,1041000000.0,0.0,121000000.0,304000000.0,372000000.0,0.2828897338,300000000.0,0.2281368821,-118000000.0,182000000.0,0.1384030418,67000000.0,115000000.0,0.0874524715,1.19,1.16,97007000,99065000,https://www.sec.gov/Archives/edgar/data/1047166/000106770115000012/0001067701-15-000012-index.html,https://www.sec.gov/Archives/edgar/data/1047166/000106770115000012/uri-3312015x10q.htm,13.555722782891957,1.1854814601008177,6.958260744070016,3.401816363767564,2.649293349964436,15.411258981310628,-28.874204954281648,15.411258981310628,84.48874823466348,8843158120.0,16661158120.0,19.22425678260869,6.724835072243346,13.100974992592592,26.797448848484848,5.915155933110367,5.915155933110367,12.67008222053232,44.78805946236559,24.68319721481481,50.48835793939394,0.0130044039063275,0.037316985122505,5.40133779264214,0.6574662107148673,21.016129032258064,0.9337620578778136,2.479338842975207,5.869565217391305,0.0,0.0,0.1376425855513308,0.0,0.3497801660967269,0.5111111111111111,0.2623574144486692,1.1348684210526316,0.0106463878326996,20.274852415763945,0.0167456218692967,0.0144002003506135,-101.57514406176874,-103000000.0,-2801000000.0,-9335000000.0,10609000000.0,894000000.0,357500000.0,79500000.0,58.03802281368821,52.90771175726928,9.216182048040457,1.5507075471698113,1.7010752688172044,9.765432098765432,0.0769230769230769,3.5564443803024526,2015-04-21,1.13,amc,1108917910.0,2025-04-24,2015-03-31,0.1858407079646019,89.8883606557377,2539424.901639344
2014-12-31,URI,USD,1067701,2015-01-21,2015-01-21 17:09:24,2014,Q4,1564000000.0,857000000.0,707000000.0,0.4520460358,0,209000000.0,0.0,209000000.0,4000000.0,282000000.0,1139000000.0,0.0,119000000.0,312000000.0,-200000000.0,-0.1278772379,426000000.0,0.2723785166,-115000000.0,311000000.0,0.1988491049,117000000.0,194000000.0,0.1240409207,2.0,1.96,97007000,99065000,https://www.sec.gov/Archives/edgar/data/1067701/000106770115000006/0001067701-15-000006-index.htm,https://www.sec.gov/Archives/edgar/data/1047166/000106770115000006/uri-2014123110k.htm,16.122547857371117,1.9998556805179009,3.4533590359458595,0.8452998237240612,1.6287484408341666,18.53474491531539,-26.596018844000948,18.53474491531539,84.23103487377199,9895684070.0,17789684070.0,12.75217019329897,6.327163727621484,29.539355432835823,120.67907402439025,5.503717502780868,5.503717502780868,11.374478305626598,-88.94842035,53.10353453731344,216.9473667073171,0.0196045062299568,0.0082864407776106,4.478309232480534,0.6458650838212882,-39.47,1.0460081190798376,3.5798319327731094,1.7268041237113405,0.0,0.0,0.1336317135549872,0.0,0.3511670810940884,0.755223880597015,0.1617647058823529,0.8108974358974359,0.0166240409207161,28.87911590373716,0.0228944890501546,0.023983187044134,-100.6834558330842,68000000.0,-2580000000.0,-9123000000.0,10892000000.0,940500000.0,377500000.0,95000000.0,54.0920716112532,26.254375729288217,8.191365227537924,1.6638297872340426,3.428,10.987179487179487,0.1078976640711902,2.6080592122217983,2015-01-21,2.07,amc,1478301369.0,2025-04-24,2014-12-31,0.0579710144927536,107.16734375,2018850.703125
2014-09-30,URI,USD,1067701,2014-10-15,2014-10-15 16:36:35,2014,Q3,1544000000.0,856000000.0,688000000.0,0.4455958549,0,194000000.0,0.0,194000000.0,5000000.0,264000000.0,1120000000.0,0.0,124000000.0,306000000.0,497000000.0,0.3218911917,422000000.0,0.2733160622,-119000000.0,303000000.0,0.1962435233,111000000.0,192000000.0,0.1243523316,1.95,1.84,98485000,104076000,https://www.sec.gov/Archives/edgar/data/1047166/000106770114000033/0001067701-14-000033-index.html,https://www.sec.gov/Archives/edgar/data/1047166/000106770114000033/uri-9302014x10q.htm,15.677514342285628,1.949535462253135,4.1833781794181855,-0.7716911204751993,1.705843529471493,18.43935624714424,-26.59288216479667,18.43935624714424,83.45433314717977,10941683500.0,18868683500.0,14.246983723958332,7.086582577720208,26.55748422330097,-143.9695197368421,6.025156112334801,6.025156112334801,12.22064993523316,37.96515794768611,45.797775485436894,-248.27215131578947,0.0175475739176699,-0.0069459146757443,4.457599118942731,0.6484819354321878,15.949698189134809,0.8129793510324483,3.403225806451613,2.145833333333333,0.0,0.0,0.1256476683937823,0.0,0.3552831851317792,1.1844660194174756,0.3160621761658031,1.5947712418300657,0.0110103626943005,28.44000747821364,0.0234443223385989,0.0238568588469184,-98.87038635325176,-317000000.0,-2619000000.0,-9289000000.0,10687000000.0,892500000.0,565000000.0,115500000.0,54.85103626943005,53.09579439252336,11.775700934579438,1.640807651434644,1.695049504950495,7.642857142857143,0.105726872246696,4.955069299893385,2014-10-15,2.08,amc,1459781818.0,2025-04-24,2014-09-30,0.0576923076923077,112.48515625,1353034.890625
2014-06-30,URI,USD,1067701,2014-07-16,2014-07-16 16:20:13,2014,Q2,1399000000.0,810000000.0,589000000.0,0.4210150107,0,187000000.0,0.0,187000000.0,4000000.0,257000000.0,1067000000.0,0.0,187000000.0,299000000.0,399000000.0,0.2852037169,325000000.0,0.232308792,-183000000.0,142000000.0,0.1015010722,48000000.0,94000000.0,0.0671908506,0.97,0.9,97000000,105600000,https://www.sec.gov/Archives/edgar/data/1047166/000106770114000026/0001067701-14-000026-index.html,https://www.sec.gov/Archives/edgar/data/1047166/000106770114000026/uri-6302014x10q.htm,14.422680412371134,0.9690721649484536,5.628865979381444,-1.88659793814433,1.7525773195876289,18.628865979381445,-27.87628865979381,18.628865979381445,84.55670103092784,10158810000.0,18003810000.0,27.018111702127666,7.261479628305933,18.60587912087912,-55.51262295081967,5.621920309905922,5.621920309905922,12.86905646890636,45.12233082706767,32.97401098901099,-98.38147540983609,0.0092530522767922,-0.0180139209218402,4.4355285002767015,0.6428972487366648,19.661654135338345,0.7995418098510882,1.7379679144385027,5.808510638297872,0.0,0.0,0.1336669049320943,0.0,0.3618352450469239,1.335164835164835,0.5210864903502502,2.4381270903010037,0.0135811293781272,20.15405910521277,0.0189685104100178,0.0118149824032176,-101.00515463917526,-350000000.0,-2704000000.0,-9264000000.0,10613000000.0,798000000.0,539500000.0,110500000.0,54.295925661186565,69.44444444444444,13.22222222222222,1.6575829383886256,1.296,6.80672268907563,0.0520199225235196,7.515463917525773,2014-07-16,1.43,amc,1237903030.0,2025-04-24,2014-06-30,0.1538461538461538,97.74015873015873,1707683.238095238
2014-03-31,URI,USD,1067701,2014-04-16,2014-04-16 16:25:36,2014,Q1,1178000000.0,730000000.0,448000000.0,0.3803056027,0,168000000.0,0.0,168000000.0,1000000.0,228000000.0,958000000.0,0.0,125000000.0,277000000.0,279000000.0,0.2368421053,218000000.0,0.1850594228,-124000000.0,94000000.0,0.0797962649,34000000.0,60000000.0,0.0509337861,0.63,0.56,95225000,106424000,https://www.sec.gov/Archives/edgar/data/1047166/000106770114000015/0001067701-14-000015-index.html,https://www.sec.gov/Archives/edgar/data/1047166/000106770114000015/uri-3312014x10q.htm,12.370700971383563,0.6300866369125755,5.334733525859805,1.648726699921239,2.383827776319244,19.154633762142293,-21.9690207403518,19.154633762142293,75.23234444736151,9040661500.0,15852661500.0,37.66942291666666,7.674585314091681,17.796577755905513,57.583831210191086,4.956503015350878,4.956503015350878,13.457267826825127,56.8195752688172,31.20602657480315,100.97236624203822,0.0066366825038189,0.017365985884993,3.8591008771929824,0.6258557837645594,24.415770609319,1.2715712988192551,1.744,8.466666666666667,0.0,0.0,0.1426146010186757,0.0,0.3481817373521828,0.6909448818897638,0.297962648556876,1.2671480144404332,0.0101867572156196,16.478903855863926,0.0133655687417359,0.0081844223161915,-90.11289052244685,299000000.0,-2092000000.0,-8023000000.0,10029000000.0,778000000.0,373000000.0,86000000.0,57.45331069609508,55.97260273972603,12.575342465753424,1.5664893617021276,1.6079295154185025,7.15686274509804,0.0328947368421052,3.6860068259385663,2014-04-16,0.7,amc,929311111.0,2025-04-24,2014-03-31,0.2857142857142858,84.77245901639344,1685337.1475409835
2013-12-31,URI,USD,1067701,2014-01-22,2014-01-22 16:33:31,2013,Q4,1338000000.0,771000000.0,567000000.0,0.4237668161,0,163000000.0,0.0,163000000.0,2000000.0,224000000.0,995000000.0,0.0,118000000.0,284000000.0,628000000.0,0.4693572496,342000000.0,0.2556053812,-116000000.0,226000000.0,0.1689088191,86000000.0,140000000.0,0.1046337818,1.47,1.32,95225000,106424000,https://www.sec.gov/Archives/edgar/data/1067701/000106770114000004/0001067701-14-000004-index.htm,https://www.sec.gov/Archives/edgar/data/1047166/000106770114000004/uri-2013123110k.htm,14.050932003150432,1.4702021527960094,4.578629561564715,3.381464951430822,1.837752690995012,19.406668416907326,-22.29456550275663,19.406668416907326,76.56602782882646,7422788750.0,14420788750.0,13.254979910714288,5.547674701046338,17.024744839449543,23.05213897515528,4.016660579004329,4.016660579004329,10.777869020926756,22.963039410828024,33.075203555045874,44.785058229813664,0.0188608358280437,0.0433799224045006,3.8814935064935066,0.638678657287864,11.143312101910828,1.0590979782270606,2.8983050847457625,3.1142857142857143,0.0,0.0,0.1218236173393124,0.0,0.3535749265426053,0.2614678899082568,0.085201793721973,0.4014084507042254,0.0089686098654708,25.337005109435257,0.0200832692273813,0.0192837465564738,-89.99737463901286,76000000.0,-2123000000.0,-8021000000.0,9842000000.0,805500000.0,329000000.0,80500000.0,54.08071748878924,34.08560311284047,8.171206225680935,1.664179104477612,2.6404109589041096,11.014285714285714,0.0757575757575757,1.1971646101338933,2014-01-22,1.47,amc,1237018867.0,2025-04-24,2013-12-31,0.0816326530612245,66.99046875,1507697.5
2013-09-30,URI,USD,1067701,2013-10-16,2013-10-16 17:10:19,2013,Q3,1311000000.0,747000000.0,564000000.0,0.4302059497,0,167000000.0,0.0,167000000.0,2000000.0,226000000.0,973000000.0,0.0,121000000.0,278000000.0,398000000.0,0.3035850496,337000000.0,0.2570556827,-119000000.0,218000000.0,0.1662852784,75000000.0,143000000.0,0.1090770404,1.53,1.35,93244000,105548000,https://www.sec.gov/Archives/edgar/data/1047166/000106770113000020/0001067701-13-000020-index.html,https://www.sec.gov/Archives/edgar/data/1047166/000106770113000020/uri-9302013x10q.htm,14.059885890781176,1.5336107417099225,2.5417185019947666,-2.86345502123461,1.340568830166016,18.542748058856333,-24.623568272489383,18.542748058856333,82.61121359015057,5435192760.0,12892192760.0,9.502085244755245,4.145837345537758,22.933302784810124,-20.356527191011235,3.143546998264893,3.143546998264893,9.833861754385964,32.39244412060302,54.39743780590717,-48.2853661423221,0.0263100144400398,-0.0491242926957387,4.385193753614806,0.6557121854190089,18.73618090452261,0.997179125528914,2.7851239669421486,1.6573426573426573,0.0,0.0,0.1273836765827612,0.0,0.3480930554354406,2.1265822784810124,0.3844393592677345,1.8129496402877696,0.011441647597254,25.29506960036609,0.0205159752229719,0.018970549217299,-97.14566084681051,-4000000.0,-2296000000.0,-8420000000.0,10040000000.0,779000000.0,486000000.0,101000000.0,55.40045766590389,44.09638554216867,10.963855421686748,1.62453531598513,2.040983606557377,8.208791208791208,0.0827067669172932,5.405173523229377,2013-10-16,1.6,amc,1286871165.0,2025-04-24,2013-09-30,0.0187499999999998,55.48046875,1646231.71875
2013-06-30,URI,USD,1067701,2013-07-16,2013-07-16 16:54:15,2013,Q2,1206000000.0,735000000.0,471000000.0,0.3905472637,0,152000000.0,0.0,152000000.0,62000000.0,214000000.0,949000000.0,0.0,119000000.0,270000000.0,520000000.0,0.4311774461,250000000.0,0.2072968491,-119000000.0,131000000.0,0.1086235489,48000000.0,83000000.0,0.0688225539,0.89,0.78,93895000,106715000,https://www.sec.gov/Archives/edgar/data/1047166/000106770113000016/0001067701-13-000016-index.html,https://www.sec.gov/Archives/edgar/data/1047166/000106770113000016/uri-6302013x10q.htm,12.8441344054529,0.883966132381916,4.994941157676128,-3.131157143617871,1.416475850684275,17.136162734969915,-26.07167580808349,17.136162734969915,79.61020288620267,4699444750.0,11922444750.0,14.15495406626506,3.896720356550581,10.020138059701493,-15.984505952380951,2.920723896830329,2.920723896830329,9.88594092039801,22.92777836538461,25.420990938166312,-40.55253316326531,0.0176616609866516,-0.0625605822900673,4.571783716594158,0.6494790746953911,13.890384615384615,0.8561557788944724,2.100840336134454,5.650602409638554,0.0,0.0,0.1260364842454394,0.0,0.3582023662369769,1.626865671641791,0.632669983416252,2.825925925925926,0.0082918739635157,18.461452236368505,0.0152922327249358,0.0114183519053514,-95.48165504020449,-229000000.0,-2448000000.0,-8354000000.0,9625000000.0,738000000.0,506000000.0,107000000.0,56.04477611940298,74.20408163265306,13.591836734693876,1.6058588548601864,1.2128712871287128,6.621621621621622,0.0515848353014294,8.126098301293998,2013-07-16,1.01,amc,1087553571.0,2025-04-24,2013-06-30,0.108910891089109,53.22328125,2396920.546875
2013-03-31,URI,USD,1067701,2013-04-16,2013-04-16 16:57:43,2013,Q1,1100000000.0,715000000.0,385000000.0,0.35,0,160000000.0,0.0,160000000.0,1000000.0,224000000.0,939000000.0,0.0,120000000.0,266000000.0,416000000.0,0.3781818182,149000000.0,0.1354545455,-119000000.0,30000000.0,0.0272727273,9000000.0,21000000.0,0.0190909091,0.22,0.19,93310000,106380000,https://www.sec.gov/Archives/edgar/data/1047166/000106770113000008/0001067701-13-000008-index.html,https://www.sec.gov/Archives/edgar/data/1047166/000106770113000008/uri-3312013x10q.htm,11.788661451077054,0.2250562640660165,4.383238666809559,1.1359982852856072,1.5753938484621155,17.09355910406173,-26.996034722966456,17.09355910406173,78.06237273604116,4960359600.0,11977359600.0,59.0519,4.509417818181818,12.12801858190709,46.79584528301887,3.1099433228840123,3.1099433228840123,10.888508727272727,28.791729807692303,29.284497799511,112.99395849056604,0.0042335640343494,0.0213694184590972,4.49153605015674,0.6559838842596831,16.86778846153846,0.9576333089846604,1.2416666666666667,19.47619047619047,0.0,0.0,0.1454545454545454,0.0,0.3767054299056863,0.7408312958435208,0.2754545454545454,1.1390977443609025,0.0081818181818181,9.303643501871456,0.0103073426227888,0.003085059497576,-91.99174793698424,-58000000.0,-2519000000.0,-8015000000.0,9439000000.0,759000000.0,346000000.0,85500000.0,59.31818181818182,51.10489510489511,12.965034965034963,1.5172413793103448,1.7610837438423643,6.941747572815534,0.0131661442006269,3.247240381523953,2013-04-16,0.51,amc,910344827.0,2025-04-24,2013-03-31,0.1372549019607842,51.89416666666667,2004422.816666667
2012-12-31,URI,USD,1067701,2013-01-23,2013-01-23 16:47:29,2012,Q4,1249000000.0,754000000.0,495000000.0,0.3963170536,0,176000000.0,0.0,176000000.0,64000000.0,240000000.0,994000000.0,0.0,197000000.0,272000000.0,508000000.0,0.4067253803,236000000.0,0.1889511609,-64000000.0,39000000.0,0.03122498,-2000000.0,41000000.0,0.032826261,0.44,0.4,92700000,105200000,https://www.sec.gov/Archives/edgar/data/1047166/000106770113000004/0001067701-13-000004-index.html,https://www.sec.gov/Archives/edgar/data/1047166/000106770113000004/uri-2012123110k.htm,13.473570658036678,0.442286947141316,2.4379719525350594,0.4530744336569579,1.1434735706580368,16.97950377562028,-28.004314994606258,16.97950377562028,81.56418554476807,4219704000.000001,11477704000.0,25.729902439024396,3.378465972778223,18.671256637168145,100.46914285714288,2.680879288437103,2.680879288437103,9.18951481184948,22.593905511811023,50.78630088495575,273.27866666666665,0.0097163213343874,0.0099533047815676,4.678526048284625,0.667875929620896,14.28740157480315,0.994078460399704,1.1979695431472082,5.512195121951219,0.0,0.0,0.1409127301841473,0.0,0.3781969889352439,0.8141592920353983,0.1473178542834267,0.6764705882352942,0.0072057646116893,12.998876489916531,0.0240759402331454,0.00598016336056,-94.03721682847896,-8000000.0,-2596000000.0,-8109000000.0,9556000000.0,798500000.0,347000000.0,78500000.0,57.14171337069656,34.137931034482754,8.116710875331565,1.575031525851198,2.636363636363636,11.088235294117649,0.0260482846251588,1.9848975188781013,2013-01-23,1.03,amc,993299212.0,2025-04-24,2012-12-31,0.233009708737864,39.77741935483871,2525003.8387096776
2012-09-30,URI,USD,1067701,2012-10-16,2012-10-16 16:31:23,2012,Q3,1219000000.0,714000000.0,505000000.0,0.4142739951,0,164000000.0,0.0,164000000.0,71000000.0,235000000.0,949000000.0,0.0,128000000.0,71000000.0,497000000.0,0.4077112387,222000000.0,0.1821164889,-128000000.0,94000000.0,0.0771123872,21000000.0,73000000.0,0.0598851518,0.79,0.7,92500000,105300000,https://www.sec.gov/Archives/edgar/data/1047166/000106770112000020/0001067701-12-000020-index.html,https://www.sec.gov/Archives/edgar/data/1047166/000106770112000020/uri-9302012x10q.htm,13.178378378378378,0.7891891891891892,1.654054054054054,-1.4486486486486487,0.7351351351351352,16.16216216216216,-29.545945945945945,16.16216216216216,81.7081081081081,2985900000.0,10347900000.0,10.22568493150685,2.449466776045939,19.515686274509804,-22.28283582089552,1.997257525083612,1.997257525083612,8.48884331419196,20.82072434607646,67.63333333333334,-77.22313432835821,0.0244482400616229,-0.0448775913459928,4.969899665551839,0.6759461426491994,14.81287726358149,0.7338177014531043,1.734375,2.095890410958904,0.0,0.0,0.1345365053322395,0.0,0.3846433770014556,1.8758169934640525,0.2354388843314191,1.0436363636363637,0.0082034454470877,16.94070784166858,0.0170208564832805,0.0107924305144884,-94.93513513513514,-403000000.0,-2733000000.0,-8386000000.0,9354000000.0,754000000.0,506500000.0,95500000.0,59.36013125512716,51.42857142857143,11.218487394957984,1.5161691542288558,1.75,8.02247191011236,0.048829431438127,3.1027027027027025,2012-10-16,1.11,amc,1011318518.0,2025-04-24,2012-09-30,0.2162162162162162,33.10142857142857,3373537.492063492
2012-06-30,URI,USD,1067701,2012-07-17,2012-07-17 16:58:42,2012,Q2,993000000.0,619000000.0,374000000.0,0.3766364552,0,146000000.0,0.0,146000000.0,49000000.0,195000000.0,814000000.0,0.0,122000000.0,221000000.0,279000000.0,0.2809667674,46000000.0,0.0463242699,-110000000.0,-64000000.0,-0.0644511581,-12000000.0,-52000000.0,-0.052366566,-0.62,-0.62,83231000,83231000,https://www.sec.gov/Archives/edgar/data/1047166/000106770112000017/0001067701-12-000017-index.html,https://www.sec.gov/Archives/edgar/data/1047166/000106770112000017/uri-6302012x10q.htm,11.930650839230577,-0.6247672141389626,1.0572983623890138,-4.613665581333878,0.4926049188403359,16.760581994689478,-34.67458038471243,16.760581994689478,89.70215424541337,2833183240.0,10136183240.0,-13.621073269230768,2.853155327291037,32.19526409090909,-7.378081354166667,2.0309557275985664,2.0309557275985664,10.207636696878147,36.3304058781362,115.18390045454544,-26.39631052083333,-0.0183539134588414,-0.1355365916960598,5.264516129032258,0.6711752878815573,26.17562724014337,0.717100633356791,0.3770491803278688,-1.6923076923076923,0.0,0.0,0.1470292044310171,0.0,0.3912447450191921,5.363636363636363,0.4753272910372608,2.1357466063348416,0.0090634441087613,,0.0037593039629853,-0.0078066356402942,-107.2557100118946,-402000000.0,-2886000000.0,-8528000000.0,9393000000.0,560500000.0,494500000.0,93500000.0,63.80664652567975,87.96445880452342,14.83037156704362,1.4105113636363635,1.0231404958677686,6.068627450980392,-0.0372759856630824,5.670963943722891,2012-07-17,0.57,amc,857590909.0,2025-04-24,2012-06-30,0.1578947368421054,38.431269841269845,3546177.095238095
2012-03-31,URI,USD,1067701,2012-04-17,2012-04-17 16:17:15,2012,Q1,656000000.0,443000000.0,213000000.0,0.324695122,0,102000000.0,0.0,102000000.0,14000000.0,116000000.0,559000000.0,0.0,87000000.0,129000000.0,217000000.0,0.3307926829,87000000.0,0.1326219512,-68000000.0,19000000.0,0.0289634146,6000000.0,13000000.0,0.0198170732,0.21,0.17,63131000,76266000,https://www.sec.gov/Archives/edgar/data/1067701/000106770112000010/0001067701-12-000010-index.htm,https://www.sec.gov/Archives/edgar/data/1047166/000106770112000010/uri-3312012x10q.htm,10.391091539814038,0.2059210213682659,4.0233799559645815,-2.7244935134878268,0.4118420427365319,1.4256070710110722,-5.13218545563986,1.4256070710110722,96.67199949311748,2707688590.0,8697688590.0,52.07093442307693,4.127574070121951,10.6601912992126,-15.742375523255816,30.08542877777778,30.08542877777778,13.25867163109756,40.08151423963134,34.24286846456693,-50.56795691860465,0.0048011429556602,-0.0635228144902734,66.84444444444445,0.824448403453474,27.6036866359447,0.627151051625239,1.0,19.53846153846154,0.0,0.0,0.1554878048780487,0.0,0.0567356447855283,1.6771653543307086,0.649390243902439,3.302325581395349,0.0060975609756097,2.5700496965972266,0.008989174839848,0.0018887113177393,-108.12041627726474,-390000000.0,-324000000.0,-6551000000.0,3269000000.0,440500000.0,302000000.0,64500000.0,57.21036585365854,78.0135440180587,17.2686230248307,1.5731414868105515,1.1536458333333333,5.211764705882353,0.1444444444444444,6.747873469452409,2012-04-17,0.05,amc,91111111.0,2025-04-24,2012-03-31,6.199999999999999,38.97,2028175.516129032
2011-12-31,URI,USD,1067701,2012-01-25,2012-01-25 16:43:06,2011,Q4,746000000.0,471000000.0,275000000.0,0.3686327078,0,109000000.0,0.0,109000000.0,18000000.0,127000000.0,598000000.0,-7000000.0,123000000.0,129000000.0,277000000.0,0.3713136729,115000000.0,0.154155496,-59000000.0,56000000.0,0.0750670241,28000000.0,29000000.0,0.0388739946,0.46,0.38,63131000,76266000,https://www.sec.gov/Archives/edgar/data/1047166/000144530512000134/0001445305-12-000134-index.html,https://www.sec.gov/Archives/edgar/data/1047166/000144530512000134/uri-2011123110k.htm,11.81669861082511,0.459362278436901,2.455212177852402,0.0,0.5702428284044289,1.0137650282745403,-4.8787441985712245,1.0137650282745403,50.133848663889374,1865521050.0,4871521050.0,16.08207801724138,2.50069845844504,12.035619677419357,0.0,29.14876640625,29.14876640625,6.530189075067024,17.58671859205776,31.42916806451613,0.0,0.0155452547694382,0.0,47.53125,0.7342505430847213,10.851985559566788,0.8368055555555556,0.934959349593496,5.344827586206897,0.0,0.0,0.146112600536193,0.0,0.0897900072411296,1.0,0.2077747989276139,1.2015503875968991,0.0040214477211796,3.2369618157658966,0.0156505171475231,0.0076902678334659,-58.18060857581854,-141000000.0,-308000000.0,-3356000000.0,3214000000.0,458500000.0,226500000.0,50000000.0,55.97855227882037,42.038216560509554,8.40764331210191,1.6077586206896552,2.140909090909091,10.704545454545457,0.453125,2.455212177852402,2012-01-25,0.62,amc,564048780.0,2025-04-24,2011-12-31,0.3225806451612902,25.035555555555558,2543083.6507936507
2011-09-30,URI,USD,1067701,2011-10-18,2011-10-18 17:03:52,2011,Q3,713000000.0,439000000.0,274000000.0,0.3842917251,0,103000000.0,0.0,103000000.0,13000000.0,116000000.0,555000000.0,0.0,58000000.0,123000000.0,281000000.0,0.3941093969,156000000.0,0.2187938289,-60000000.0,96000000.0,0.1346423562,31000000.0,65000000.0,0.0911640954,1.05,0.91,62000000,73400000,https://www.sec.gov/Archives/edgar/data/1047166/000119312511273899/0001193125-11-273899-index.html,https://www.sec.gov/Archives/edgar/data/1047166/000119312511273899/d223167d10q.htm,11.5,1.0483870967741935,2.532258064516129,-1.1774193548387095,0.4193548387096774,0.2258064516129032,-5.129032258064516,0.2258064516129032,49.596774193548384,1044080000.0,4035080000.0,4.015692307692308,1.4643478260869565,6.6501910828025474,-14.302465753424658,74.57714285714286,74.57714285714286,5.659298737727911,14.359715302491104,25.701146496815287,-55.27506849315069,0.0622557658416979,-0.0699180139452915,215.5,0.7533083645443196,10.644128113879004,0.7485779294653014,2.689655172413793,2.4153846153846152,0.0,0.0,0.1444600280504908,0.0,0.082896379525593,1.464968152866242,0.3225806451612903,1.869918699186992,0.0042075736325385,2.307917422782933,0.0299475474907853,0.0176967056901715,-58.02016129032258,-221000000.0,-318000000.0,-3333000000.0,3069000000.0,430000000.0,257500000.0,63000000.0,57.18092566619916,47.76765375854214,11.480637813211844,1.5739514348785872,1.88412017167382,7.839285714285714,4.642857142857143,3.7096774193548394,2011-10-18,0.76,amc,589000000.0,2025-04-24,2011-09-30,0.2105263157894737,19.1825,3028851.828125
2011-06-30,URI,USD,1067701,2011-07-19,2011-07-19 16:40:22,2011,Q2,629000000.0,418000000.0,211000000.0,0.3354531002,0,100000000.0,0.0,100000000.0,14000000.0,114000000.0,532000000.0,0.0,59000000.0,117000000.0,215000000.0,0.3418124006,95000000.0,0.1510333863,-56000000.0,39000000.0,0.0620031797,11000000.0,27000000.0,0.0429252782,0.43,0.37,62500000,72972974,https://www.sec.gov/Archives/edgar/data/1047166/000119312511191387/0001193125-11-191387-index.html,https://www.sec.gov/Archives/edgar/data/1047166/000119312511191387/d10q.htm,10.064,0.432,2.272,-2.608,0.928,-0.32,-5.424,-0.32,48.56,1587500000.0,4505500000.0,14.699074074074073,2.523847376788553,11.179577464788732,-9.739263803680982,-79.375,-79.375,7.16295707472178,20.955813953488377,31.72887323943662,-27.641104294478527,0.017007874015748,-0.1026771653543307,-148.8,0.7530364372469636,13.572093023255814,0.8011904761904762,1.6101694915254237,5.25925925925926,0.0,0.0,0.1589825119236884,0.0,0.0807186234817813,2.147887323943662,0.4848966613672496,2.606837606837607,0.0063593004769475,,0.01971816369041,0.0074318744838976,-57.18,-167000000.0,-339000000.0,-3299000000.0,3052000000.0,374000000.0,252000000.0,66500000.0,58.23529411764706,60.7177033492823,15.071770334928232,1.5454545454545454,1.482269503546099,5.971428571428572,-1.35,4.88,2011-07-19,0.43,amc,676175000.0,2025-04-24,2011-06-30,-0.069767441860465,27.03174603174603,1952212.2063492064
2011-03-31,URI,USD,1067701,2011-04-19,2011-04-19 16:45:06,2011,Q1,523000000.0,385000000.0,138000000.0,0.2638623327,0,95000000.0,0.0,95000000.0,12000000.0,107000000.0,492000000.0,0.0,58000000.0,111000000.0,142000000.0,0.2715105163,30000000.0,0.0573613767,-57000000.0,-27000000.0,-0.051625239,-7000000.0,-20000000.0,-0.0382409178,-0.33,-0.33,61287051,61287051,https://www.sec.gov/Archives/edgar/data/1047166/000119312511102380/0001193125-11-102380-index.html,https://www.sec.gov/Archives/edgar/data/1047166/000119312511102380/d10q.htm,8.533613405546303,-0.3263332086250977,2.512765706413252,0.554766454662666,3.344915388407251,-0.4731831525063916,-4.160748409969995,-0.4731831525063916,47.66096511969551,2039633057.28,4697633057.28,-25.495413216,3.8998720024474185,13.244370501818183,59.98920756705882,-70.33217438896553,-70.33217438896553,8.982089975678775,33.081922938591546,30.50411076155844,138.1656781552941,-0.0098056853553214,0.0166696651040464,-98.72413793103448,0.7754604550379198,18.718309859154928,1.201639344262295,0.5172413793103449,-7.7,0.0,0.0,0.1816443594646271,0.0,0.061213434452871,0.7792207792207793,0.2294455066921606,1.0810810810810811,0.0038240917782026,,0.0072103251856658,-0.0057703404500865,-52.6824173674142,123000000.0,-255000000.0,-2988000000.0,735000000.0,359000000.0,177000000.0,51000000.0,58.68068833652008,51.896103896103895,14.727272727272728,1.533724340175953,1.7342342342342345,6.111111111111111,0.6896551724137931,1.957999251750586,2011-04-19,-0.12,amc,196125000.0,2025-04-24,2011-03-31,1.6666666666666667,29.4008064516129,1843959.6451612904
2010-12-31,URI,USD,1067701,2011-02-01,2011-02-01 16:38:37,2010,Q4,597000000.0,422000000.0,175000000.0,0.2931323283,0,96000000.0,0.0,96000000.0,17000000.0,113000000.0,535000000.0,-30000000.0,121000000.0,117000000.0,179000000.0,0.2998324958,47000000.0,0.0787269682,-81000000.0,-40000000.0,-0.067001675,-23000000.0,-21000000.0,-0.0351758794,-0.35,-0.34,60569000,61287051,https://www.sec.gov/Archives/edgar/data/1067701/000119312511020326/0001193125-11-020326-index.htm,https://www.sec.gov/Archives/edgar/data/1047166/000119312511020326/d10k.htm,9.856527266423418,-0.3467120143968036,1.7996004556786476,0.6934240287936073,3.3515494725024357,-0.3302019184731463,-4.077993693143357,-0.3302019184731463,50.355792567154815,1377944750.0,4103944750.0,-16.404104166666666,2.3081151591289784,12.64169495412844,32.80820833333333,-68.8972375,-68.8972375,6.874279313232831,22.9270656424581,37.65086926605505,97.71297023809524,-0.0152400885449144,0.0304801770898288,-146.45,0.793122122935283,15.22905027932961,1.2741652021089631,0.3884297520661157,-5.190476190476191,0.0,0.0,0.1608040201005025,0.0,0.0614676414838884,0.6146788990825688,0.1122278056951423,0.5726495726495726,0.0033500837520938,,0.0063940460947503,-0.0060588574725908,-52.96026019911176,156000000.0,-247000000.0,-2988000000.0,3056000000.0,388000000.0,149500000.0,43500000.0,56.83417085427136,28.15165876777251,8.317535545023697,1.5835543766578248,3.196969696969697,10.82051282051282,1.05,1.1061764268850405,2011-02-01,0.18,amc,671625000.0,2025-04-24,2010-12-31,-0.111111111111111,19.65265625,1821960.28125
2010-09-30,URI,USD,1067701,2010-10-20,2010-10-19 17:46:46,2010,Q3,605000000.0,396000000.0,209000000.0,0.3454545455,0,95000000.0,0.0,95000000.0,14000000.0,109000000.0,505000000.0,-2000000.0,67000000.0,112000000.0,212000000.0,0.3504132231,93000000.0,0.1537190083,-55000000.0,38000000.0,0.0628099174,15000000.0,23000000.0,0.0380165289,0.37,0.33,60531000,68532000,https://www.sec.gov/Archives/edgar/data/1047166/000119312510231868/0001193125-10-231868-index.html,https://www.sec.gov/Archives/edgar/data/1047166/000119312510231868/d10q.htm,9.994878657216963,0.379970593580149,2.0485371132147163,0.0495613817713237,2.8084783003750147,-0.2478069088566189,-3.9979514628867854,-0.2478069088566189,49.66050453486643,898280040.0,3667280040.0,9.76391347826087,1.484760396694215,7.2441938709677425,299.42668,-59.885336,-59.885336,6.061619900826447,17.29849075471698,29.574839032258065,1222.42668,0.0256044874380154,0.0033397157527846,-195.93333333333337,0.7849893162393162,13.06132075471698,1.3587786259541983,1.388059701492537,5.391304347826087,0.0,0.0,0.1570247933884297,0.0,0.0606303418803418,0.9758064516129032,0.2,1.0803571428571428,0.0033057851239669,,0.0168380118708377,0.0065396644867785,-53.95169417323355,188000000.0,-242000000.0,-3047000000.0,3159000000.0,371500000.0,177500000.0,54000000.0,59.35537190082645,37.95454545454545,10.909090909090908,1.516290726817043,2.37125748502994,8.25,-1.5333333333333334,1.9989757314433927,2010-10-19,0.25,amc,378125000.0,2025-04-24,2010-09-30,0.6000000000000001,12.3825,1738113.015625
2010-06-30,URI,USD,1067701,2010-07-20,2010-07-20 17:06:24,2010,Q2,557000000.0,386000000.0,171000000.0,0.3070017953,0,90000000.0,0.0,90000000.0,16000000.0,106000000.0,492000000.0,-2000000.0,68000000.0,111000000.0,176000000.0,0.315978456,59000000.0,0.1059245961,-56000000.0,3000000.0,0.0053859964,-9000000.0,12000000.0,0.0215439856,0.2,0.18,60490000,67691000,https://www.sec.gov/Archives/edgar/data/1047166/000119312510161856/0001193125-10-161856-index.html,https://www.sec.gov/Archives/edgar/data/1047166/000119312510161856/d10q.htm,9.208133575797651,0.1983798975037196,1.6696974706563068,-0.512481401884609,0.495949743759299,-0.8265829062654985,-4.579269300710862,-0.8265829062654985,47.99140353777483,563766800.0,3368766800.0,11.745141666666669,1.0121486535008977,5.581849504950496,-18.186025806451617,-11.275336,-11.275336,6.048055296229802,19.140720454545452,33.354126732673265,-108.66989677419356,0.0212853967278669,-0.0549872748803228,-56.7,0.7932288752098489,15.9375,1.047337278106509,0.8676470588235294,8.416666666666666,0.0,0.0,0.1615798922800718,0.0,0.0635142697257974,1.306930693069307,0.236983842010772,1.1891891891891893,0.0053859964093357,,0.0739580068943904,0.0035853002688975,-54.65366176227476,24000000.0,-277000000.0,-3093000000.0,3002000000.0,332000000.0,163000000.0,53000000.0,55.5834829443447,43.83419689119171,13.989637305699482,1.619186046511628,2.0531914893617023,6.433333333333334,-0.24,2.182178872540916,2010-07-20,-0.29,amc,646120000.0,2025-04-24,2010-06-30,-1.862068965517241,11.881746031746031,2053246.8412698407
2010-03-31,URI,USD,1067701,2010-04-21,2010-04-21 16:40:12,2010,Q1,478000000.0,375000000.0,103000000.0,0.2154811715,0,86000000.0,0.0,86000000.0,13000000.0,99000000.0,474000000.0,0.0,63000000.0,109000000.0,113000000.0,0.2364016736,-2000000.0,-0.0041841004,-62000000.0,-64000000.0,-0.1338912134,-24000000.0,-40000000.0,-0.0836820084,-0.66,-0.66,60227000,60227000,https://www.sec.gov/Archives/edgar/data/1047166/000119312510088964/0001193125-10-088964-index.html,https://www.sec.gov/Archives/edgar/data/1047166/000119312510088964/d10q.htm,7.936639713085493,-0.6641539508858153,1.9592541551131557,1.0626463214173043,0.3320769754429076,-0.7969847410629785,-4.6158699586564165,-0.7969847410629785,48.03493449781659,564929260.0,3374929260.0,-3.5308078750000003,1.1818603765690376,4.787536101694916,8.8270196875,-11.769359583333332,-11.769359583333332,7.060521464435147,29.866630619469028,28.60109542372881,52.7332696875,-0.0708053252543513,0.1132885204069621,-58.958333333333336,0.7896205357142857,24.86725663716814,1.0623700623700625,-0.0317460317460317,-2.95,0.0,0.0,0.1799163179916318,0.0,0.0641741071428571,0.4576271186440678,0.1129707112970711,0.4954128440366973,0.002092050209205,,-0.0003873566780291,-0.0119260584376863,-55.60628953791489,30000000.0,-278000000.0,-3121000000.0,3035000000.0,328500000.0,133000000.0,45000000.0,60.25104602510461,33.120000000000005,11.04,1.49375,2.717391304347826,8.152173913043478,0.8333333333333334,0.8966078336958507,2010-04-21,-0.61,amc,511543859.0,2025-04-24,2010-03-31,-0.0655737704918033,8.293934426229509,1653414.6065573771
2009-12-31,URI,USD,1067701,2010-02-03,2010-02-03 16:26:35,2009,Q4,557000000.0,412000000.0,145000000.0,0.2603231598,0,100000000.0,0.0,100000000.0,15000000.0,115000000.0,527000000.0,0.0,70000000.0,116000000.0,137000000.0,0.2459605027,24000000.0,0.0430879713,-31000000.0,-49000000.0,-0.0879712747,-25000000.0,-26000000.0,-0.0466786355,-0.43,-0.43,60157000,60227000,https://www.sec.gov/Archives/edgar/data/1047166/000119312510020819/0001193125-10-020819-index.html,https://www.sec.gov/Archives/edgar/data/1047166/000119312510020819/d10k.htm,9.25910534102432,-0.4322024037102914,1.4129693967451835,0.0997390162408364,2.809315624116894,-0.3158402180959822,-4.155792343368186,-0.3158402180959822,52.27986767957179,590140170.0,3496140170.0,-5.674424711538462,1.0594976122082584,6.942825529411765,98.356695,-31.060008947368424,-31.060008947368424,6.276732800718133,25.51927131386861,41.13106082352941,582.6900283333333,-0.0440573296340765,0.0101670760694022,-161.8421052631579,0.7968385592122311,21.21167883211679,1.529284164859002,0.3428571428571428,-3.5416666666666665,0.0,0.0,0.1795332136445242,0.0,0.0598600673749676,0.9294117647058824,0.1418312387791741,0.6810344827586207,0.0035906642728904,,0.0033366738690934,-0.0071664829106945,-57.08811942084878,244000000.0,-250000000.0,-3173000000.0,3323000000.0,353000000.0,135500000.0,48000000.0,54.4524236983842,27.961165048543688,9.611650485436892,1.6528189910979227,3.21875,9.363636363636363,1.368421052631579,1.313230380504347,2010-02-03,-0.2,amc,530476190.0,2025-04-24,2009-12-31,0.0499999999999999,9.7959375,1064965.046875
2009-09-30,URI,USD,1067701,2009-10-28,2009-10-28 17:19:19,2009,Q3,592000000.0,412000000.0,180000000.0,0.3040540541,0,99000000.0,0.0,99000000.0,13000000.0,112000000.0,524000000.0,0.0,64000000.0,113000000.0,181000000.0,0.3057432432,67000000.0,0.1131756757,-63000000.0,4000000.0,0.0067567568,4000000.0,0.0,0.0,0.0,0.0,60100000,60700000,https://www.sec.gov/Archives/edgar/data/1047166/000119312509216310/0001193125-09-216310-index.html,https://www.sec.gov/Archives/edgar/data/1047166/000119312509216310/d10q.htm,9.850249584026622,0.0,2.462562396006656,1.3311148086522462,2.4792013311148087,-0.2995008319467554,-4.159733777038269,-0.2995008319467554,52.678868552412645,619030000.0,3572030000.0,0.0,1.045658783783784,4.182635135135135,7.737875,-34.39055555555556,-34.39055555555556,6.03383445945946,19.734972375690607,24.13533783783784,44.650375,0.0,0.1292344474419656,-172.33333333333334,0.796405648267009,16.314917127071823,1.850136239782016,1.046875,2.0,0.0,0.0,0.1672297297297297,0.0,0.059563543003851,0.4594594594594595,0.1148648648648648,0.6017699115044248,0.0033783783783783,,0.0,0.0,-57.59151414309484,312000000.0,-250000000.0,-3234000000.0,3465000000.0,372000000.0,143500000.0,53500000.0,56.09797297297297,31.2378640776699,11.359223300970871,1.6043360433604337,2.8811188811188813,7.923076923076923,0.0,1.1314475873544094,2009-10-28,-0.15,amc,8880000000.0,2025-04-24,2009-09-30,-1.0666666666666669,8.28859375,908814.984375
2009-06-30,URI,USD,1067701,2009-07-29,2009-07-29 17:18:04,2009,Q2,615000000.0,474000000.0,141000000.0,0.2292682927,0,101000000.0,0.0,101000000.0,15000000.0,116000000.0,590000000.0,10000000.0,52000000.0,125000000.0,150000000.0,0.243902439,5000000.0,0.0081300813,-34000000.0,-29000000.0,-0.0471544715,-12000000.0,-17000000.0,-0.0276422764,-0.28,-0.28,59986000,60100000,https://www.sec.gov/Archives/edgar/data/1047166/000119312509158282/0001193125-09-158282-index.html,https://www.sec.gov/Archives/edgar/data/1047166/000119312509158282/d10q.htm,10.252392224852466,-0.2833994598739706,1.350315073517154,-0.3167405728003201,2.0838195578968426,-0.7668455973060381,-4.601073583836229,-0.7668455973060381,53.79588570666489,389309140.0,3439309140.0,-5.7251344117647065,0.6330229918699187,4.806285679012346,-20.489954736842105,-8.463242173913043,-8.463242173913043,5.592372585365854,22.9287276,42.46060666666666,-181.0162705263158,-0.043667097053,-0.0488044025886471,-69.02173913043478,0.8103624298111282,20.33333333333333,1.9054441260744983,0.0961538461538461,-4.764705882352941,0.0,0.0,0.1642276422764227,0.0,0.0587034201123021,1.2345679012345678,0.1626016260162601,0.8,0.0032520325203252,,0.0008191823596306,-0.0046095444685466,-58.85123195412263,316000000.0,-276000000.0,-3299000000.0,3502000000.0,367000000.0,149000000.0,57000000.0,54.87804878048781,27.341772151898738,10.443037974683543,1.64,3.2916666666666665,8.618181818181819,0.3695652173913043,1.6670556463174742,2009-07-29,-0.18,amc,461250000.0,2025-04-24,2009-06-30,0.3333333333333333,5.591746031746032,1280817.650793651
2009-03-31,URI,USD,1067701,2009-04-29,2009-04-29 17:12:49,2009,Q1,594000000.0,450000000.0,144000000.0,0.2424242424,0,108000000.0,0.0,108000000.0,14000000.0,122000000.0,572000000.0,0.0,52000000.0,120000000.0,139000000.0,0.234006734,18000000.0,0.0303030303,-51000000.0,-33000000.0,-0.0555555556,-14000000.0,-19000000.0,-0.031986532,-0.32,-0.32,59986000,59986000,https://www.sec.gov/Archives/edgar/data/1047166/000119312509092203/0001193125-09-092203-index.html,https://www.sec.gov/Archives/edgar/data/1047166/000119312509092203/d10q.htm,9.902310539125796,-0.3167405728003201,2.067149001433668,1.0002333877904843,1.600373420464775,-0.9335511619377856,-4.751108592004801,-0.9335511619377856,54.74610742506585,252541060.0,3388541060.0,-3.322908684210526,0.4251532996632997,2.0366214516129038,4.209017666666667,-4.509661785714285,-4.509661785714285,5.704614579124579,24.37799323741007,27.326944032258066,56.47568433333333,-0.0752352904513824,0.2375851277412077,-57.71428571428572,0.8126728689967312,22.56115107913669,1.747191011235955,0.3461538461538461,-6.526315789473684,0.0,0.0,0.1818181818181818,0.0,0.0575810912748302,0.5161290322580645,0.1077441077441077,0.5333333333333333,0.0033670033670033,,0.0028534241089307,-0.0050693703308431,-60.6516520521455,266000000.0,-285000000.0,-3411000000.0,3559000000.0,406500000.0,155500000.0,59000000.0,54.39393939393939,30.8,11.8,1.6545961002785516,2.9220779220779223,7.627118644067797,0.3392857142857143,1.0669156136431834,2009-04-29,-0.17,bmo,518876469.0,2025-04-24,2009-03-31,0.6470588235294118,5.180655737704917,970618.1967213114
2008-12-31,URI,USD,1067701,2009-02-26,2009-02-25 20:10:57,2008,Q4,791000000.0,554000000.0,237000000.0,0.2996207332,0,138000000.0,0.0,138000000.0,-44000000.0,138000000.0,692000000.0,0.0,1150000000.0,124000000.0,-924000000.0,-1.1681415929,-1048000000.0,-1.3249051833,-17000000.0,-1065000000.0,-1.3463969659,-212000000.0,-853000000.0,-1.0783817952,-14.28,-14.22,59731000,59986000,https://www.sec.gov/Archives/edgar/data/1047166/000119312509037714/0001193125-09-037714-index.html,https://www.sec.gov/Archives/edgar/data/1047166/000119312509037714/d10k.htm,13.242704793155983,-14.28069176809362,3.2311530026284507,2.0090070482663944,1.2891128559709364,-0.4855100366643786,-4.319365153772748,-0.4855100366643786,75.25405568297869,544746720.0,3812746720.0,-0.1596561313012895,0.6886810619469027,2.822521865284974,4.539556,-18.78436965517241,-18.78436965517241,4.8201602022756,-4.1263492640692645,19.755164352331605,31.77288933333333,-1.565865325448862,0.2202858605555256,-115.34482758620688,0.7981388690050107,-3.536796536796537,1.6463700234192038,-0.9113043478260868,-0.2262602579132473,0.0,0.0,0.1744627054361567,0.0,0.0546408971605822,0.3782383419689119,0.0922882427307206,0.5887096774193549,0.0075853350189633,,-0.2222356466927946,-0.2152953054013124,-63.166529942575885,276000000.0,-258000000.0,-3517000000.0,3698000000.0,480500000.0,184000000.0,68500000.0,51.656131479140335,25.50541516245487,9.584837545126351,1.7422907488986783,3.5286624203821657,9.389830508474576,29.41379310344828,1.2221459543620563,2009-02-25,0.51,bmo,620630769.0,2025-04-24,2008-12-31,0.2745098039215686,8.389375,1097005.21875
2008-09-30,URI,USD,1067701,2008-10-29,2008-10-28 18:44:28,2008,Q3,873000000.0,538000000.0,335000000.0,0.3837342497,0,133000000.0,0.0,133000000.0,14000000.0,147000000.0,685000000.0,0.0,70000000.0,135000000.0,328000000.0,0.3757159221,188000000.0,0.21534937,-71000000.0,117000000.0,0.1340206186,43000000.0,74000000.0,0.0847651775,1.11,0.98,66672000,66672000,https://www.sec.gov/Archives/edgar/data/1047166/000119312508218136/0001193125-08-218136-index.html,https://www.sec.gov/Archives/edgar/data/1047166/000119312508218136/d10q.htm,13.093952483801296,1.1099112071034318,1.859851211903048,-0.5699544036477082,0.9899208063354932,13.12395008399328,-7.769378449724022,13.12395008399328,54.89560835133189,1016081280.0,4540081280.0,3.4327070270270266,1.1638960824742268,8.194203870967742,-26.73898105263158,1.1612357485714286,1.1612357485714286,5.200551294387171,13.841711219512195,36.61355870967742,-119.47582315789474,0.0728288193637422,-0.0373985829165162,4.102857142857143,0.6397006414825375,10.74390243902439,1.6688034188034189,2.685714285714285,1.6756756756756757,0.0,0.0,0.1523482245131729,0.0,0.2482181040627227,1.3064516129032258,0.1855670103092783,1.2,0.0,18.103713259799186,0.0230661460535369,0.017539701351031,-63.77114830813535,313000000.0,-518000000.0,-3956000000.0,5073000000.0,492500000.0,261000000.0,86000000.0,52.2680412371134,35.29739776951673,13.048327137546467,1.7218934911242605,2.549763033175356,6.897435897435898,0.0845714285714285,2.429805615550756,2008-10-28,1.13,bmo,1006622448.0,2025-04-24,2008-09-30,-0.1327433628318583,16.84078125,1952015.5
2008-06-30,URI,USD,1067701,2008-07-30,2008-07-29 21:38:48,2008,Q2,831000000.0,548000000.0,283000000.0,0.3405535499,0,140000000.0,0.0,140000000.0,15000000.0,155000000.0,703000000.0,2000000.0,53000000.0,130000000.0,255000000.0,0.3068592058,128000000.0,0.1540312876,-52000000.0,76000000.0,0.091456077,39000000.0,37000000.0,0.0445246691,-2.33,-2.33,86419000,86419000,https://www.sec.gov/Archives/edgar/data/1047166/000119312508160543/0001193125-08-160543-index.html,https://www.sec.gov/Archives/edgar/data/1047166/000119312508160543/d10q.htm,9.615940938913896,0.4281465881345537,2.5573079993982804,-1.1224383526770734,0.9257223527233596,16.362142584385378,0.2198590587717978,16.362142584385378,35.27002163875999,1694676590.0,4609676590.0,11.4505175,2.0393220096269555,7.668219864253394,-17.470892680412373,1.198498295615276,1.198498295615276,5.547143910950662,18.07716309803921,20.85826511312217,-47.52243907216495,0.021833074356683,-0.0572380597999527,2.118104667609618,0.5339632733107506,11.431372549019608,1.3128205128205128,2.4150943396226414,5.972972972972973,0.0,0.0,0.1684717208182912,0.0,0.2487074344802995,1.4389140271493213,0.3826714801444043,2.4461538461538463,0.0,12.55473612811926,0.0123740646294051,0.0087802562885619,-42.92458834284128,183000000.0,19000000.0,-3427000000.0,4948000000.0,465000000.0,293000000.0,94500000.0,51.76895306859205,51.07664233576642,15.437956204379562,1.7384937238493725,1.7620578778135048,5.829787234042553,0.0261669024045261,3.679746352075354,2008-07-29,0.67,bmo,898016129.0,2025-04-24,2008-06-30,-0.0746268656716418,19.909375,1217480.390625
2008-03-31,URI,USD,1067701,2008-04-30,2008-04-29 18:02:37,2008,Q1,772000000.0,524000000.0,248000000.0,0.3212435233,0,131000000.0,0.0,131000000.0,15000000.0,146000000.0,670000000.0,0.0,43000000.0,124000000.0,226000000.0,0.292746114,102000000.0,0.1321243523,-43000000.0,59000000.0,0.0764248705,21000000.0,38000000.0,0.0492227979,0.37,0.34,86332000,111764707,https://www.sec.gov/Archives/edgar/data/1047166/000119312508095622/0001193125-08-095622-index.html,https://www.sec.gov/Archives/edgar/data/1047166/000119312508095622/d10q.htm,8.942223045915767,0.4401612380113978,2.6178010471204187,0.8687392855488115,5.965343094101839,23.65287494787564,7.482741046193763,23.65287494787564,31.95802251772228,1626494880.0,3827494880.0,10.700624210526316,2.106858652849741,7.19688,21.6865984,0.7965205093046034,0.7965205093046034,4.957894922279793,16.935818053097346,16.935818053097346,51.033265066666665,0.0233631230366984,0.0461114270461152,1.3300685602350637,0.462534059945504,9.738938053097344,1.83641975308642,2.372093023255814,5.947368421052632,0.0,0.0,0.1696891191709844,0.0,0.2377384196185286,0.668141592920354,0.1955958549222798,1.217741935483871,0.0012953367875647,15.305204055832732,0.0125755963350377,0.0084897229669347,-33.921373303062595,542000000.0,646000000.0,-2640000000.0,5174000000.0,485500000.0,235000000.0,93000000.0,52.69430051813471,47.23282442748092,16.31679389312977,1.7079646017699115,1.9054545454545453,5.515789473684211,0.0186092066601371,1.7490617615716073,2008-04-29,0.34,bmo,772000000.0,2025-04-24,2008-03-31,0.0,18.11770491803279,1376172.245901639
2007-12-31,URI,USD,1067701,2008-02-29,2008-02-28 17:32:30,2007,Q4,930000000.0,591000000.0,339000000.0,0.364516129,0,148000000.0,0.0,148000000.0,16000000.0,164000000.0,755000000.0,0.0,0.0,119000000.0,294000000.0,0.3161290323,175000000.0,0.188172043,65000000.0,240000000.0,0.2580645161,87000000.0,153000000.0,0.164516129,1.49,1.37,102702703,111764706,https://www.sec.gov/Archives/edgar/data/1067701/000119312508042082/0001193125-08-042082-index.htm,https://www.sec.gov/Archives/edgar/data/1047166/000119312508042082/d10k.htm,9.055263131682134,1.489736837792867,3.651315778904086,2.443947361346468,3.709736831366551,19.64894731154252,5.978421035325623,19.64894731154252,25.023684138089337,1885621627.08,4074621627.08,3.08108109,2.027550136645161,5.02832433888,7.5124367612749,0.93440120271556,0.93440120271556,4.381313577505376,13.859257234965986,10.865657672213333,16.233552299123506,0.081140350642313,0.1331126013805266,1.2735381565906838,0.4399178363574118,7.445578231292517,2.1538461538461537,0.0,2.450980392156863,0.0,0.0,0.1591397849462365,0.0,0.2403286545703526,0.3306666666666666,0.1333333333333333,1.0420168067226891,0.0161290322580645,25.66348795977975,0.0209035975267003,0.0344749887336638,-29.290855178368577,600000000.0,614000000.0,-2704000000.0,5270000000.0,550500000.0,221500000.0,107000000.0,50.2258064516129,29.69543147208121,13.857868020304569,1.7919075144508672,3.0307692307692307,6.494505494505495,0.0758176412289395,1.2073684175576178,2008-02-28,0.73,bmo,803869047.0,2025-04-24,2007-12-31,0.1506849315068493,27.80296875,3072784.546875
2007-09-30,URI,USD,1067701,2007-11-01,2007-10-31 18:34:55,2007,Q3,994000000.0,615000000.0,379000000.0,0.3812877264,0,152000000.0,0.0,152000000.0,13000000.0,165000000.0,780000000.0,0.0,37000000.0,128000000.0,344000000.0,0.3460764588,214000000.0,0.2152917505,-42000000.0,172000000.0,0.1730382294,61000000.0,112000000.0,0.1126760563,1.1,0.98,101142000,101142000,https://www.sec.gov/Archives/edgar/data/1047166/000119312507231351/0001193125-07-231351-index.html,https://www.sec.gov/Archives/edgar/data/1047166/000119312507231351/d10q.htm,9.827766901979397,1.107354017124439,1.621482667932214,-0.4449190247374978,1.107354017124439,18.43942180300963,4.5282869628838665,18.43942180300963,27.644302070356527,3220361280.0,5867361280.0,7.188306428571428,3.239800080482897,19.636349268292683,-71.563584,1.72673527077748,1.72673527077748,5.902777947686117,17.056282790697676,35.77659317073171,-130.3858062222222,0.0347787065679786,-0.0139735874603485,1.4793565683646113,0.4825957670106699,7.694767441860465,1.5342237061769617,5.783783783783784,1.4774774774774777,0.0,0.0,0.1529175050301811,0.0,0.2461080986531397,1.274390243902439,0.2102615694164989,1.6328125,0.0,21.434243062395048,0.0265790321714377,0.0259860788863109,-32.05394395997706,320000000.0,458000000.0,-2933000000.0,5060000000.0,567500000.0,298000000.0,142500000.0,52.69617706237425,36.29268292682927,18.0,1.7079037800687284,2.4798387096774195,5.0,0.060053619302949,2.066401692669712,2007-10-31,0.93,bmo,979468085.0,2025-04-24,2007-09-30,0.0107526881720429,32.15142857142857,1821790.1904761903
2007-06-30,URI,USD,1067701,2007-08-01,2007-08-01 17:08:54,2007,Q2,966000000.0,635000000.0,331000000.0,0.3426501035,0,147000000.0,0.0,147000000.0,13000000.0,160000000.0,795000000.0,0.0,52000000.0,129000000.0,301000000.0,0.3115942029,171000000.0,0.1770186335,-55000000.0,116000000.0,0.1200828157,49000000.0,67000000.0,0.0693581781,0.68,0.6,82185000,114968000,https://www.sec.gov/Archives/edgar/data/1047166/000119312507168202/0001193125-07-168202-index.html,https://www.sec.gov/Archives/edgar/data/1047166/000119312507168202/d10q.htm,11.753969702500456,0.8152339234653525,2.384863417898643,-2.007665632414674,1.265437731946219,20.70937519011985,3.711139502342277,20.70937519011985,34.41017217253757,2674299900.0,5346299900.0,9.978730970149254,2.768426397515528,13.644387244897958,-16.20787818181818,1.5712690364277322,1.5712690364277322,5.534471946169773,17.76179368770764,27.277040306122448,-32.401817575757576,0.0250532859085848,-0.0616983906703956,1.6310223266745003,0.4897671136203246,8.877076411960132,1.26775956284153,3.2884615384615383,2.925373134328358,0.0,0.0,0.1521739130434782,0.0,0.2464714184897671,1.841836734693877,0.3737060041407867,2.798449612403101,0.0,19.49018129076901,0.0195307971879197,0.0156871926949192,-40.95942081888423,196000000.0,305000000.0,-3038000000.0,4874000000.0,526500000.0,346000000.0,165500000.0,51.52173913043478,49.32283464566929,22.96062992125984,1.7468354430379749,1.8247126436781609,3.919753086419753,0.0393654524089306,4.392529050313318,2007-08-01,0.65,bmo,1042166666.0,2025-04-24,2007-06-30,-0.0769230769230769,32.79857142857143,1349149.9682539685
2007-03-31,URI,USD,1067701,2007-05-02,2007-05-02 17:05:39,2007,Q1,841000000.0,582000000.0,259000000.0,0.3079667063,0,148000000.0,0.0,148000000.0,12000000.0,160000000.0,742000000.0,0.0,51000000.0,121000000.0,220000000.0,0.2615933413,99000000.0,0.1177170036,-49000000.0,50000000.0,0.0594530321,18000000.0,30000000.0,0.0356718193,0.31,0.28,96774194,96774194,https://www.sec.gov/Archives/edgar/data/1047166/000119312507099659/0001193125-07-099659-index.html,https://www.sec.gov/Archives/edgar/data/1047166/000119312507099659/d10q.htm,8.690333292778444,0.3099999985533333,1.3743333269197775,-1.6843333254731112,1.0746666616515557,16.33699992376067,2.0253333238817777,16.33699992376067,28.592333199902445,2661290335.0,5273290335.0,22.177419458333336,3.164435594530321,20.009701766917296,-16.326934570552147,1.683295594560405,1.683295594560405,6.270261991676575,23.96950152272727,39.6487995112782,-32.35147444785276,0.0112727272201212,-0.0612484845626585,1.717900063251107,0.5020332717190388,11.872727272727271,1.421303656597774,1.9411764705882355,4.15625,0.0,0.0,0.1759809750297265,0.0,0.256007393715342,2.225563909774436,0.351961950059453,2.446280991735537,0.0047562425683709,10.674763413606003,0.013085501858736,0.0074534161490683,-33.74349984253033,265000000.0,196000000.0,-2935000000.0,4719000000.0,501000000.0,281000000.0,154000000.0,53.5077288941736,53.19587628865979,26.1340206185567,1.682,1.691860465116279,3.4437869822485205,0.0189753320683111,3.058666652392889,2007-05-02,0.28,bmo,782133333.0,2025-04-24,2007-03-31,0.0714285714285712,27.115573770491803,953588.0
2006-12-31,URI,USD,1067701,2007-02-27,2007-02-26 20:40:39,2006,Q4,730000000.0,413000000.0,317000000.0,0.4342465753,0,133000000.0,0.0,133000000.0,12000000.0,145000000.0,558000000.0,0.0,75000000.0,127000000.0,299000000.0,0.4095890411,172000000.0,0.2356164384,-50000000.0,122000000.0,0.1671232877,44000000.0,53000000.0,0.0726027397,0.81,0.81,96605489,96774194,https://www.sec.gov/Archives/edgar/data/1067701/000119312507040088/0001193125-07-040088-index.htm,https://www.sec.gov/Archives/edgar/data/1047166/000119312507040088/d10k.htm,7.556506442403081,0.5486230704758401,2.608547429432297,1.428490258974829,1.2318140638985844,15.920420422487588,1.6769233474921907,15.920420422487588,28.74577861719638,2456677585.27,5039677585.27,11.58810181731132,3.365311760643836,9.748720576468251,17.80201148746377,1.597319626313394,1.597319626313394,6.903667925027398,16.85510898083612,19.99872057646825,36.5194027918116,0.0215738525550861,0.0561734274075827,1.7568270481144344,0.5035408125232949,8.638795986622073,1.67779632721202,2.293333333333333,4.754716981132075,0.0,0.0,0.1821917808219178,0.0,0.256429370108088,0.4523809523809524,0.1561643835616438,0.8976377952755905,0.021917808219178,14.018629517454864,0.0228907604318805,0.0132832080200501,-33.77654865967295,406000000.0,162000000.0,-2823000000.0,4702000000.0,558500000.0,242500000.0,156500000.0,61.89041095890411,47.50605326876513,30.29055690072639,1.454183266932271,1.8944954128440368,2.971223021582734,0.0344603381014304,1.1800571704574674,2007-02-26,0.64,bmo,846422535.0,2025-04-24,2006-12-31,0.1093749999999999,24.70952380952381,955093.6507936508
2006-09-30,URI,USD,1067701,2006-10-31,2006-10-31 16:54:03,2006,Q3,1070000000.0,680000000.0,390000000.0,0.3644859813,0,164000000.0,0.0,164000000.0,10000000.0,174000000.0,854000000.0,0.0,62000000.0,132000000.0,348000000.0,0.3252336449,216000000.0,0.2018691589,-62000000.0,154000000.0,0.1439252336,59000000.0,95000000.0,0.0887850467,0.97,0.85,97938145,97938145,https://www.sec.gov/Archives/edgar/data/1067701/000119312506219327/0001193125-06-219327-index.htm,https://www.sec.gov/Archives/edgar/data/1047166/000119312506219327/d10q.htm,10.925263083142935,0.969999993363158,2.419894720284931,0.459473681066759,1.429473674429917,15.325999895137896,1.3375789382165653,15.325999895137896,30.825578736456567,2277061871.25,5094061871.25,5.992268082236842,2.128095206775701,9.607855996835442,50.60137491666666,1.5170298942371752,1.5170298942371752,4.760805487149533,14.638108825431036,21.493931946202533,113.20137491666668,0.0417204298220713,0.0197623088630864,1.9700199866755497,0.5388119533527697,8.094827586206897,1.5246376811594202,3.4838709677419355,2.494736842105264,0.0,0.0,0.1532710280373831,0.0,0.2496355685131195,0.810126582278481,0.1794392523364485,1.4545454545454546,0.0,18.28906628078014,0.02777131163959,0.023069451189898,-33.68197345375492,362000000.0,131000000.0,-2935000000.0,4798000000.0,590500000.0,275500000.0,184500000.0,51.728971962616825,35.338235294117645,23.02941176470588,1.7398373983739837,2.546816479400749,3.9080459770114944,0.0632911392405063,1.960421039218172,2006-10-31,0.87,bmo,971829545.0,2025-04-24,2006-09-30,0.0114942528735632,24.464920634920635,1101841.2698412698
2006-06-30,URI,USD,1067701,2006-08-08,2006-08-07 19:28:07,2006,Q2,995000000.0,657000000.0,338000000.0,0.3396984925,0,164000000.0,0.0,164000000.0,24000000.0,188000000.0,845000000.0,0.0,53000000.0,128000000.0,276000000.0,0.2773869347,150000000.0,0.1507537688,-50000000.0,96000000.0,0.0964824121,40000000.0,56000000.0,0.056281407,0.59,0.51,94915255,94915255,https://www.sec.gov/Archives/edgar/data/1067701/000119312506164103/0001193125-06-164103-index.htm,https://www.sec.gov/Archives/edgar/data/1047166/000119312506164103/d10q.htm,10.483035630047036,0.5899999952589287,1.5066071307504785,-2.654999978665179,2.1914285538188776,14.77107130987532,0.3160714260315689,14.77107130987532,33.38767830313473,3035389854.9,5943389854.9,13.550847566517856,3.0506430702512564,21.22650248181818,-12.045197836904762,2.165042692510699,2.165042692510699,5.9732561355778895,21.5340212134058,41.56216681748251,-23.5848803765873,0.0184490304959014,-0.0830206372315565,2.2225392296718973,0.5634719710669078,10.53623188405797,1.5424200278164115,2.830188679245283,2.5535714285714284,0.0,0.0,0.164824120603015,0.0,0.2481012658227848,2.762237762237762,0.3969849246231156,3.0859375,0.0,14.003070022780864,0.0181874870089378,0.0134680134680134,-35.80035685517571,390000000.0,30000000.0,-3019000000.0,4811000000.0,530000000.0,301000000.0,203000000.0,51.19597989949749,38.9041095890411,26.71232876712329,1.7579505300353355,2.313380281690141,3.3692307692307693,0.0399429386590584,4.161607109415657,2006-08-07,0.63,bmo,1033875000.0,2025-04-24,2006-06-30,-0.111111111111111,32.698571428571434,1106596.825396825
2006-03-31,URI,USD,1067701,2006-05-09,2006-05-09 17:05:44,2006,Q1,846000000.0,493000000.0,353000000.0,0.4172576832,0,153000000.0,0.0,153000000.0,16000000.0,169000000.0,662000000.0,0.0,151000000.0,116000000.0,205000000.0,0.2423167849,88000000.0,0.1040189125,-61000000.0,33000000.0,0.0390070922,13000000.0,20000000.0,0.0236406619,0.21,0.19,95238096,95238096,https://www.sec.gov/Archives/edgar/data/1067701/000119312506105607/0001193125-06-105607-index.htm,https://www.sec.gov/Archives/edgar/data/1047166/000119312506105607/d10q.htm,8.882999928936,0.20999999832,2.372999981016,-0.398999996808,3.4754999721960003,13.135499894916,-1.144499990844,13.135499894916,34.429499724564,3285714312.0,6082714312.0,41.0714289,3.8838230638297873,14.538558902654868,-86.46616610526316,2.6264702733812952,2.6264702733812952,7.189969635933807,29.67177713170732,26.91466509734513,-160.07142926315788,0.0060869564730434,-0.0115652172987826,2.5003996802557955,0.5834732326058572,13.64390243902439,1.6652542372881356,0.5827814569536424,11.3,0.0,0.0,0.1808510638297872,0.0,0.2536840141764596,1.168141592920354,0.3120567375886525,2.2758620689655173,0.0011820330969267,7.878149307226679,0.0114621391217135,0.0049987503124218,-34.681499722548004,471000000.0,-109000000.0,-2931000000.0,4653000000.0,502500000.0,270500000.0,192500000.0,52.5531914893617,58.05273833671399,38.51926977687626,1.7125506072874497,1.550314465408805,2.3364928909952605,0.0159872102318145,2.771999977824,2006-05-09,0.19,bmo,799000000.0,2025-04-24,2006-03-31,0.0,29.88209677419355,923972.5806451612
2005-12-31,URI,USD,1067701,2006-03-31,2006-03-31 15:06:55,2005,Q4,963000000.0,537000000.0,426000000.0,0.4423676012,0,174000000.0,0.0,174000000.0,20000000.0,194000000.0,731000000.0,0.0,148000000.0,120000000.0,352000000.0,0.3655244029,134000000.0,0.1391484943,-51000000.0,83000000.0,0.0861889927,34000000.0,49000000.0,0.0508826584,0.51,0.51,93738756,95238095,https://www.sec.gov/Archives/edgar/data/1067701/000119312506070481/0001193125-06-070481-index.htm,https://www.sec.gov/Archives/edgar/data/1047166/000119312506070481/d10k.htm,10.273232130368788,0.5227293607352758,2.336280204102559,0.981451044645824,3.371070979435656,13.110905802931711,-1.4081688901440084,13.110905802931711,35.20422225360021,2192549502.84,5028549502.84,11.186477055306124,2.2767907609968847,10.011641565479453,23.832059813478264,1.7840109868510987,1.7840109868510987,5.221754416240914,14.285651996704546,22.96141325497717,54.65814677,0.0223484121733764,0.0419602840806252,2.564686737184703,0.5976488433826318,8.056818181818182,1.927099841521395,0.9054054054054054,4.469387755102041,0.0,0.0,0.1806853582554517,0.0,0.258058399696625,0.5799086757990868,0.1318795430944963,1.0583333333333331,0.0083073727933541,12.4178398565574,0.0170382153209002,0.0125223613595706,-34.76416947543021,585000000.0,-132000000.0,-2829000000.0,2391000000.0,547500000.0,233000000.0,177000000.0,47.7570093457944,37.374301675977655,29.16201117318436,1.8845401174168297,2.408071748878924,3.086206896551724,0.0398698128559804,1.3548291594567352,2006-03-07,0.31,bmo,574791666.0,2025-04-24,2005-12-31,0.5483870967741935,20.80857142857143,645430.1587301587
2005-09-30,URI,USD,1067701,2006-04-12,2006-04-12 14:56:32,2005,Q3,980000000.0,530000000.0,450000000.0,0.4591836735,0,164000000.0,0.0,164000000.0,17000000.0,181000000.0,711000000.0,0.0,136000000.0,116000000.0,191000000.0,0.1948979592,171000000.0,0.1744897959,-47000000.0,126000000.0,0.1285714286,50000000.0,76000000.0,0.0775510204,0.8,0.71,95000001,95000001,https://www.sec.gov/Archives/edgar/data/1067701/000119312506078631/0001193125-06-078631-index.htm,https://www.sec.gov/Archives/edgar/data/1047166/000119312506078631/d10q.htm,10.315789365096954,0.7999999915789474,1.0421052521883658,-1.2736841971191135,1.5894736674792245,12.431578816509695,-1.6105262988365652,12.431578816509695,34.67368384554017,1872450019.71,4879450019.71,6.159375064835527,1.9106632854183672,18.913636562727277,-15.474793551322314,1.585478424817951,1.585478424817951,4.979030632357143,25.54685874193717,49.28737393646465,-40.3260332207438,0.0405885333119709,-0.0646212175098484,2.674005080440305,0.6087124132613724,15.7434554973822,1.759016393442623,1.2573529411764706,1.3026315789473684,0.0,0.0,0.1673469387755102,0.0,0.2571318427139553,2.2222222222222223,0.2244897959183673,1.896551724137931,0.0,14.95889087939736,0.0225301129626162,0.0197197716658017,-35.03157857861496,463000000.0,-153000000.0,-2934000000.0,4578000000.0,550500000.0,289500000.0,179000000.0,53.632653061224495,41.264150943396224,30.56603773584905,1.678082191780822,2.1810699588477367,2.9444444444444446,0.0643522438611346,2.3157894493074798,2005-11-01,0.66,bmo,905757575.0,2025-04-24,2005-09-30,0.0757575757575756,18.90296875,856993.78125
2005-06-30,URI,USD,1067701,2006-04-12,2006-04-12 14:19:08,2005,Q2,888000000.0,510000000.0,378000000.0,0.4256756757,0,136000000.0,0.0,136000000.0,16000000.0,152000000.0,662000000.0,0.0,145000000.0,115000000.0,247000000.0,0.2781531532,131000000.0,0.1475225225,-50000000.0,82000000.0,0.0923423423,32000000.0,50000000.0,0.0563063063,0.53,0.48,94339623,94339623,https://www.sec.gov/Archives/edgar/data/1067701/000119312506078588/0001193125-06-078588-index.htm,https://www.sec.gov/Archives/edgar/data/1047166/000119312506078588/d10q.htm,9.41279996423136,0.5299999979860001,2.07759999210512,-1.6429999937566,2.69239998976888,11.5539999560948,-2.50159999049392,11.5539999560948,35.20259986623012,1906603780.83,4828603780.83,9.53301890415,2.1470763297635136,9.727570310357144,-12.300669553741937,1.7491777805779816,1.7491777805779816,5.437616870304054,19.54900316125506,24.635733575663263,-31.15228245696774,0.026224641167046,-0.0812963876178426,2.913761467889908,0.6236010210092283,11.82995951417004,1.6703125,0.903448275862069,3.92,0.0,0.0,0.1531531531531531,0.0,0.2603573532299234,1.7908163265306123,0.3952702702702703,3.0521739130434784,0.0,11.738034288281025,0.0179380302673451,0.0132731616671091,-34.68584986819377,429000000.0,-236000000.0,-2934000000.0,4453000000.0,480000000.0,296000000.0,163500000.0,52.39864864864865,59.29411764705882,31.41176470588235,1.7176015473887811,1.5178571428571428,2.865168539325843,0.0458715596330275,3.72059998586172,2005-08-09,0.5,bmo,923520000.0,2025-04-24,2005-06-30,-0.04,19.30453125,651042.1875
2005-03-31,URI,USD,1067701,2006-04-12,2006-04-12 14:06:07,2005,Q1,732000000.0,436000000.0,296000000.0,0.4043715847,0,122000000.0,0.0,122000000.0,16000000.0,138000000.0,574000000.0,0.0,137000000.0,111000000.0,271000000.0,0.3702185792,64000000.0,0.087431694,-47000000.0,19000000.0,0.0259562842,7000000.0,12000000.0,0.0163934426,0.12,0.11,100000001,100000001,https://www.sec.gov/Archives/edgar/data/1067701/000119312506078576/0001193125-06-078576-index.htm,https://www.sec.gov/Archives/edgar/data/1047166/000119312506078576/d10q.htm,7.3199999268,0.1199999988,1.2899999871,-0.3599999964,3.4199999658,10.4199998958,-2.8599999714,10.4199998958,32.799999672000006,2021000020.21,4822000020.21,42.10416708770833,2.7609289893579234,15.666666823333337,-56.13888945027778,1.939539366804223,1.939539366804223,6.587431721598361,17.793358008154982,37.379845117906974,-133.94444500583333,0.005937654567046,-0.017812963701138,3.0163147792706333,0.6412976943480923,10.33579335793358,1.881720430107527,0.4671532846715328,10.75,0.0,0.0,0.1666666666666666,0.0,0.2709651091613956,1.2790697674418603,0.2254098360655737,1.4864864864864864,0.0013661202185792,5.304149266123646,0.0093071730673679,0.0033585222502099,-31.102499688975,492000000.0,-286000000.0,-2809000000.0,4343000000.0,466500000.0,236500000.0,134000000.0,54.4672131147541,52.84403669724771,30.75688073394496,1.652370203160271,1.703125,2.9261744966442955,0.0115163147792706,1.6499999835,2005-05-04,0.13,bmo,844615384.0,2025-04-24,2005-03-31,-0.1538461538461538,18.64147540983607,551229.5081967213
2004-12-31,URI,USD,1067701,2006-03-31,2006-03-31 14:56:51,2004,Q4,823529000.0,447226000.0,376303000.0,0.4569395856,0,135854000.0,0.0,135854000.0,19157000.0,155011000.0,602237000.0,0.0,208477000.0,123777000.0,345069000.0,0.4190125666,122869000.0,0.149198146,-43326000.0,79543000.0,0.0965879769,27521000.0,52022000.0,0.063169603,0.52,0.52,100000000,100000000,https://www.sec.gov/Archives/edgar/data/1067701/000119312506070435/0001193125-06-070435-index.htm,https://www.sec.gov/Archives/edgar/data/1047166/000119312506070435/d10k.htm,8.23529,0.52022,1.72831,-0.54044,3.03,10.26,-3.04,10.26,33.75477,1890000000.0,4754000000.0,9.082695782553534,2.2950011475005736,10.93553818470066,-34.971504699874174,1.8421052631578947,1.8421052631578947,5.772717172072872,13.77695475397674,27.506639433897853,-87.96536155724965,0.0275248677248677,-0.028594708994709,3.086744639376218,0.6487095452683327,8.299789317498819,1.9111111111111112,0.5893647740518139,3.3222675022106034,0.0019190476190476,0.0697205028641728,0.1649656539113984,0.0,0.2724293322408849,1.3126985320920437,0.275491209174176,1.8329334205870231,0.0279285853928641,10.958685459488288,0.0185070663829493,0.0146458333333333,-31.26,492000000.0,-304000000.0,-2824000000.0,2219000000.0,518725000.0,239564000.0,121121000.0,53.550026775013386,43.66919633473904,23.94762379646979,1.6806714285714286,2.0609493087557604,3.758201680672269,0.0507037037037037,2.26875,2005-02-15,0.26,bmo,855203192.0,2025-04-24,2004-12-31,-0.0384615384615384,17.03078125,406281.25
2004-09-30,URI,USD,1067701,2004-11-09,2004-11-09 16:11:44,2004,Q3,849718000.0,476976000.0,372742000.0,0.4386655337,0,128769000.0,0.0,128769000.0,104722000.0,233491000.0,710467000.0,0.0,326598000.0,116136000.0,234000000.0,0.2753854808,-5873000.0,-0.0069117048,-40000000.0,-46538000.0,-0.0547687586,17843000.0,-64381000.0,-0.0757674899,-0.81,-0.81,79310345,79310345,https://www.sec.gov/Archives/edgar/data/1047166/000119312504191288/0001193125-04-191288-index.html,https://www.sec.gov/Archives/edgar/data/1047166/000119312504191288/d10q.htm,10.713835628882968,-0.8117604330179121,2.586535211768401,0.5112195641060444,1.8808013002591275,12.934075624056357,-3.805190861293063,12.934075624056357,43.74357468751397,1260241382.05,4253794382.05,-4.893685179051273,1.4831289699053096,6.1433534435187855,31.082535011715372,1.228537737203721,1.228537737203721,5.006124834415654,18.178608470299142,20.73615637226466,104.9153873979529,-0.0510862449979806,0.0321724080620544,3.0636592104160045,0.6481525593788895,12.792961538461538,3.564571507049991,-0.0179823513922314,-3.1863282645501,0.0,0.0,0.1515432178675748,0.0,0.2738027547391227,0.8023535261456866,0.1937042642382531,1.4172521870909969,0.0,,-0.0017714074797078,-0.0182841456370071,-40.36741360789693,672246000.0,-301791000.0,-2888555000.0,4586607000.0,521253000.0,257338000.0,121429500.0,57.98453133863234,49.4606017912851,23.2543775787461,1.5521380948031784,1.819630104376488,3.870239041885072,-0.062761379832054,2.0753156476623573,2004-10-20,0.58,bmo,858000000.0,2025-04-24,2004-09-30,0.0,17.744375,850275.015625
2004-06-30,URI,USD,1067701,2004-08-09,2004-08-09 13:23:04,2004,Q2,776040000.0,442939000.0,333101000.0,0.4292317406,0,117605000.0,0.0,117605000.0,15684000.0,133289000.0,576228000.0,0.0,155794000.0,122891000.0,317000000.0,0.4084840988,107117000.0,0.1380302562,-50000000.0,56479000.0,0.072778465,21617000.0,34962000.0,0.0450518015,0.42,0.39,95238096,95238096,https://www.sec.gov/Archives/edgar/data/1047166/000119312504135601/0001193125-04-135601-index.html,https://www.sec.gov/Archives/edgar/data/1047166/000119312504135601/d10q.htm,8.14841993481264,0.367100997063192,1.6196039870431682,-0.371951997024384,0.7600319939197441,11.295070409639436,-4.074241467406068,11.295070409639436,34.07726672738187,1703809537.44,4721085537.440001,12.183295702763,2.195517676202258,11.045910076240858,-48.097604376693766,1.5838768021076095,1.5838768021076095,6.083559529714964,14.893014313690854,30.607110221461543,-133.27364322041555,0.0205198992209721,-0.0207910562897922,2.8721759638419257,0.6392520796599881,9.518220820189274,3.2169171801004164,0.6875553615671978,4.898628048780488,0.0,0.0,0.1515450234523993,0.0,0.3028493090145289,1.2296561381671076,0.2444100819545384,1.543416523585942,0.0,9.658918739110804,0.0144341900751179,0.0103760263398286,-34.16738297666094,559878000.0,-388023000.0,-2945095000.0,4580694000.0,471750500.0,246271000.0,116878500.0,57.41332920983455,51.31478600890868,24.30476882821337,1.5675802333473383,1.7538804504490235,3.702977001596763,0.0325009923576838,1.991555984067552,2004-07-21,0.35,bmo,642500000.0,2025-04-24,2004-06-30,0.2,17.258387096774193,628909.6774193548
2004-03-31,URI,USD,1067701,2004-05-10,2004-05-10 16:04:21,2004,Q1,644713000.0,389859000.0,254854000.0,0.3952983731,0,114772000.0,0.0,114772000.0,16437000.0,131209000.0,521068000.0,0.0,464130000.0,105196000.0,238000000.0,0.3691565084,32887000.0,0.0510102945,-212887000.0,-177584000.0,-0.2754465941,-70981000.0,-106603000.0,-0.1653495431,-1.37,-1.37,77697842,77697842,https://www.sec.gov/Archives/edgar/data/1047166/000119312504083639/0001193125-04-083639-index.html,https://www.sec.gov/Archives/edgar/data/1047166/000119312504083639/d10q.htm,8.297695063396999,-1.3720200877651143,2.635620175911707,0.4494719428629691,1.6363903646127005,15.27604846476946,-3.612404061363763,15.27604846476946,44.6642906761812,1380690652.34,4259735652.34,-3.237926353714248,2.141558573101519,6.74224615610747,39.53528197291183,1.1632589436320682,1.1632589436320682,6.607181261026224,17.898048959411767,20.801318730845484,121.9750780958108,-0.0772099092720942,0.0252938628510393,2.532773170131669,0.6280706094179179,12.096827731092436,3.36644666116653,0.0708573029108224,-1.9856878278660703,0.0026269461547037,-0.0340234327364145,0.1780202974036509,0.0,0.3066179145146433,0.8294625504194705,0.263464518320555,1.61469067264915,0.0152796670766682,,0.0043423305153952,-0.0321209957228451,-39.62688243001652,567933000.0,-280676000.0,-2791544000.0,4546393000.0,465722500.0,195497000.0,110063500.0,62.6015762052262,55.40326117904165,26.34952636722507,1.4376634815863707,1.6244531113277831,3.415621166987909,-0.0898151174977841,2.186148233048738,2004-04-22,-0.1,bmo,803750000.0,2025-04-24,2004-03-31,-0.2,19.645967741935483,686869.3709677419
2003-12-31,URI,USD,1067701,2004-03-15,2004-03-15 14:21:33,2003,Q4,742195000.0,446119000.0,296076000.0,0.3989194214,0,115533000.0,0.0,115533000.0,305954000.0,421487000.0,867606000.0,0.0,689902000.0,104025000.0,-21386000.0,-0.0288145299,-209133000.0,-0.2817763526,-174425000.0,-383558000.0,-0.5167887146,-92696000.0,-290862000.0,-0.3918943135,-3.77,-3.77,77248551,77248551,https://www.sec.gov/Archives/edgar/data/1067701/000119312504042021/0001193125-04-042021-index.htm,https://www.sec.gov/Archives/edgar/data/1047166/000119312504042021/d10k.htm,9.607882483129035,-3.765274509809252,0.2050135542348231,-4.535813234865726,1.0284853110060277,14.76888543838188,-3.885626281844433,14.76888543838188,45.3987803602944,1487807092.2600002,4225446092.26,-1.2787912242403616,2.004604035677956,93.94500803561282,-4.246206579220002,1.3040929920105184,1.3040929920105184,5.693175098538794,-197.5800099251847,266.80849228136645,-12.059437739229706,-0.1954971188893692,-0.2355043216441186,2.469234578722472,0.5965700727699575,-128.01080145889836,5.32516777633359,-0.3031343582131955,-0.0519019575070543,0.0122092441247924,-0.0624522969655713,0.1556639427643678,0.0,0.3051653900211789,23.12445538927827,0.4934309716449181,3.5205191059841385,0.0,,-0.0346924131141236,-0.0886475204862261,-39.956393486267466,652218000.0,-300159000.0,-2778252000.0,4571345000.0,509188000.0,181551500.0,108701000.0,58.56951340281193,30.462724071380052,21.381806199691116,1.5366356107660455,2.954430463576159,4.209186032249238,-0.2549464227018735,4.740826789100549,2004-02-25,0.16,bmo,791680000.0,2025-04-24,2003-12-31,-0.0625,17.9721875,537109.390625
2003-09-30,URI,USD,1067701,2003-11-14,2003-11-14 14:44:25,2003,Q3,805134000.0,460853000.0,344281000.0,0.4276070816,0,127490000.0,0.0,127490000.0,17663000.0,145153000.0,606006000.0,0.0,142323000.0,117878000.0,317006000.0,0.393730733,113406000.0,0.1408535722,-56824000.0,56582000.0,0.0702765006,24698000.0,31884000.0,0.0396008615,0.43,0.34,74148838,93776471,https://www.sec.gov/Archives/edgar/data/1047166/000119312503081774/0001193125-03-081774-index.html,https://www.sec.gov/Archives/edgar/data/1047166/000119312503081774/d10q.htm,10.858349526664194,0.4299999954146281,1.9734226988155903,1.259763504318166,1.0296587520360063,19.279654793781123,-4.0833546171013495,19.279654793781123,36.38970040231784,1193054803.42,3672637803.42,9.354651262545476,1.4818089950492714,8.153346979163107,12.772238554972702,0.8345585111404596,0.8345585111404596,4.561523676083732,11.585388930871972,25.098838925283783,39.3173943198801,0.0267246734253964,0.0782948107096436,1.7879094605068395,0.5204650509279434,7.821880342958808,4.119913438282344,0.7968213148963976,4.589355162463932,0.0,0.0,0.1583463125392791,0.0,0.3527569509210199,0.3616352416163798,0.0657244632570479,0.4489132832250292,0.0,13.657622711904647,0.0136002707064677,0.0100310836489938,-39.7539405809704,661743000.0,-302776000.0,-2607450000.0,4698757000.0,511991500.0,214818000.0,110951500.0,59.84573996378242,41.421602984031786,21.758239612197382,1.5038664415289442,2.1727792629052867,4.136364044338734,0.0223033036646138,0.7136591944974242,2003-10-23,0.4,bmo,731909090.0,2025-04-24,2003-09-30,0.0999999999999999,15.69234375,356362.5
2003-06-30,URI,USD,1067701,2003-08-14,2003-08-14 12:09:45,2003,Q2,728056000.0,422567000.0,305489000.0,0.4195954707,0,111563000.0,0.0,111563000.0,16869000.0,128432000.0,550999000.0,0.0,137501000.0,107087000.0,288291000.0,0.3959736614,94634000.0,0.1299817596,-56580000.0,38054000.0,0.0522679574,14663000.0,23391000.0,0.0321280231,0.3,0.25,77970001,93564001,https://www.sec.gov/Archives/edgar/data/1047166/000119312503037410/0001193125-03-037410-index.html,https://www.sec.gov/Archives/edgar/data/1047166/000119312503037410/d10q.htm,9.33764256332381,0.2999999961523663,1.2503270328289466,-1.093882248379091,0.3899320201368216,17.85540569635237,-4.360228237011309,17.85540569635237,34.93025477837303,1083003313.89,3638611313.89,11.575000148454537,1.4875274894925667,11.109093569362384,-12.697893233556105,0.7779156764182372,0.7779156764182372,4.997708025055766,12.621314275818532,37.32368408306664,-42.66164044893892,0.0215982718612214,-0.0787532216255645,1.8575183201095256,0.5349899746698012,8.864681866586192,3.6022534512005078,0.6882422673289649,4.167756829549827,0.0,0.0,0.1532340918830419,0.0,0.3583451460934312,1.8748769079271297,0.2510493698286944,1.7068178210240272,0.0,10.978341719249071,0.0126011125872331,0.0075415841421355,-38.34125576066108,566076000.0,-339967000.0,-2657961000.0,4616223000.0,455436500.0,204595000.0,109134500.0,60.40006537958619,46.331043361171126,23.532173596139785,1.4900646122548389,1.942542051091099,3.8245510824704954,0.016801634264387,2.344209281208038,2003-07-24,0.33,bmo,961092000.0,2025-04-24,2003-06-30,-0.2424242424242424,11.725873015873017,394936.50793650793
2003-03-31,URI,USD,1067701,2003-05-15,2003-05-15 15:19:49,2003,Q1,591851000.0,357119000.0,234732000.0,0.3966065783,0,96761000.0,0.0,96761000.0,16978000.0,113739000.0,470858000.0,0.0,135187000.0,99335000.0,53653000.0,0.0906528839,40250000.0,0.0680069815,-54550000.0,-14300000.0,-0.0241614866,-5577000.0,-8723000.0,-0.0147385068,-0.11,-0.11,79300001,79300001,https://www.sec.gov/Archives/edgar/data/1047166/000119312503005677/0001193125-03-005677-index.html,https://www.sec.gov/Archives/edgar/data/1047166/000119312503005677/d10q.htm,7.4634425288342685,-0.1099999986128625,1.0422950688235175,-0.3622950773985488,0.4152332860626319,16.90167696214783,-4.809508136071776,16.90167696214783,33.65470323260147,762866009.6199999,3263569009.62,-21.86363663934426,1.2889494308871656,9.229632076124563,-26.552941511312213,0.5691742909028779,0.5691742909028779,5.514173347041738,60.82733509067526,39.48470745057711,-113.59446605012182,-0.0114345112903183,-0.0376606109561901,1.890341959989644,0.5399808102000053,46.60881963729894,3.7249356924088346,0.2977357290271993,-9.475409836065571,0.0048252248148185,-0.4219878482173564,0.1634887834944944,0.0,0.3669371510606392,1.3475935828877006,0.1881960155512113,1.1212966225398904,0.0,,0.0054556031338415,-0.0029366622912429,-37.17849890064944,522253000.0,-381394000.0,-2637863000.0,4500419000.0,444133000.0,199328500.0,99789500.0,64.21200606233664,48.30079049280492,27.16262646344776,1.4016070439012376,1.8633235415351384,3.313376198031193,-0.0065082298554879,1.4045901462220662,2003-04-24,-0.07,bmo,376663636.0,2025-04-24,2003-03-31,0.5714285714285713,10.027540983606556,394934.4262295082
2002-12-31,URI,USD,1067701,2003-03-28,2003-03-27 19:32:17,2002,Q4,694162000.0,403370000.0,290792000.0,0.4189108594,0,122979000.0,0.0,122979000.0,264511000.0,387490000.0,790860000.0,0.0,446524000.0,102290000.0,5592000.0,0.0080557564,-207692000.0,-0.2991981699,-56706000.0,-264398000.0,-0.3808880348,-55447000.0,-208951000.0,-0.3010118675,-2.63,-2.63,79300000,79300000,https://www.sec.gov/Archives/edgar/data/1047166/000095013003002528/0000950130-03-002528-index.html,https://www.sec.gov/Archives/edgar/data/1047166/000095013003002528/d10k.htm,8.75361916771753,-2.6349432534678434,2.0285245901639346,1.5675535939470366,0.2425094577553594,16.790731399747795,-4.785712484237075,16.790731399747795,37.31805800756621,853268000.0,3346835000.0,-1.0208948509459157,1.22920586260844,5.304347826086956,6.864199119920841,0.640829737777928,0.640829737777928,4.821403361175057,598.504113018598,20.805628426850344,26.923946358612145,-0.2448832019951527,0.1456834195118063,1.8871863042196613,0.5357142019593835,445.9168454935622,3.422164047179745,-0.4651306536714711,-0.7698551335001986,0.0416492825231931,-0.1700781522940785,0.1771618152534999,0.0,0.3647779997130405,0.2272444704156357,0.0526606181266044,0.3573663114673966,0.0,,-0.0366089305576556,-0.0701284927732254,-37.13016393442623,501480000.0,-379507000.0,-2650534000.0,4483519000.0,503769000.0,238245500.0,92494000.0,60.41817327943621,46.185883927907376,20.481989240647543,1.489618025751073,1.9486473429951687,4.394104446719972,-0.1569284381207731,0.4609709962168978,2003-02-24,0.11,bmo,848466666.0,2025-04-24,2002-12-31,-0.1818181818181818,8.3246875,590528.125
2002-09-30,URI,USD,1067701,2002-11-14,2002-11-14 13:04:52,2002,Q3,783103000.0,453150000.0,329953000.0,0.4213404878,0,110919000.0,0.0,110919000.0,14965000.0,125884000.0,579034000.0,0.0,137060000.0,111984000.0,316053000.0,0.4035905877,119863000.0,0.1530616024,-53075000.0,66788000.0,0.0852863544,26021000.0,40767000.0,0.0520582861,0.53,0.43,76918869,94806978,https://www.sec.gov/Archives/edgar/data/1047166/000095013002007920/0000950130-02-007920-index.html,https://www.sec.gov/Archives/edgar/data/1047166/000095013002007920/d10q.htm,10.180895925549816,0.5299999925895946,2.3476684245058257,0.13103416796209,0.3110550156425207,19.536558708371025,-5.989076620458369,19.536558708371025,35.679099753793835,649195254.36,3232605254.36,3.981132131135477,0.829003661536222,3.595056231919371,64.41068105566029,0.4320105769898784,0.4320105769898784,4.127943903113639,10.22804799941782,17.901236318307674,320.7267838436353,0.0627962076527955,0.0155253753509585,1.7350661795532132,0.5109397964342683,8.173977149402157,2.9865078982229463,0.8745294031810886,5.564183151537561,0.0,0.0,0.1416403717007852,0.0,0.3847531461761859,0.9441854025916492,0.2177248714409215,1.5225478639805687,0.0,15.263468129488578,0.0151366974198321,0.012984704822276,-40.60922294632283,535346000.0,-460673000.0,-2795453000.0,4833529000.0,520510000.0,261073000.0,100130500.0,62.23756006553417,53.52353525322741,18.508440913604765,1.446072113129642,1.6815032784026185,4.862646206674536,0.0271286259008604,2.216634256543736,2002-10-23,0.47,bmo,855946511.0,2025-04-24,2002-09-30,-0.0851063829787233,14.16234375,541284.375
2002-06-30,URI,USD,1067701,2002-08-14,2002-08-14 15:10:59,2002,Q2,744759000.0,410937000.0,333822000.0,0.4482282188,0,106525000.0,0.0,106525000.0,13854000.0,120379000.0,531316000.0,0.0,128801000.0,92214000.0,145180000.0,0.1949355429,132883000.0,0.1784241614,-49089000.0,83794000.0,0.1125115641,32680000.0,51114000.0,0.0686315976,0.67,0.51,76289553,97484376,https://www.sec.gov/Archives/edgar/data/1047166/000095013002005909/0000950130-02-005909-index.html,https://www.sec.gov/Archives/edgar/data/1047166/000095013002005909/d10q.htm,9.76226718748765,0.6699999933149431,1.7336711882425109,-1.3202462989919472,0.3139617294651077,22.326372786585864,-3.530784876928037,22.326372786585864,36.46470441372228,1369397476.35,3998520476.35,6.6977612608580825,1.8387122228130173,10.35375111597523,-13.595947978574475,0.8039819173307329,0.8039819173307329,5.368878357092697,27.54181344778895,30.23204479287167,-39.69897515264939,0.0373259049200525,-0.0735513258491335,1.5576371084074212,0.5294698625812093,18.10940212150434,3.0970018404543747,1.0316923005256171,2.3932145118972223,0.0065408328514479,0.175235747544704,0.1430328468672416,0.0,0.3936747602285776,1.7615321220919242,0.3128287137181289,2.526536100808988,0.0,18.3458460257244,0.0170355994446504,0.01682387137312,-37.4290566363654,529818000.0,-269362000.0,-2525072000.0,4758159000.0,460831500.0,221554500.0,105481000.0,60.35963311621611,55.334394323217424,23.44979887428,1.4910627409996755,1.626474837228632,3.83798600928356,0.0300093526037284,3.053917487234458,2002-07-24,0.52,bmo,759403921.0,2025-04-24,2002-06-30,-0.0192307692307692,24.63171875,461871.875
2002-03-31,URI,USD,1067701,2002-05-15,2002-05-15 12:56:01,2002,Q1,598965000.0,341707000.0,257258000.0,0.4295042281,0,98495000.0,0.0,98495000.0,13884000.0,112379000.0,454086000.0,0.0,422635000.0,89805000.0,239606000.0,0.4000333909,66829000.0,0.111574132,-54397000.0,12432000.0,0.0207558038,4848000.0,-280755000.0,-0.4687335654,-3.82,-2.88,73521000,97341000,https://www.sec.gov/Archives/edgar/data/1047166/000095013002003656/0000950130-02-003656-index.html,https://www.sec.gov/Archives/edgar/data/1047166/000095013002003656/d10q.txt,8.146856000326437,-3.818704859835965,0.601270385332082,-0.6340229322234464,0.4250486255627644,22.3416166809483,-3.3621958352035475,22.3416166809483,40.001400960269855,1991683890.0,4478741890.0,-1.7735070524122454,3.3252091357591844,45.05460548341854,-42.72716115330158,1.212535349919456,1.212535349919456,7.477468449742473,18.692110756825787,101.31524883499978,-96.08147530784744,-0.1409636345454398,-0.023404316434974,1.5331436315353062,0.5329005756230556,10.379781808468904,3.782855702689363,0.158124622901558,-0.1598232782463764,0.0193544769797781,-0.137301205677548,0.164441995776047,0.0,0.3998952950930473,2.054472243586843,0.1516282253554047,1.0113022660208228,0.0,,0.0089892834618104,-0.0990005966376716,-36.49641258960025,530006000.0,-247192000.0,-2362624000.0,4535208000.0,436227000.0,197613500.0,94827500.0,63.4365780972177,50.16244911576292,27.363179566119516,1.418739829599153,1.7941707708948091,3.2890914516175607,-0.1709233899394732,1.2352933175555283,2002-04-24,0.08,bmo,599000000.0,2025-04-24,2002-03-31,0.0,23.8085,623126.6833333333
2001-12-31,URI,USD,1067701,2002-03-29,2002-03-29 00:00:00,2001,Q4,704005000.0,698269000.0,5736000.0,0.0081476694,0,109080000.0,0.0,109080000.0,26474000.0,135554000.0,833823000.0,0.0,0.0,110076000.0,-19742000.0,-0.0280424145,110044000.0,0.1563113898,-55047000.0,54997000.0,0.0781201838,22823000.0,32174000.0,0.04570138,0.44,0.33,73496073,97484375,https://www.sec.gov/Archives/edgar/data/1047166/000095013002002206/0000950130-02-002206-index.html,https://www.sec.gov/Archives/edgar/data/1047166/000095013002002206/d10k.txt,9.578811101921051,0.4377648857511067,3.562584901645017,2.745480020408709,0.3718021777843831,25.83037327722258,-4.20797992839699,25.83037327722258,33.46467232337706,1668360857.1,4100556857.1,12.96357973130478,2.3698139318612794,6.371777972089399,8.268135200860334,0.8788103739877825,0.8788103739877825,5.824613258570607,-207.7072665940634,15.660783303671,20.32171778007949,0.0192847967291236,0.12094625640567,1.2955551189376913,0.4893690766874974,-123.19906797690204,3.3586507986892804,0.0,8.138123951016349,0.0,0.0,0.1549420813772629,0.0,0.4392644586924064,0.2293573076276753,0.0853033714249188,0.5455685162978305,0.0,15.950601372636868,0.0133531427970741,0.0114164948373129,-37.00279673445954,482988000.0,-309270000.0,-2439712000.0,4821131000.0,494792000.0,229293000.0,95414000.0,57.56290083167023,26.393223814890824,11.054135297428356,1.563507027958594,3.409966157647737,8.141749451984516,0.0169476794257995,0.8171048812363076,2002-02-26,0.33,bmo,683294117.0,2025-04-24,2001-12-31,0.0303030303030303,20.61265625,300700.0
2001-09-30,URI,USD,1067701,2001-11-14,2001-11-14 00:00:00,2001,Q3,795483000.0,408733000.0,386750000.0,0.4861826086,0,110956000.0,0.0,110956000.0,27051000.0,138007000.0,546740000.0,0.0,142233000.0,110840000.0,359583000.0,0.4520310302,167235000.0,0.2102307655,-61163000.0,106072000.0,0.1333428873,44020000.0,62052000.0,0.0780054382,0.85,0.63,73002354,94611112,https://www.sec.gov/Archives/edgar/data/1047166/000095013001505370/0000950130-01-505370-index.html,https://www.sec.gov/Archives/edgar/data/1047166/000095013001505370/d10q.txt,10.896676016776116,0.8499999876716304,1.8686931657025745,0.4638480561873388,0.4180139177429813,21.871226234704707,-8.489164609678204,21.871226234704707,38.91211508056302,1248340253.4,3916267253.4,5.029411837652292,1.569285897247333,9.15077997493018,36.86552044769949,0.781849166411445,0.781849166411445,4.923131296834753,10.891135713868564,28.70763789061641,115.6537491406296,0.049707601618224,0.027125617320897,1.6900643910284714,0.5083492739409591,7.419502590500663,3.336113595442314,1.175781991520955,2.1984625797718045,0.0,0.0,0.1394825533669481,0.0,0.4175352837830048,0.7517794442123165,0.1289241881976107,0.9252706604114038,0.0,20.452070693988546,0.0193557389732671,0.0200694337982305,-44.16383271695595,592936000.0,-619729000.0,-2864846000.0,5054433000.0,514933000.0,282913500.0,109817000.0,61.0170047631439,55.88775557637871,23.134319959484557,1.47499865569217,1.6103706271940366,3.890323992994746,0.0388638468895206,1.4048451095152357,2001-10-25,0.63,bmo,795500000.0,2025-04-24,2001-09-30,0.0,22.68050847457627,278803.3898305085
2001-06-30,URI,USD,1067701,2001-08-14,2001-08-14 00:00:00,2001,Q2,768013000.0,400397000.0,367616000.0,0.4786585644,0,112822000.0,0.0,112822000.0,27131000.0,139953000.0,540350000.0,0.0,227858000.0,112142000.0,339805000.0,0.4424469377,117188000.0,0.1525859588,-69539000.0,47649000.0,0.0620419186,22714000.0,13618000.0,0.0177314707,0.19,0.14,71673685,85300001,https://www.sec.gov/Archives/edgar/data/1067701/000095013001503898/0000950130-01-503898-index.htm,https://www.sec.gov/Archives/edgar/data/1067701/000095013001503898/d10q.txt,10.715411102415064,0.1899999979071817,3.347853539273165,0.2594257571659668,0.504159929826407,21.49694131116601,-9.330565325335233,21.49694131116601,41.683443512078384,1859932125.75,4583545125.75,34.144737218203844,2.4217456289802386,7.751235140840081,100.02861814294934,1.2071484786777995,1.2071484786777995,5.9680566940273145,13.488751271317373,19.101845468695952,246.50667558083256,0.0073217725590436,0.0099971390044688,1.7911543940834584,0.5192722149320952,8.015223436971205,2.6445768459107604,0.5143027675131002,25.10231195731771,0.0,0.0,0.1469011592251693,0.0,0.4157418951328084,0.922509824840698,0.288222985808834,1.973916998091705,0.0,9.586418679203296,0.0122585800537214,0.0043856527514995,-46.21702860680318,513131000.0,-668756000.0,-2948736000.0,5002632000.0,455567000.0,258939000.0,121199500.0,57.48594099318631,70.13354245910932,25.752690454723684,1.5656001875426813,1.28326613549392,3.4947804835471765,0.0088384666058743,3.088427782107199,2001-07-25,0.52,bmo,768000000.0,2025-04-24,2001-06-30,0.0,21.477777777777774,408644.4444444445
2001-03-31,URI,USD,1067701,2001-05-15,2001-05-15 00:00:00,2001,Q1,619104000.0,339736000.0,279368000.0,0.4512456712,0,108893000.0,0.0,108893000.0,26107000.0,135000000.0,474736000.0,0.0,139930000.0,100844000.0,246606000.0,0.39832726,67567000.0,0.1091367525,-61735000.0,5832000.0,0.0094200651,2420000.0,3412000.0,0.0055111904,0.05,0.04,68240001,85300001,https://www.sec.gov/Archives/edgar/data/1047166/000095013001501665/0000950130-01-501665-index.html,https://www.sec.gov/Archives/edgar/data/1047166/000095013001501665/d10q.txt,9.07245004290079,0.0499999992672919,0.857297760004429,-0.80372214531474,0.3839683413838168,26.31547440921052,-6.2445192519853565,26.31547440921052,42.366939590167945,1114359216.33,3839347216.33,81.6500011965123,1.7999547997267016,19.048224271477896,-20.31796696805601,0.6205474294730722,0.6205474294730722,6.201457616700909,15.568750218283416,65.62762326638405,-70.00231951883455,0.0030618493121428,-0.0492175226769589,1.532040887241559,0.5418394879369769,11.049966343073567,3.606346908638713,0.4828628600014293,7.830544773122742,0.0251723139082408,8.221277842907385,0.1758880575799865,0.0,0.4375960610536681,1.937506410037264,0.183083940662635,1.1239934949030186,0.0,5.441039264380171,0.008114304713545,0.0011948427058914,-42.14802473405591,536553000.0,-426126000.0,-2539315000.0,4871636000.0,445086500.0,233009500.0,130604500.0,61.14014769731742,54.53575717616031,33.86338215555608,1.4720278473247594,1.6502933975828702,2.657738071955503,0.0019000227200841,1.661019905319169,2001-04-27,0.03,bmo,464325000.0,2025-04-24,2001-03-31,0.3333333333333334,16.717741935483872,323674.1935483871
2000-12-31,URI,USD,1067701,2001-03-22,2001-03-22 00:00:00,2000,Q4,750920000.0,399242000.0,351678000.0,0.4683295158,0,118869000.0,0.0,118869000.0,105285000.0,224154000.0,623396000.0,0.0,64306000.0,105285000.0,232809000.0,0.3100316945,127524000.0,0.1698236829,-65346000.0,62178000.0,0.082802429,25804000.0,36374000.0,0.0484392479,0.53,0.43,68240000,85300000,https://www.sec.gov/Archives/edgar/data/1047166/000095013001500286/0000950130-01-500286-index.html,https://www.sec.gov/Archives/edgar/data/1047166/000095013001500286/d10k.txt,11.004103165298943,0.5330304806565065,3.225161195779602,0.7526817116060961,0.5038686987104337,27.05074736225088,-5.58418815943728,22.65449882766706,40.14761137162954,917145600.0,3558128600.0,6.303579479848243,1.2213625952165343,4.167233568848399,17.856153262075814,0.5932596479947837,0.5932596479947837,4.738359079529111,15.283466704465893,16.16706545198446,69.27415844090103,0.0396600060012281,0.0560031035421202,1.7305728607070248,0.522131534506794,11.343990137838311,2.851573100651535,1.9830808944733,6.050613075273547,0.0,0.0,0.1582978213391573,0.0,0.4346286339029023,0.7666219869595838,0.2246870505513237,1.6025264757562805,0.0,16.483313197920246,0.0153381329033593,0.0125560723871001,-41.3939111957796,481696000.0,-381065000.0,-2536139000.0,4863778000.0,509698500.0,270753500.0,137729000.0,56.28224045171256,58.646009187410144,30.067477870564723,1.599083463587695,1.5346312775076396,2.993267356425251,0.0235286811997596,2.472479484173505,2001-02-28,0.4,bmo,750900000.0,2025-04-24,2000-12-31,0.0,18.21126984126984,330882.5396825397
2000-09-30,URI,USD,1067701,2000-11-14,2000-11-14 00:00:00,2000,Q3,859033000.0,430827000.0,428206000.0,0.4984744474,0,124492000.0,0.0,124492000.0,109391000.0,233883000.0,664710000.0,0.0,64965000.0,109391000.0,303714000.0,0.3535533559,194323000.0,0.226211333,-65449000.0,128874000.0,0.1500221761,53483000.0,75391000.0,0.0877626354,1.07,0.79,70458879,91636843,https://www.sec.gov/Archives/edgar/data/1047166/000095013000006024/0000950130-00-006024-index.html,https://www.sec.gov/Archives/edgar/data/1047166/000095013000006024/0000950130-00-006024-0001.txt,12.191976542800234,1.069999992477882,0.4230978469015949,-2.5601173700194693,0.450120700898463,25.645951591140133,-5.502855076646905,21.388148965583177,40.68043716676219,1700172750.27,4469790750.27,5.637850506923903,1.9791704745568564,57.03172487571701,-9.42534911976184,1.128194872722688,1.128194872722688,5.203281771794565,14.717104744167212,149.9376320911744,-24.77944568096772,0.0443431410061285,-0.1060968657281172,1.8588990600437296,0.5320518883602556,9.119164740512456,3.0895746253803065,2.9911952589856075,0.3954185512859625,0.0,0.0,0.1449210915063798,0.0,0.4168371271473747,7.0508872563818725,0.2446867582502651,1.9214926273642257,0.0,22.691841765853223,0.0228096158236623,0.0245538098774117,-41.76987757639459,587906000.0,-387725000.0,-2588907000.0,4983798000.0,524347500.0,338295000.0,149168000.0,57.60229234499722,58.774589336322926,29.68017324819475,1.5624378186368573,1.5312739912991555,3.032327313166008,0.0500277043235334,2.983215216921064,2000-10-27,0.79,bmo,859000000.0,2025-04-24,2000-09-30,0.0,20.334126984126986,304246.0317460318
2000-06-30,URI,USD,1067701,2000-08-11,2000-08-11 00:00:00,2000,Q2,729946000.0,372616000.0,357330000.0,0.4895293624,0,109119000.0,0.0,109119000.0,106235000.0,215354000.0,587970000.0,0.0,61186000.0,106235000.0,248211000.0,0.3400402222,141976000.0,0.1945020591,-61294000.0,80682000.0,0.110531464,33483000.0,47199000.0,0.0646609475,0.66,0.51,71513637,91636843,https://www.sec.gov/Archives/edgar/data/1047166/000095013000004399/0000950130-00-004399-index.html,https://www.sec.gov/Archives/edgar/data/1047166/000095013000004399/0000950130-00-004399-0001.txt,10.207088194941058,0.6599999941269943,2.366807326552277,-2.655871075330709,0.4641352529728001,24.214892049190563,-5.633345147863197,20.01988795507632,37.40275438655148,1225028601.81,3805457601.81,6.488636421375452,1.6782455165313597,7.237598011390827,-6.449861274936687,0.8556491444127414,0.8556491444127414,5.213341263340028,15.331542928435889,22.48304433920796,-20.03600045179565,0.0385288963296552,-0.1550420942983484,1.8255431499027377,0.5144293356207174,10.39611056721902,1.976401560578689,2.320400091524205,3.586071738808025,0.0,0.0,0.1494891402925696,0.0,0.4201367470360913,2.122132353375596,0.4920774961435503,3.381089094931049,0.0,17.242254304104286,0.0177266180938333,0.0160210260055273,-40.04043312746071,385911000.0,-402861000.0,-2567778000.0,4685384000.0,450971000.0,354219000.0,151027500.0,61.51178306340469,95.46401657470425,37.74185756918651,1.463134305621257,0.942763600665928,2.384620307440259,0.0329672171796367,5.022678401882986,2000-07-27,0.51,bmo,729900000.0,2025-04-24,2000-06-30,0.0,15.767777777777775,336507.9365079365
2000-03-31,URI,USD,1067701,2000-05-15,2000-05-15 00:00:00,2000,Q1,578962000.0,299475000.0,279487000.0,0.4827380726,0,101850000.0,0.0,101850000.0,93521000.0,195371000.0,494846000.0,0.0,54150000.0,93521000.0,177637000.0,0.3068197913,84116000.0,0.1452876009,-54354000.0,29762000.0,0.0514057917,12351000.0,17411000.0,0.0300727854,0.24,0.19,72545834,91636843,https://www.sec.gov/Archives/edgar/data/1047166/000095013000002916/0000950130-00-002916-index.html,https://www.sec.gov/Archives/edgar/data/1047166/000095013000002916/0000950130-00-002916.txt,7.980637454660732,0.2399999977944977,1.2897501460938474,-1.796133462329484,0.481102746713202,23.63034381822669,-4.12868642464018,19.495027102452223,35.06605217330605,1251415636.5,3706259636.5,17.968750165125495,2.161481472877322,13.37468350148558,-9.603963381222083,0.8848410371191622,0.8848410371191622,6.401559405453208,20.86423231928033,39.611179664621766,-28.443612811008272,0.0139130433504056,-0.1041236789756222,1.760429843249194,0.5225638379995978,13.819440769659474,2.184699872286079,1.5533887349953832,5.373958991442192,0.0,0.0,0.1759182813379807,0.0,0.4226696627251399,2.392621251309236,0.3866713186703099,2.393772521679623,0.0,10.260270239414975,0.0110549073382382,0.0063297075632207,-36.39231716600019,371048000.0,-299519000.0,-2365951000.0,4451282000.0,419025000.0,278050000.0,137648500.0,62.654371098621326,94.12471825694966,43.81577761081893,1.4364520530951497,0.9561781609195402,2.054054610177164,0.0123108317076568,3.085883608423331,2000-04-27,0.19,bmo,579000000.0,2025-04-24,2000-03-31,0.0,16.843174603174603,334365.0793650793
1999-12-31,URI,USD,1067701,2000-03-30,2000-03-30 00:00:00,1999,Q4,669000000.0,342400000.0,326600000.0,0.4881913303,0,104400000.0,0.0,104400000.0,96400000.0,200800000.0,543200000.0,0.0,69600000.0,96400000.0,222200000.0,0.3321375187,125800000.0,0.1880418535,-50600000.0,75200000.0,0.112406577,30800000.0,44400000.0,0.066367713,0.61,0.48,72545833,91636842,https://www.sec.gov/Archives/edgar/data/1047166/000095013000001778/0000950130-00-001778-index.html,https://www.sec.gov/Archives/edgar/data/1047166/000095013000001778/0000950130-00-001778.txt,9.22175640329335,0.6120268823710384,0.7760611143578708,-2.8740451570802144,0.3280684639736647,23.39900073929815,-2.28683017534584,19.263683966520865,32.19619795391969,1242710119.29,3485010119.29,6.997241662668919,1.8575637059641257,22.07300389502664,-5.96024038028777,0.8892380102254024,0.8892380102254024,5.209282689521674,15.68411394819982,61.90071259840142,-16.714676831127097,0.0357283644116192,-0.167778468014023,1.6215384615384616,0.5038352935945039,10.091359135913592,2.7575133799917664,1.807471264367816,1.268018018018018,0.0,0.0,0.1560538116591928,0.0,0.414300642550637,4.703374777975133,0.3958146487294469,2.7468879668049797,0.0,16.28719067005545,0.0174568797393282,0.0168545723721671,-32.88128209927647,426900000.0,-165900000.0,-2130400000.0,4254900000.0,445400000.0,298200000.0,144900000.0,58.52017937219731,63.8463785046729,34.03913551401869,1.5379310344827586,1.4096335940716345,2.644015444015444,0.0317710196779964,3.650106271438085,2000-02-29,0.47,bmo,655062500.0,2025-04-24,1999-12-31,0.0212765957446808,17.76484375,398607.8125
1999-09-30,URI,USD,1067701,1999-11-15,1999-11-15 00:00:00,1999,Q3,668600000.0,333700000.0,334900000.0,0.5008973975,0,98300000.0,0.0,98300000.0,94600000.0,192900000.0,526600000.0,0.0,46300000.0,94600000.0,236600000.0,0.3538737661,142000000.0,0.2123840862,-46700000.0,95300000.0,0.1425366437,39100000.0,56200000.0,0.0840562369,0.78,0.6,71936000,98999000,https://www.sec.gov/Archives/edgar/data/1067701/000095013099006490/0000950130-99-006490-index.html,https://www.sec.gov/Archives/edgar/data/1047166/000095013099006490/,9.294372775800712,0.78125,2.6634786476868326,-4.741714857651245,0.4323287366548042,22.981539145907472,-0.4823732206405694,18.811165480427047,31.42932606761566,1564608000.0,3748108000.0,6.96,2.340125635656596,8.166012526096035,-4.586948109058927,1.156228199822643,1.156228199822643,5.605904875860006,15.84153846153846,19.5621503131524,-10.988296687188509,0.035919540229885,-0.2180098785127009,1.6365651788353532,0.4893062306672558,9.22865595942519,2.206223479490806,3.0669546436285096,3.409252669039146,0.0,0.0,0.1470236314687406,0.0,0.3729341581970835,2.7802713987473906,0.7967394555788214,5.63107822410148,0.0,18.184196936093485,0.020069447369695,0.0198019801980198,-33.63684386120996,426400000.0,-34700000.0,-2092900000.0,4172500000.0,405700000.0,301350000.0,154800000.0,61.35507029614119,95.34012586155228,43.23344321246629,1.466871434839842,0.943988684582744,2.081721771678104,0.0415311853384569,7.405193505338079,1999-10-28,0.59,bmo,657456666.0,2025-04-24,1999-09-30,0.0169491525423729,26.338125,193848.4375
1999-06-30,URI,USD,1067701,1999-08-16,1999-08-16 00:00:00,1999,Q2,503700000.0,253700000.0,250000000.0,0.4963271789,0,84600000.0,0.0,84600000.0,80300000.0,164900000.0,418600000.0,0.0,50600000.0,80300000.0,165362000.0,0.3282946198,85100000.0,0.1689497717,-41162000.0,43900000.0,0.0871550526,18000000.0,25900000.0,0.0514194957,0.36,0.28,71944445,92500001,https://www.sec.gov/Archives/edgar/data/1067701/000095013099004864/0000950130-99-004864-index.html,https://www.sec.gov/Archives/edgar/data/1047166/000095013099004864/,7.001235467171927,0.3599999972200772,1.071660223384863,-9.301621549794428,0.2752123530871633,20.03907320433148,0.8339768275368584,15.86918906664719,27.778378163873526,2122361127.5,4050461127.5,20.48611126930502,4.213542043875322,27.52738167963684,-3.171490029139271,1.858948171586231,1.858948171586231,8.041415778241017,24.49450978761747,52.53516378080415,-6.052691463687986,0.0122033897362738,-0.3153092050777772,1.7061399667163002,0.5004881808838644,11.659873489677192,2.5646067415730336,1.681818181818182,2.976833976833977,0.0,0.0,0.1679571173317451,0.0,0.3550102774922918,9.679636835278858,1.4816358943815764,9.293897882938978,0.0,11.337567219084177,0.0137825468055937,0.010317491933235,-29.0383781541438,389900000.0,60000000.0,-1811200000.0,3642700000.0,308000000.0,223400000.0,124050000.0,63.53782013103037,88.40362633031138,52.96413086322428,1.4164791901012372,1.0180577849117174,1.6992632283991962,0.0226854690374003,10.373281773179292,1999-07-27,0.38,bmo,478515000.0,2025-04-24,1999-06-30,0.0526315789473684,28.6,236082.53968253967
1999-03-31,URI,USD,1067701,1999-05-17,1999-05-17 00:00:00,1999,Q1,392300000.0,198300000.0,194000000.0,0.4945195004,0,65300000.0,0.0,65300000.0,72200000.0,137500000.0,335800000.0,0.0,28800000.0,72200000.0,128709000.0,0.3280881978,56500000.0,0.1440224318,-29009000.0,27500000.0,0.0700994137,11300000.0,16200000.0,0.0412949274,0.24,0.18,67500001,90000001,https://www.sec.gov/Archives/edgar/data/1067701/000095013099003085/0000950130-99-003085-index.html,https://www.sec.gov/Archives/edgar/data/1047166/,5.811851765750344,0.2399999964444445,1.4281481269903982,-2.791111069761317,1.6414814571632377,20.964444133860088,5.481481400274349,16.519999755259263,19.100740457766808,1923750028.5,3073450028.5,29.687500439814816,4.903772695641091,19.95591315871369,-10.210987412420382,1.7251816236212,1.7251816236212,7.834438002803976,23.879060737788343,31.88226170643153,-16.313429026008492,0.0084210525068226,-0.0979337217460111,1.1303918931037575,0.4127914592611999,8.932553279102471,2.875506072874494,1.961805555555556,5.950617283950617,0.0,0.0,0.1664542442008666,0.0,0.3422517684045061,2.954356846473029,0.7259750191180219,3.9445983379501386,0.0,9.444998536622442,0.0116539343009931,0.0080657206870799,-19.00740712581619,370600000.0,370000000.0,-1070300000.0,2856000000.0,246850000.0,159750000.0,84900000.0,59.73999490186082,89.6822995461422,44.8411497730711,1.5065284178187404,1.0035425101214577,2.007085020242915,0.0145278450363196,4.219259196751716,1999-04-27,0.16,bmo,348711111.0,2025-04-24,1999-03-31,0.1249999999999999,31.565737704918032,292178.68852459016
1998-12-31,URI,USD,1067701,1999-03-29,1999-03-29 00:00:00,1998,Q4,416000000.0,209900000.0,206100000.0,0.4954326923,0,0.0,0.0,66800000.0,68200000.0,135000000.0,344900000.0,0.0,47000000.0,68200000.0,139300000.0,0.3348557692,71100000.0,0.1709134615,-34500000.0,36600000.0,0.0879807692,18300000.0,18300000.0,0.0439903846,0.27,0.2,67500000,90000000,https://www.sec.gov/Archives/edgar/data/1067701/000095013099001716/0000950130-99-001716-index.html,https://www.sec.gov/Archives/edgar/data/1047166/,6.162962962962963,0.2711111111111111,0.1185185185185185,-2.100740740740741,0.3022222222222222,15.202962962962962,1.5422222222222222,10.75851851851852,20.17185185185185,2236275000.0,3530475000.0,30.550204918032787,5.375661057692308,279.534375,-15.770627644569815,3.0794202698981,3.0794202698981,8.48671875,25.34440057430007,441.309375,-24.89756699576869,0.0081832511654425,-0.0634090172273088,1.8102451115395208,0.4989562379018484,9.290739411342429,3.150943396226415,1.5127659574468084,0.4371584699453552,0.0,0.0,0.0,0.0,0.3499829202565757,18.725,0.3600961538461538,2.196480938416422,0.0,8.10104702880825,0.014147564469914,0.0106855074156253,-20.40925925925925,262200000.0,104100000.0,-1224400000.0,2512800000.0,232850000.0,129600000.0,72950000.0,50.47355769230769,52.26774654597427,30.44306812767985,1.7831118731247322,1.7219031993437244,2.956338028169014,0.0251996695125309,2.219259259259259,1999-02-17,0.29,bmo,365575757.0,2025-04-24,1998-12-31,0.1379310344827587,24.16921875,247253.125
1998-09-30,URI,USD,1067701,1998-11-16,1998-11-16 00:00:00,1998,Q3,379100000.0,125800000.0,253300000.0,0.668161435,0,0.0,0.0,60400000.0,125800000.0,186200000.0,312000000.0,0.0,132100000.0,125800000.0,192900000.0,0.5088367185,67100000.0,0.1769981535,-68900000.0,-1800000.0,-0.0047480876,8400000.0,-31500000.0,-0.0830915326,-0.46,-0.41,68478261,76829269,https://www.sec.gov/Archives/edgar/data/1067701/000095013098005541/0000950130-98-005541-index.html,https://www.sec.gov/Archives/edgar/data/1047166/,5.536063481518609,-0.4599999991238095,2.6183492013618745,-10.267492043934936,0.3183492057428269,14.719999971961904,2.758539677285321,10.339047599354195,19.971301549261018,1639369568.3400002,2853069568.34,-13.01086959,4.324372377578476,9.143165467596209,-2.3316307329540606,2.315493740593221,2.315493740593221,7.525902316908468,14.790407300881286,15.9122675311768,-4.057843220509174,-0.0192147033886303,-0.4288843794459037,1.7450564971751412,0.4831834180680485,6.291861067910834,1.2497437649470449,0.5079485238455715,21.602409638554217,0.0,0.0,0.0,0.0,0.320336331638639,4.921360847741216,2.327618042732788,7.014308426073132,0.0,,0.1679253338044134,-0.018125323666494,-19.20974599515604,73100000.0,188900000.0,-1183200000.0,2264300000.0,149800000.0,96600000.0,54100000.0,55.17277763123187,98.22734499205087,53.58505564387917,1.6312392426850255,0.9162418062636564,1.6795727636849132,-0.0444915254237288,12.88584124529681,1998-10-29,0.25,bmo,296171875.0,2025-04-24,1998-09-30,0.28,31.6865625,287757.8125
1998-06-30,URI,USD,1067701,1998-08-14,1998-08-14 00:00:00,1998,Q2,88200000.0,45100000.0,43100000.0,0.4886621315,0,0.0,0.0,17300000.0,12700000.0,30000000.0,75100000.0,0.0,3500000.0,12700000.0,83000000.0,0.9410430839,13100000.0,0.1485260771,19100000.0,9500000.0,0.1077097506,3900000.0,5600000.0,0.0634920635,0.31,0.28,26000000,28888889,https://www.sec.gov/Archives/edgar/data/1067701/000095013098004075/0000950130-98-004075-index.html,https://www.sec.gov/Archives/edgar/data/1047166/,3.392307692307692,0.2153846153846154,0.8153846153846154,-10.234615384615385,0.2115384615384615,16.092307692307692,-0.4076923076923077,16.092307692307692,15.103846153846154,1092000000.0,1475700000.0,48.75,12.38095238095238,51.50943396226416,-4.1037204058624575,2.609942638623327,2.609942638623327,16.731292517006803,17.779518072289157,69.60849056603773,-5.545659526493799,0.0051282051282051,-0.2436813186813186,0.9302103250478012,0.4376968061178587,4.62289156626506,2.305903398926654,3.742857142857143,3.7857142857142856,0.0,0.0,0.0,0.0,0.4824561403508772,13.55188679245283,3.257369614512472,22.62204724409449,0.0,8.830956846037017,0.0092668969916691,0.0121686223381138,-15.317307692307692,73000000.0,-10600000.0,-341900000.0,534300000.0,49300000.0,42000000.0,24100000.0,68.57142857142857,111.5521064301552,66.45232815964523,1.3125,0.8067978533094812,1.3543543543543544,0.0133843212237093,11.05,1998-07-28,0.15,bmo,94079999.0,2025-04-24,1998-06-30,-0.0666666666666665,33.577777777777776,171053.96825396825
1998-03-31,URI,USD,1067701,1998-03-31,1998-03-31 00:00:00,1998,Q1,39200000.0,20400000.0,18800000.0,0.4795918367,0,0.0,0.0,7800000.0,5700000.0,13500000.0,33900000.0,0.0,500000.0,5700000.0,51000000.0,1.3010204082,5300000.0,0.1352040816,6000000.0,4400000.0,0.112244898,1800000.0,2600000.0,0.0663265306,0.11,0.11,33314000,33314000,,,1.1766824758359848,0.0780452662544275,0.2281323167437113,-4.466590622561085,1.6449540733625505,11.54469592363571,5.952452422404995,11.54469592363571,0.8104700726421324,866164000.0,837864000.0,83.28500000000001,22.096020408163263,113.96894736842106,-5.820994623655914,2.2521164846593864,2.2521164846593864,21.374081632653063,16.42870588235294,110.24526315789474,-5.630806451612903,0.0030017410097856,-0.1717919470215802,0.0689027561102444,0.0588758053765829,-0.5549019607843138,3.9537366548042714,10.6,2.923076923076923,0.0,0.0,0.0,0.0,0.4139080204399022,20.57894736842105,3.989795918367347,27.43859649122807,0.0,4.50252146154768,0.0074213700990952,0.0098559514783927,0.6093534249864921,83000000.0,198300000.0,45600000.0,281200000.0,19450000.0,16900000.0,9350000.0,72.09183673469387,123.97058823529412,65.73529411764706,1.248407643312102,0.7259786476868327,1.3691275167785235,0.0067602704108164,4.694722939304797,1998-03-31,,amc,,2025-04-24,1998-03-31,,23.78327868852459,163590.16393442624
1997-12-31,URI,USD,1067701,1997-12-31,1997-12-31 00:00:00,1997,Q4,10600000.0,5800000.0,4800000.0,0.4528301887,0,0.0,0.0,3300000.0,1300000.0,4600000.0,10400000.0,0.0,0.0,1300000.0,1500000.0,0.141509434,200000.0,0.0188679245,300000.0,500000.0,0.0471698113,500000.0,0.0,0.0,0.0,0.0,23899000,23899000,,,0.4435332022260345,0.0,0.0460270304196828,-0.066948407883175,2.8704129879911293,6.598602451985439,4.485543328172727,6.598602451985439,0.0460270304196828,461489690.0,393989690.0,0.0,43.53676320754717,419.5360818181818,-288.43105625,2.9263772352568163,2.9263772352568163,37.16883867924528,262.6597933333333,358.1724454545454,-246.24355624999995,0.0,-0.0034670330338257,0.0069752694990488,0.0065050266114725,-45.0,7.271929824561403,0.0,0.0,0.0,0.0,0.0,0.0,0.2986398580721466,2.4545454545454546,0.2547169811320754,2.076923076923077,0.0,0.0,0.0,0.0,2.708272312649065,71500000.0,107200000.0,71500000.0,124300000.0,,,,63.67924528301887,88.44827586206897,58.96551724137931,1.413333333333333,1.0175438596491229,1.5263157894736843,0.0,0.1129754383028578,1998-04-28,0.07,bmo,28000000.0,2025-04-24,1997-12-31,0.2857142857142855,16.59,293500.0
