date,symbol,reportedCurrency,cik,fillingDate,acceptedDate,calendarYear,period,revenue,costOfRevenue,grossProfit,grossProfitRatio,researchAndDevelopmentExpenses,generalAndAdministrativeExpenses,sellingAndMarketingExpenses,sellingGeneralAndAdministrativeExpenses,otherExpenses,operatingExpenses,costAndExpenses,interestIncome,interestExpense,depreciationAndAmortization,ebitda,ebitdaratio,operatingIncome,operatingIncomeRatio,totalOtherIncomeExpensesNet,incomeBeforeTax,incomeBeforeTaxRatio,incomeTaxExpense,netIncome,netIncomeRatio,eps,epsdiluted,weightedAverageShsOut,weightedAverageShsOutDil,link,finalLink,revenuePerShare,netIncomePerShare,operatingCashFlowPerShare,freeCashFlowPerShare,cashPerShare,bookValuePerShare,tangibleBookValuePerShare,shareholdersEquityPerShare,interestDebtPerShare,marketCap,enterpriseValue,peRatio,priceToSalesRatio,pocfratio,pfcfRatio,pbRatio,ptbRatio,evToSales,enterpriseValueOverEBITDA,evToOperatingCashFlow,evToFreeCashFlow,earningsYield,freeCashFlowYield,debtToEquity,debtToAssets,netDebtToEBITDA,currentRatio,interestCoverage,incomeQuality,dividendYield,payoutRatio,salesGeneralAndAdministrativeToRevenue,researchAndDdevelopementToRevenue,intangiblesToTotalAssets,capexToOperatingCashFlow,capexToRevenue,capexToDepreciation,stockBasedCompensationToRevenue,grahamNumber,roic,returnOnTangibleAssets,grahamNetNet,workingCapital,tangibleAssetValue,netCurrentAssetValue,investedCapital,averageReceivables,averagePayables,averageInventory,daysSalesOutstanding,daysPayablesOutstanding,daysOfInventoryOnHand,receivablesTurnover,payablesTurnover,inventoryTurnover,roe,capexPerShare,report_date,epsEstimated,time,revenueEstimated,updatedFromDate,fiscalDateEnding,surprise(%),QuarterAvgPrice,QuarterAvgVolume
2025-03-31,V,USD,1403161,2025-04-30,2025-04-29 18:07:21,2025,Q2,9594000000.0,1881000000.0,7713000000.0,0.8039399625,0,592000000.0,381000000.0,973000000.0,1305000000.0,2278000000.0,4159000000.0,0.0,0.0,305000000.0,5901000000.0,0.6150719199,5435000000.0,0.5664998958,3000000.0,5438000000.0,0.5668125912,861000000.0,4577000000.0,0.4770690015,2.65,2.26,1949986500,2202986500,https://www.sec.gov/Archives/edgar/data/1403161/000140316125000037/0001403161-25-000037-index.htm,https://www.sec.gov/Archives/edgar/data/1403161/000140316125000037/v-20250331.htm,4.920034061774274,2.347195736996128,2.40770897644676,2.240015507799669,7.051843692251203,19.502699121250327,-4.112336162327278,19.502699121250327,10.647253198932402,683392268790.0,692420268790.0,37.32752178228097,71.23121417448405,145.55745874121405,156.45427399038462,17.969820373126478,17.969820373126478,72.17221896914738,117.33947954414506,147.4803554398296,158.52112380723443,0.0066974711436287,0.0063916438617807,0.5459374178280305,0.2236007452640194,1.5299101847144552,1.0840327836476746,0.0,1.0257810793095914,0.0017032677323976,0.2543150535285121,0.0617052324369397,0.0,0.4959344339978245,0.0696485623003194,0.0340838023764853,1.0721311475409836,0.0269960391911611,32.0932185257202,0.0688719510810816,0.0977907871122126,-18.384614457587272,2553000000.0,-8019000000.0,-21889000000.0,52625000000.0,6618000000.0,413000000.0,0.0,65.31894934333958,20.14354066985646,0.0,1.3778543731150366,4.467933491686461,0.0,0.1203523534052064,0.1676934686470906,2025-04-29,2.68,amc,9551392546.0,2025-05-11,2025-03-31,0.0298507462686565,336.0496428571428,6793530.071428572
2024-12-31,V,USD,1403161,2025-01-30,2025-01-30 16:05:52,2025,Q1,9510000000.0,2020000000.0,7490000000.0,0.7875920084,0,624000000.0,306000000.0,930000000.0,326000000.0,1256000000.0,3276000000.0,0.0,182000000.0,282000000.0,6664000000.0,0.7007360673,6234000000.0,0.6555205047,-34000000.0,6200000000.0,0.6519453207,1081000000.0,5119000000.0,0.5382754995,2.96,2.52,1729000000,2029000000,https://www.sec.gov/Archives/edgar/data/1403161/000140316125000017/0001403161-25-000017-index.htm,https://www.sec.gov/Archives/edgar/data/1403161/000140316125000017/v-20241231.htm,5.500289184499711,2.960670908039329,3.120879120879121,2.9213418160786584,8.290341237709658,22.14921920185078,-4.130133024869867,22.14921920185078,12.02486986697513,546433160000.00006,554675160000.0,26.686518851338157,57.45879705573082,101.26633802816902,108.18316372995449,14.2686745351995,14.2686745351995,58.32546372239748,83.23456782713085,102.7937657524092,109.81491981785786,0.0093680259082373,0.0092435825087921,0.5381501984541467,0.2242839108479888,1.2367947178871548,1.1213777456945446,34.252747252747255,1.05411213127564,0.0021411584904547,0.22856026567689,0.0656151419558359,0.0,0.4944824133728017,0.0639362490733877,0.0362776025236593,1.2234042553191489,0.0235541535226077,38.4118777313851,0.077137426722475,0.1102021485005704,-19.984528629265476,3531000000.0,-7141000000.0,-20970000000.0,52942000000.0,6644000000.0,442000000.0,0.0,59.36593059936908,18.044554455445542,0.0,1.516021042563367,4.987654320987654,0.0,0.1336693127219552,0.1995373048004627,2025-01-30,2.66,amc,9348406752.0,2025-04-30,2024-12-31,0.0338345864661653,338.388,6605063.033333333
2024-09-30,V,USD,1403161,2024-11-13,2024-11-13 17:14:01,2024,Q4,9617000000.0,1817000000.0,7800000000.0,0.8110637413,0,616000000.0,551000000.0,1167000000.0,284000000.0,1451000000.0,3268000000.0,0.0,176000000.0,274000000.0,6822000000.0,0.709368826,6349000000.0,0.6601850889,23000000.0,6372000000.0,0.6625766871,1054000000.0,5318000000.0,0.5529790995,3.28,2.62,1621000000,2029000000,https://www.sec.gov/Archives/edgar/data/1403161/000140316124000058/0001403161-24-000058-index.htm,https://www.sec.gov/Archives/edgar/data/1403161/000140316124000058/v-20240930.htm,5.932757557063541,3.280690931523751,4.111042566317089,3.92041949413942,9.361505243676742,24.14373843306601,-4.128932757557063,24.14373843306601,12.962368908081432,445693950000.0,454554950000.0,20.952141312523505,46.34438494332952,66.88084483793516,70.13280094413847,11.388045838975904,11.388045838975904,47.26577414994281,66.63074611550864,68.21052671068428,71.52713611329662,0.0119319546518412,0.0142586633720291,0.5323862329764673,0.2204611103469437,1.2988859571973028,1.2834408115548517,36.07386363636363,1.2531026701767582,0.002335683488636,0.1957502820609251,0.0640532390558386,0.0,0.4849170995968723,0.0463685474189675,0.0321306020588541,1.1277372262773722,0.0195487158157429,42.21591209407804,0.0779304711739178,0.1092417986483433,-21.55320789636027,7516000000.0,-6693000000.0,-21341000000.0,57170000000.0,5832000000.0,405000000.0,0.0,65.64937090568785,23.72592184920198,0.0,1.370919458303635,3.793319415448852,0.0,0.1358816465237499,0.1906230721776681,2024-10-29,2.58,amc,9485071952.0,2025-04-25,2024-09-30,0.0503875968992247,300.7,5896578.953125
2024-06-30,V,USD,1403161,2024-07-24,2024-07-23 18:12:59,2024,Q3,8900000000.0,1773000000.0,7127000000.0,0.8007865169,0,534000000.0,378000000.0,912000000.0,277000000.0,1189000000.0,2962000000.0,0.0,196000000.0,264000000.0,6449000000.0,0.7246067416,5938000000.0,0.6671910112,51000000.0,5989000000.0,0.6729213483,1117000000.0,4872000000.0,0.5474157303,2.4,2.4,1610000000,2029000000,https://www.sec.gov/Archives/edgar/data/1403161/000140316124000041/0001403161-24-000041-index.htm,https://www.sec.gov/Archives/edgar/data/1403161/000140316124000041/v-20240630.htm,5.527950310559007,3.026086956521739,3.1888198757763977,2.9403726708074536,10.337888198757764,24.67639751552795,-3.31055900621118,24.67639751552795,12.918012422360247,423816400000.0,431471400000.0,21.74755747126437,47.6198202247191,82.55091546552396,89.5260667511618,10.667683556092529,10.667683556092529,48.47993258426966,66.90516359125446,84.0419555901831,91.14309252217996,0.0114955438251091,0.0111699311305555,0.5185632661280173,0.2262961335676625,1.187005737323616,1.372678223951884,30.29591836734694,1.053776683087028,0.0024916449670187,0.2167487684729064,0.06,0.0,0.4949362917398945,0.077911959485781,0.0449438202247191,1.5151515151515151,0.0228089887640449,40.98952066995786,0.0705926220049397,0.1059568082468845,-19.366614906832297,8427000000.0,-5330000000.0,-20272000000.0,57252000000.0,5239500000.0,334500000.0,0.0,47.0123595505618,16.80203045685279,0.0,1.9143901914390191,5.356495468277946,0.0,0.1226308238314581,0.2484472049689441,2024-07-23,2.42,amc,8918546662.0,2025-04-25,2024-06-30,0.0,270.35609375,8133650.875
2024-03-31,V,USD,1403161,2024-04-24,2024-04-23 18:06:59,2024,Q2,8775000000.0,1792000000.0,6983000000.0,0.7957834758,0,612000000.0,338000000.0,950000000.0,679000000.0,1629000000.0,3421000000.0,0.0,82000000.0,249000000.0,5844000000.0,0.665982906,5354000000.0,0.6101424501,159000000.0,5513000000.0,0.6282621083,850000000.0,4663000000.0,0.5313960114,2.29,2.29,1579000000,2039000000,https://www.sec.gov/Archives/edgar/data/1403161/000140316124000030/0001403161-24-000030-index.htm,https://www.sec.gov/Archives/edgar/data/1403161/000140316124000030/v-20240331.htm,5.557314756174794,2.9531348955034837,2.8739708676377456,2.696010132995567,11.211526282457251,25.639645345155163,-2.993666877770741,25.639645345155163,13.100063331222293,439404120000.0,447014120000.0,23.55801629852026,50.074543589743584,96.82770383428822,103.21919661733614,10.853504260837346,10.853504260837346,50.94178005698005,76.49112251882272,98.50465403261347,105.00684049800329,0.0106120989489129,0.0096881203571782,0.5089045325429171,0.2229786036645418,1.3021902806297057,1.3980719191229791,65.29268292682927,0.98802525582408,0.0024123578996027,0.2273214668668239,0.0697435897435897,0.0,0.4893126548988625,0.0619215513442044,0.032022792022792,1.1285140562248996,0.0267806267806267,41.275173603329655,0.0656725271657232,0.0988195901413525,-18.897086763774546,9332000000.0,-4727000000.0,-19139000000.0,58174000000.0,5430500000.0,343000000.0,0.0,59.79487179487179,16.975446428571427,0.0,1.5051457975986278,5.3017751479289945,0.0,0.1151784611584537,0.1779607346421786,2024-04-23,2.44,amc,8620904071.0,2025-04-25,2024-03-31,0.0286885245901638,274.09000000000003,7931475.174603174
2023-12-31,V,USD,1403161,2024-01-26,2024-01-25 18:17:40,2024,Q1,8634000000.0,1660000000.0,6974000000.0,0.8077368543,0,471000000.0,293000000.0,764000000.0,256000000.0,1020000000.0,2680000000.0,0.0,187000000.0,247000000.0,6476000000.0,0.7500579106,5954000000.0,0.6895992587,88000000.0,6042000000.0,0.6997915219,1152000000.0,4890000000.0,0.5663655316,2.39,2.39,1584000000,2045000000,https://www.sec.gov/Archives/edgar/data/1403161/000140316124000016/0001403161-24-000016-index.htm,https://www.sec.gov/Archives/edgar/data/1403161/000140316124000016/v-20231231.htm,5.450757575757576,3.087121212121212,2.281565656565657,2.1130050505050506,11.73989898989899,25.083964646464647,-3.236111111111111,25.083964646464647,13.188131313131311,412394400000.00006,419506400000.00006,21.083558282208596,47.764002779708136,114.11023796347538,123.21314610098598,10.379140764603733,10.379140764603733,48.58772295575632,64.77862878319951,116.07814056447152,125.33803406035256,0.0118575809952802,0.0081160170943155,0.5210530289683638,0.2264875449900994,1.0982087708462014,1.446142970751966,31.83957219251337,0.7390593047034765,0.0025703549805719,0.2167689161554192,0.0545517720639332,0.0,0.4907503637497402,0.0738793580520199,0.0309242529534398,1.0809716599190284,0.0242066249710447,41.741321076895616,0.0700658458763934,0.105048335123523,-18.50173611111111,10098000000.0,-5126000000.0,-18944000000.0,58429000000.0,4752500000.0,361500000.0,0.0,52.44266851980542,18.867469879518072,0.0,1.716159809183065,4.770114942528736,0.0,0.1230715022777036,0.168560606060606,2024-01-25,2.34,amc,8540650000.0,2025-04-25,2023-12-31,0.02991452991453,276.09032786885246,5650815.836065574
2023-09-30,V,USD,1403161,2023-11-15,2023-11-15 16:07:14,2023,Q4,8609000000.0,1695000000.0,6914000000.0,0.8031130213,0,585000000.0,403000000.0,988000000.0,376000000.0,1364000000.0,3059000000.0,0.0,183000000.0,247000000.0,6066000000.0,0.7046114531,5550000000.0,0.6446741782,86000000.0,5636000000.0,0.654663724,955000000.0,4681000000.0,0.5437333024,2.27,2.27,1603000000,2065000000,https://www.sec.gov/Archives/edgar/data/1403161/000140316123000099/0001403161-23-000099-index.htm,https://www.sec.gov/Archives/edgar/data/1403161/000140316123000099/v-20230930.htm,5.3705552089831565,2.920149719276357,4.321272613849033,4.131004366812227,12.556456643792888,24.162819713038058,-3.3487211478477854,24.162819713038058,12.87960074859638,368706030000.0,372883030000.0,19.69162732322153,42.82797421303288,53.2273754872239,55.678953488372095,9.51917047478894,9.51917047478894,43.31316413056104,61.47099076821629,53.83037823011404,56.30972968891574,0.0126957511381085,0.0179601076771106,0.5283091937107892,0.2261129957237096,0.6885921529838444,1.451727422287644,30.327868852459016,1.4798120059816278,0.0025169102875805,0.1982482375560777,0.0679521431060518,0.0,0.4873092520359341,0.0440306048794571,0.0354280404228133,1.2348178137651822,0.020211406667441,39.84443062767931,0.0683902670845716,0.1008879693090219,-17.643480973175297,10434000000.0,-5368000000.0,-18234000000.0,57960000000.0,4605000000.0,328000000.0,0.0,46.77198280868858,19.91150442477876,0.0,1.9242288779615555,4.52,0.0,0.1208530193891513,0.1902682470368059,2023-10-24,2.24,amc,8561120000.0,2025-04-25,2023-09-30,0.0401785714285713,246.47746031746036,5879860.238095238
2023-06-30,V,USD,1403161,2023-07-26,2023-07-25 18:21:55,2023,Q3,8123000000.0,1663000000.0,6460000000.0,0.7952726825,0,447000000.0,297000000.0,744000000.0,692000000.0,1436000000.0,3099000000.0,0.0,182000000.0,235000000.0,5563000000.0,0.6848455004,5024000000.0,0.6184907054,122000000.0,5146000000.0,0.633509787,990000000.0,4156000000.0,0.5116336329,2.0,2.0,1614000000,2080000000,https://www.sec.gov/Archives/edgar/data/1403161/000140316123000072/0001403161-23-000072-index.htm,https://www.sec.gov/Archives/edgar/data/1403161/000140316123000072/v-20230630.htm,5.032837670384139,2.5749690210656757,3.5916976456009917,3.408921933085502,11.62081784386617,24.151796778190832,-3.5173482032218093,24.151796778190832,12.851301115241636,383292720000.0,388262720000.0,23.056588065447546,47.18610365628462,66.1191512851475,69.66425299890949,9.832808804289268,9.832808804289268,47.79794657146375,69.79376595362214,66.97649128859754,70.5675608869502,0.0108428879108374,0.0143545643131442,0.5274364433955003,0.2304054508371248,0.8934028401941398,1.4917569477154968,27.60439560439561,1.3948508180943215,0.0024446068268659,0.2254571703561116,0.0550289301982026,0.0,0.5004594661227784,0.0508883905468345,0.0363166317862858,1.25531914893617,0.0226517296565308,37.4069230411376,0.0596651764134585,0.0932340272792534,-17.314126394052046,10440000000.0,-5677000000.0,-18583000000.0,58468000000.0,4400000000.0,280500000.0,0.0,52.47322417825927,15.207456404088996,0.0,1.715160472972973,5.918149466192171,0.0,0.106616043713604,0.1827757125154894,2023-07-25,2.12,amc,8064040000.0,2025-04-25,2023-06-30,0.0188679245283019,240.3715873015873,5219612.238095238
2023-03-31,V,USD,1403161,2023-04-27,2023-04-26 17:36:19,2023,Q2,7985000000.0,1694000000.0,6291000000.0,0.7878522229,0,412000000.0,309000000.0,721000000.0,234000000.0,955000000.0,2649000000.0,0.0,142000000.0,234000000.0,5654000000.0,0.7080776456,5336000000.0,0.6682529743,-58000000.0,5278000000.0,0.660989355,1021000000.0,4257000000.0,0.5331246086,2.04,2.03,1879000000,2093000000,https://www.sec.gov/Archives/edgar/data/1403161/000140316123000031/0001403161-23-000031-index.htm,https://www.sec.gov/Archives/edgar/data/1403161/000140316123000031/v-20230331.htm,4.249600851516764,2.265566790846195,2.054284193720064,1.94252261841405,8.831293241085683,20.52421500798297,-3.239489089941458,20.52421500798297,11.042043640234168,423639340000.0,430403340000.0,24.87898402630961,53.05439448966813,109.7511243523316,116.06557260273972,10.985072993647089,10.985072993647089,53.9014827802129,76.12368942341705,111.50345595854922,117.91872328767124,0.0100486418470956,0.0086158192957245,0.5343186827434202,0.2375194513284537,1.1963211885390874,1.50060218882547,37.57746478873239,0.9067418369743953,0.0022212290293908,0.2210476861639652,0.0515967438948027,0.0,0.5146907959195436,0.0544041450777202,0.0262993112085159,0.8974358974358975,0.0268002504696305,32.34543319281949,0.0636108105439152,0.1011091846186732,-15.19318786588611,9560000000.0,-6087000000.0,-19533000000.0,57571000000.0,4152000000.0,269000000.0,0.0,45.80588603631809,14.876033057851238,0.0,1.9648129921259845,6.05,0.0,0.1103850641773629,0.1117615753060138,2023-04-25,1.99,amc,7791230000.0,2025-04-25,2023-03-31,0.0502512562814069,228.87225806451613,6517595.806451613
2022-12-31,V,USD,1403161,2023-01-27,2023-01-27 16:05:51,2023,Q1,7936000000.0,1515000000.0,6421000000.0,0.8090977823,0,431000000.0,332000000.0,763000000.0,568000000.0,1331000000.0,2846000000.0,0.0,137000000.0,227000000.0,5341000000.0,0.6730090726,5090000000.0,0.6413810484,-113000000.0,4977000000.0,0.6271421371,798000000.0,4179000000.0,0.5265877016,1.99,1.99,1884000000,2102000000,https://www.sec.gov/Archives/edgar/data/1403161/000140316123000013/0001403161-23-000013-index.htm,https://www.sec.gov/Archives/edgar/data/1403161/000140316123000013/v-20221231.htm,4.212314225053079,2.218152866242038,2.2139065817409764,2.081740976645435,8.555732484076433,19.598726114649683,-3.9315286624203822,19.598726114649683,10.94692144373673,391419840000.0,398572840000.0,23.415879396984927,49.3220564516129,93.84316470870296,99.80108108108108,10.600688982775427,10.600688982775427,50.22339213709677,74.62513387006179,95.55810117477824,101.62489546149924,0.0106765155286967,0.0100199315394947,0.5548423789405265,0.2399311370583344,1.3392623104287589,1.4395184209166538,37.153284671532845,0.998085666427375,0.0024142874311123,0.2261306532663316,0.0543094758064516,0.0,0.5191773923430967,0.0596979141692639,0.0313760080645161,1.0969162995594717,0.0223034274193548,31.27525917371133,0.0647224438401442,0.1017878020265004,-15.479830148619955,8506000000.0,-7407000000.0,-20604000000.0,56073000000.0,4096000000.0,299000000.0,0.0,48.08467741935484,15.326732673267328,0.0,1.8716981132075472,5.872093023255814,0.0,0.1131784205394865,0.1321656050955414,2023-01-26,2.01,amc,7702909080.0,2025-04-25,2022-12-31,0.0845771144278609,222.5814516129032,6287921.274193549
2022-09-30,V,USD,1403161,2022-11-16,2022-11-16 16:06:43,2022,Q4,7787000000.0,1541000000.0,6246000000.0,0.8021060742,0,501000000.0,429000000.0,930000000.0,229000000.0,1159000000.0,2700000000.0,0.0,159000000.0,226000000.0,5253000000.0,0.6745858482,5087000000.0,0.6532682676,-219000000.0,4868000000.0,0.6251444716,928000000.0,3940000000.0,0.5059714909,1.86,1.86,1638000000,2116000000,https://www.sec.gov/Archives/edgar/data/1403161/000140316122000081/0001403161-22-000081-index.htm,https://www.sec.gov/Archives/edgar/data/1403161/000140316122000081/v-20220930.htm,4.753968253968254,2.4053724053724053,3.587301587301587,3.407203907203907,11.307692307692308,21.72222222222222,-4.438949938949939,21.72222222222222,13.802808302808304,290990700000.0,297751700000.0,18.463876903553302,37.36878130217029,49.521902654867255,52.13952696649346,8.178260869565218,8.178260869565218,38.23702324386799,56.6822196839901,50.67251531654186,53.35095860956818,0.0135399516204469,0.0191793071050037,0.6309547230263343,0.2625700284207202,1.2870740529221398,1.4484726418261162,31.9937106918239,1.4913705583756345,0.002728609539755,0.2015228426395939,0.064337999229485,0.0,0.5011871206184723,0.0502042205582028,0.0378836522409143,1.3053097345132745,0.0169513291383074,34.28739948035959,0.0615452096918024,0.0923820019226711,-17.358974358974358,9352000000.0,-7271000000.0,-19715000000.0,55427000000.0,3916500000.0,284000000.0,0.0,45.67612687813022,19.85723556132381,0.0,1.9703947368421053,4.532352941176471,0.0,0.1107332565133076,0.1800976800976801,2022-10-25,1.86,amc,7554182372.0,2025-04-25,2022-09-30,0.0376344086021504,201.6647619047619,7228478.841269841
2022-06-30,V,USD,1403161,2022-07-28,2022-07-28 16:04:21,2022,Q3,7275000000.0,1461000000.0,5814000000.0,0.7991752577,0,406000000.0,313000000.0,719000000.0,947000000.0,1666000000.0,3127000000.0,0.0,111000000.0,230000000.0,4170000000.0,0.5731958763,4148000000.0,0.5701718213,-319000000.0,3829000000.0,0.5263230241,418000000.0,3411000000.0,0.4688659794,1.6,1.6,1897000000,2384000000,https://www.sec.gov/Archives/edgar/data/1403161/000140316122000058/0001403161-22-000058-index.htm,https://www.sec.gov/Archives/edgar/data/1403161/000140316122000058/v-20220630.htm,3.835002635740643,1.798102266736953,2.768581971534001,2.644702161307327,9.149182920400632,18.70479704797048,-4.526620980495519,18.70479704797048,12.602003162888773,373500330000.0,383248330000.0,27.374694371152152,51.34025154639176,71.11582825590251,74.44694638230018,10.526176760702308,10.526176760702308,52.680182817869415,91.90607434052758,72.97188309215537,76.38994020330875,0.0091325220515869,0.0134323843837032,0.6706028238874954,0.2785973539398197,2.337649880095923,1.4265104141021223,37.369369369369366,1.5397244209909118,0.0021365442970291,0.2339489885664028,0.055807560137457,0.0,0.5159817351598174,0.0447448591012947,0.0323024054982817,1.0217391304347827,0.020893470790378,27.50900951221679,0.0540625568969572,0.082510885341074,-15.635345282024248,8662000000.0,-8587000000.0,-20956000000.0,55878000000.0,3824000000.0,205000000.0,0.0,48.01237113402062,14.04517453798768,0.0,1.8745168770935323,6.407894736842105,0.0,0.0961305413860158,0.1238798102266737,2022-07-26,1.75,amc,7076579410.0,2025-04-25,2022-06-30,0.1314285714285714,203.4915625,6117215.171875
2022-03-31,V,USD,1403161,2022-04-28,2022-04-28 16:07:54,2022,Q2,7189000000.0,1416000000.0,5773000000.0,0.8030324106,0,450000000.0,314000000.0,764000000.0,207000000.0,971000000.0,2387000000.0,0.0,134000000.0,207000000.0,4883000000.0,0.6792321602,4802000000.0,0.6679649464,-260000000.0,4542000000.0,0.6317985812,895000000.0,3647000000.0,0.5073028238,1.7,1.7,2093301000,2142000000,https://www.sec.gov/Archives/edgar/data/1403161/000140316122000027/0001403161-22-000027-index.htm,https://www.sec.gov/Archives/edgar/data/1403161/000140316122000027/v-20220331.htm,3.4342887143320526,1.7422243623826674,1.6667454895402047,1.5391957487241443,6.462997915732138,17.192463004603734,-4.375863767322521,17.192463004603734,10.108914102654133,464231362770.0,472959362770.0,31.822824428982727,64.57523477117819,133.055707300086,144.08173891061452,12.899257072160935,12.899257072160935,65.78931183335652,96.85835813434365,135.55728368300373,146.79061538485414,0.0078559965837699,0.0069405047965195,0.5842618577898803,0.2570286524545276,1.7874257628507064,1.2881509998930596,35.83582089552239,0.9566767205922676,0.0017275868549995,0.2199067726898821,0.0625956322158853,0.0,0.551889790729513,0.0765262252794497,0.0371400751147586,1.289855072463768,0.026429266935596,25.960457963210608,0.0578474969689419,0.099484437655146,-14.075734927752864,5389000000.0,-9160000000.0,-21728000000.0,53658000000.0,3861500000.0,217000000.0,0.0,47.159549311448046,11.567796610169491,0.0,1.9084151844969472,7.78021978021978,0.0,0.101336519492067,0.1275497408160603,2022-04-26,1.65,amc,6832936649.0,2025-04-25,2022-03-31,0.0848484848484849,206.66758064516128,7289862.661290322
2021-12-31,V,USD,1403161,2022-01-28,2022-01-28 16:06:16,2022,Q1,7059000000.0,1315000000.0,5744000000.0,0.8137129905,0,342000000.0,280000000.0,622000000.0,346000000.0,968000000.0,2283000000.0,0.0,134000000.0,198000000.0,5229000000.0,0.7407564811,4776000000.0,0.6765830854,121000000.0,4897000000.0,0.6937243236,938000000.0,3959000000.0,0.5608443122,1.84,1.83,2106586000,2159000000,https://www.sec.gov/Archives/edgar/data/1403161/000140316122000013/0001403161-22-000013-index.htm,https://www.sec.gov/Archives/edgar/data/1403161/000140316122000013/v-20211231.htm,3.350919449763741,1.879344114125889,2.0089376840062547,1.9268142862432391,7.557726102803303,17.181354096153683,-3.62339823771733,17.181354096153683,9.994370037586885,456518252060.0,462718252060.0,28.827876487749432,64.67180224677716,107.87293290642722,112.47062135008623,12.613092005857323,12.613092005857323,65.55011362232611,88.49077300822337,109.33796126181474,113.99809117023898,0.0086721614790544,0.008891210771276,0.5779963529866828,0.2553430409256795,1.185695161598776,1.395196036191297,35.64179104477612,1.0689568072745643,0.001772108774073,0.2043445314473352,0.0484487887802804,0.0,0.5349387884631815,0.0408790170132325,0.0245077206403173,0.8737373737373737,0.018132880011333,26.953992758025315,0.0579686681355353,0.1039053068080415,-12.744317108344973,7338000000.0,-7633000000.0,-19829000000.0,54073000000.0,3841000000.0,259000000.0,0.0,50.43773905652359,17.24714828897338,0.0,1.7843781597573307,5.218253968253968,0.0,0.1093827706249654,0.0821233977630156,2022-01-27,1.7,amc,6602241176.0,2025-04-25,2021-12-31,0.0647058823529412,216.28225806451613,9448179.741935484
2021-09-30,V,USD,1403161,2021-11-18,2021-11-18 16:06:50,2021,Q4,6559000000.0,1239000000.0,5320000000.0,0.8110992529,0,345000000.0,457000000.0,802000000.0,203000000.0,1005000000.0,2244000000.0,0.0,125000000.0,202000000.0,4625000000.0,0.7051379784,4315000000.0,0.657874676,-17000000.0,4298000000.0,0.6552828175,714000000.0,3584000000.0,0.5464247599,1.65,1.65,2124301000,2175000000,https://www.sec.gov/Archives/edgar/data/1403161/000140316121000060/0001403161-21-000060-index.htm,https://www.sec.gov/Archives/edgar/data/1403161/000140316121000060/v-20210930.htm,3.0876038753453487,1.687143206165228,1.869320778929163,1.771406217857074,8.714395935415933,17.69476171220557,-2.839993014172662,17.69476171220557,9.933620517996273,473188047750.0,477678047750.0,33.00697877720424,72.1433218097271,119.16092867036012,125.7475545442466,12.58847130144457,12.58847130144457,72.8278773822229,103.28174005405404,120.29162622765048,126.9407514615998,0.0075741558077002,0.0079524409331406,0.5580621990475937,0.253052016985138,0.9708108108108108,1.754050447931889,34.52,1.1079799107142858,0.0014708740072989,0.1941964285714285,0.0525994816282969,0.0,0.5262256321173518,0.0523797532107781,0.0317121512425674,1.0297029702970295,0.0164659246836408,25.917290226176327,0.0527932375104975,0.0912563018791057,-11.298069341397476,11868000000.0,-6033000000.0,-17700000000.0,58205000000.0,3620500000.0,219000000.0,0.0,51.12669614270468,19.322033898305087,0.0,1.760332796564681,4.657894736842105,0.0,0.0953470430179041,0.0979145610720891,2021-10-26,1.54,amc,6511100000.0,2025-04-25,2021-09-30,0.0519480519480519,214.67015625,10364994.40625
2021-06-30,V,USD,1403161,2021-07-29,2021-07-29 16:03:32,2021,Q3,6130000000.0,1284000000.0,4846000000.0,0.7905383361,0,312000000.0,268000000.0,580000000.0,202000000.0,782000000.0,2066000000.0,0.0,131000000.0,204000000.0,4724000000.0,0.7706362153,4064000000.0,0.6629690049,325000000.0,4389000000.0,0.7159869494,1814000000.0,2575000000.0,0.4200652529,1.18,1.18,2128586000,2184000000,https://www.sec.gov/Archives/edgar/data/1403161/000140316121000042/0001403161-21-000042-index.htm,https://www.sec.gov/Archives/edgar/data/1403161/000140316121000042/v-20210630.htm,2.879846057429674,1.2097232622971306,2.073677079526033,1.98958369546732,9.038864297707493,17.75356974066352,-2.938100692196604,17.75356974066352,9.925368296136496,497705978520.0,500667978520.0,48.32096878834951,81.19183988907015,112.75622531037608,117.52207285005905,13.170309037311458,13.170309037311458,81.67503727895595,105.98390739204063,113.42727198006344,118.2214825312869,0.0051737373291298,0.0085090398403358,0.5555967187086531,0.2539705579949438,0.6270110076206604,1.9997147543321685,31.022900763358777,1.714174757281553,0.0014024344294107,0.2710679611650485,0.0508972267536704,0.0,0.5327623955195897,0.0405527865881286,0.0292006525285481,0.8774509803921569,0.0259380097879282,21.982501946824424,0.0347326134407752,0.0666632148497165,-10.807526686730064,14019000000.0,-6254000000.0,-16839000000.0,60770000000.0,3370000000.0,149000000.0,0.0,51.606851549755305,12.05607476635514,0.0,1.743954480796586,7.465116279069767,0.0,0.0681397195025138,0.0840933840587131,2021-07-27,1.35,amc,6526260000.0,2025-04-25,2021-06-30,0.1037037037037036,234.493125,7530820.3125
2021-03-31,V,USD,1403161,2021-04-29,2021-04-29 16:06:43,2021,Q2,5729000000.0,1293000000.0,4436000000.0,0.7743061616,0,445000000.0,206000000.0,651000000.0,204000000.0,855000000.0,2148000000.0,0.0,121000000.0,201000000.0,3950000000.0,0.6894746029,3581000000.0,0.6250654564,47000000.0,3628000000.0,0.6332693315,602000000.0,3026000000.0,0.528189911,1.38,1.38,1695000000,2193000000,https://www.sec.gov/Archives/edgar/data/1403161/000140316121000029/0001403161-21-000029-index.htm,https://www.sec.gov/Archives/edgar/data/1403161/000140316121000029/v-20210331.htm,3.3799410029498524,1.7852507374631268,1.9640117994100297,1.870796460176991,10.945132743362832,22.23952802359882,-3.602949852507374,22.23952802359882,12.44542772861357,358882350000.0,363362350000.0,29.649896728354264,62.64310525397102,107.80485130669872,113.1763954588458,9.520435855263155,9.520435855263155,63.425091639029496,91.99046835443038,109.15060078101531,114.58919899085464,0.0084317325719696,0.0088357647011618,0.5563985568760611,0.261537502338051,1.1341772151898737,2.11635591220203,29.59504132231405,1.1001321877065433,0.0019532863625084,0.2316589557171183,0.07767498690871,0.0,0.5462061225762205,0.0474617002102733,0.0275789841159015,0.7860696517412935,0.0267062314540059,29.888467853197785,0.0442593620296749,0.0831501428885469,-12.701032448377582,14190000000.0,-6107000000.0,-15598000000.0,60677000000.0,3283500000.0,128500000.0,0.0,50.66329202304068,8.770301624129932,0.0,1.7764341085271318,10.261904761904765,0.0,0.0802737691001697,0.0932153392330383,2021-04-27,1.27,amc,5542250000.0,2025-04-25,2021-03-31,0.0866141732283463,228.61174603174604,6854327.53968254
2020-12-31,V,USD,1403161,2021-01-29,2021-01-29 16:02:28,2021,Q1,5687000000.0,1154000000.0,4533000000.0,0.7970810621,0,286000000.0,205000000.0,491000000.0,198000000.0,689000000.0,1843000000.0,0.0,136000000.0,197000000.0,4081000000.0,0.7176015474,3844000000.0,0.6759275541,-96000000.0,3748000000.0,0.6590469492,622000000.0,3126000000.0,0.5496746967,1.42,1.42,2135586000,2200000000,https://www.sec.gov/Archives/edgar/data/1403161/000140316121000012/0001403161-21-000012-index.htm,https://www.sec.gov/Archives/edgar/data/1403161/000140316121000012/v-20201231.htm,2.662969320832783,1.4637668536879338,1.6449817520811618,1.5700608638565714,8.447798402873966,17.643400921339623,-3.2941778041249568,17.643400921339623,9.922803389795588,467116725780.0,473139725780.0,37.35738369961612,82.13763421487603,132.9680403586678,139.3130706173576,12.397269720003184,12.397269720003184,83.19671633198523,115.9372030825778,134.68252939937375,141.10937243662391,0.006692117467599,0.0071780773732755,0.5587993311924414,0.2617934498793922,1.4758637588826269,2.121065375302664,28.264705882352946,1.1238003838771593,0.0015049771528221,0.2248880358285348,0.0502901353965183,0.0,0.5559644890955661,0.0455451181326501,0.0281343414805697,0.8121827411167513,0.0214524353789344,24.10562325966997,0.0471231157489415,0.0875336021505376,-10.39503911338621,13890000000.0,-7035000000.0,-16467000000.0,61317000000.0,3112000000.0,152500000.0,0.0,52.88904519078601,10.216637781629116,0.0,1.701675643327349,8.80916030534351,0.0,0.0829639852437697,0.0749208882245903,2021-01-28,1.28,amc,5528260000.0,2025-04-25,2020-12-31,0.1093749999999999,210.494262295082,10235089.360655738
2020-09-30,V,USD,1403161,2020-11-19,2020-11-19 16:03:34,2020,Q4,5101000000.0,1113000000.0,3988000000.0,0.7818074887,0,360000000.0,288000000.0,648000000.0,198000000.0,846000000.0,1959000000.0,0.0,145000000.0,196000000.0,3396000000.0,0.6657518134,3142000000.0,0.6159576554,-87000000.0,3055000000.0,0.598902176,918000000.0,2137000000.0,0.4189374632,0.97,0.97,2128301000,2208000000,https://www.sec.gov/Archives/edgar/data/1403161/000140316120000070/0001403161-20-000070-index.htm,https://www.sec.gov/Archives/edgar/data/1403161/000140316120000070/v-20200930.htm,2.396747452545481,1.0040872978023316,0.9848231053784215,0.905886902275571,9.41643122847755,17.013570918775116,-3.5276965053345366,17.013570918775116,11.377619988901946,425596350970.0,433377350970.0,49.78899753977538,83.43390530680259,203.05169416507636,220.74499531639003,11.753558436067385,11.753558436067385,84.9592924857871,127.61406094522968,206.76400332538168,224.7807836981328,0.0050211896674617,0.0045301140284821,0.6647334990334162,0.2974579517789394,2.2912249705535923,1.9052377670572016,21.66896551724138,0.9808142255498362,0.0015554644641364,0.3097800655124005,0.0705743971770241,0.0,0.5402686637254539,0.0801526717557251,0.0329347186826112,0.8571428571428571,0.0184277592628896,19.60535603146569,0.0316657630697093,0.0574446923469799,-10.574866994847063,13135000000.0,-7508000000.0,-17064000000.0,59590000000.0,3223000000.0,163500000.0,0.0,50.84885316604588,14.070080862533692,0.0,1.7699514226231785,6.396551724137931,0.0,0.0590168461750897,0.0789362031028505,2020-10-28,1.09,amc,16553401785.0,2025-04-25,2020-09-30,0.0275229357798165,204.63953125,7929427.25
2020-06-30,V,USD,1403161,2020-07-31,2020-07-30 21:38:58,2020,Q3,4837000000.0,1113000000.0,3724000000.0,0.7698986975,0,353000000.0,174000000.0,527000000.0,198000000.0,725000000.0,1838000000.0,0.0,142000000.0,197000000.0,3271000000.0,0.6762456068,2999000000.0,0.6200124044,-67000000.0,2932000000.0,0.6061608435,559000000.0,2373000000.0,0.490593343,1.07,1.07,1690000000,2214000000,https://www.sec.gov/Archives/edgar/data/1403161/000140316120000048/0001403161-20-000048-index.htm,https://www.sec.gov/Archives/edgar/data/1403161/000140316120000048/v-20200630.htm,2.8621301775147927,1.4041420118343195,1.7763313609467457,1.6810650887573964,9.844378698224851,21.020118343195268,-4.411242603550296,21.020118343195268,12.43846153846154,326457300000.0,333438300000.0,34.39288874841972,67.4916890634691,108.74660226515655,114.90929250263991,9.18976748113951,9.18976748113951,68.93493901178417,101.93772546621828,111.07205196535642,117.36652587117212,0.0072689445143361,0.008702516378099,0.5877434973539016,0.2680781675312002,2.1342097217976157,1.5534782608695652,21.11971830985916,1.2650653181626632,0.002030893473664,0.2793931731984829,0.0729791192888153,0.0,0.5518334959683632,0.0536309127248501,0.0332850940665701,0.817258883248731,0.0221211494728137,25.769996184258893,0.0374670226064182,0.0679845294370434,-13.63905325443787,8911000000.0,-7455000000.0,-17349000000.0,54636000000.0,3256000000.0,157000000.0,0.0,66.31383088691337,12.371967654986523,0.0,1.357182940516274,7.274509803921568,0.0,0.066799909920054,0.0952662721893491,2020-07-28,1.03,amc,4656177570.0,2025-04-25,2020-06-30,0.0388349514563107,199.7478125,7920331.8125
2020-03-31,V,USD,1403161,2020-05-04,2020-05-04 09:04:51,2020,Q2,5854000000.0,1123000000.0,4731000000.0,0.808165357,0,372000000.0,235000000.0,607000000.0,200000000.0,807000000.0,1930000000.0,0.0,118000000.0,192000000.0,4139000000.0,0.7070379228,3924000000.0,0.6703108985,-95000000.0,3829000000.0,0.6540826785,745000000.0,3084000000.0,0.5268192689,1.39,1.38,1959000000,2484000000,https://www.sec.gov/Archives/edgar/data/1403161/000140316120000028/0001403161-20-000028-index.htm,https://www.sec.gov/Archives/edgar/data/1403161/000140316120000028/v033120form10q.htm,2.9882593159775395,1.5742725880551305,0.7488514548238897,0.6385911179173047,6.202654415518121,17.65441551812149,-4.176110260336906,17.65441551812149,9.19346605410924,315634080000.0,323786080000.0,25.58642023346303,53.91767680218654,215.15615541922293,252.30541966426856,9.126328755240712,9.126328755240712,55.31022890331398,78.22809374244987,220.7130743012952,258.8218065547562,0.00977080801921,0.0039634503346406,0.5173341043805118,0.2457017302938753,1.9695578642184104,1.24871408857107,33.25423728813559,0.47568093385214,0.0021163747590247,0.2166018158236057,0.0635462931329005,0.0,0.5872837132655864,0.147239263803681,0.0368978476255551,1.125,0.0169115134950461,25.00678716242972,0.051916422649521,0.1026152924735476,-12.18631955079122,3965000000.0,-8181000000.0,-18328000000.0,49507000000.0,3941000000.0,147000000.0,0.0,45.3228561667236,12.90293855743544,0.0,1.985753052917232,6.975155279503106,0.0,0.0891716061876536,0.1102603369065849,2020-04-30,1.35,amc,5726739130.0,2025-04-25,2020-03-31,0.022222222222222,182.69142857142856,10252984.968253968
2019-12-31,V,USD,1403161,2020-01-31,2020-01-31 16:06:01,2020,Q1,6054000000.0,1163000000.0,4891000000.0,0.8078956062,0,419000000.0,274000000.0,693000000.0,182000000.0,875000000.0,2038000000.0,0.0,111000000.0,182000000.0,4267000000.0,0.7048232574,4016000000.0,0.6633630657,-42000000.0,3974000000.0,0.6564255038,702000000.0,3272000000.0,0.5404691113,1.46,1.46,2154586000,2240000000,https://www.sec.gov/Archives/edgar/data/1403161/000140316120000012/0001403161-20-000012-index.htm,https://www.sec.gov/Archives/edgar/data/1403161/000140316120000012/v123119form10q.htm,2.809820540929905,1.518621210756962,1.7984893617613775,1.709841240962301,5.8804800551010725,16.369734139180334,-3.543140074241641,16.369734139180334,7.796857493736616,404846709400.0,412766709400.0,30.93266422677262,66.87259818301949,104.47657016774194,109.89324359391964,11.478500408278991,11.478500408278991,68.18082414932276,96.73464012186548,106.52044113548386,112.04308072747014,0.0080820713717773,0.0090997405053874,0.4731499858236461,0.2231582888701675,1.856104991797516,1.2696399112577508,36.18018018018018,1.1842909535452322,0.0016574174481853,0.2050733496332518,0.069210439378923,0.0,0.57372862090638,0.0492903225806451,0.0315493888338288,1.0494505494505495,0.0191608853650479,23.65030810073647,0.0549247662044075,0.1026445399504344,-10.740114342152042,4740000000.0,-7634000000.0,-17192000000.0,50383000000.0,4762000000.0,144500000.0,0.0,73.34985133795837,10.292347377472057,0.0,1.2269963518443454,8.74436090225564,0.0,0.0927700595406861,0.0886481207990769,2020-01-30,1.46,amc,6054000000.0,2025-04-25,2019-12-31,0.0,188.37935483870967,12936152.032258064
2019-09-30,V,USD,1403161,2019-11-14,2019-11-14 15:35:00,2019,Q4,6137000000.0,1064000000.0,5073000000.0,0.826625387,0,490000000.0,306000000.0,796000000.0,542000000.0,1338000000.0,2402000000.0,0.0,0.0,172000000.0,3987000000.0,0.6496659606,3735000000.0,0.6086035522,-24000000.0,3711000000.0,0.6046928467,686000000.0,3025000000.0,0.4929118462,1.34,1.34,2167301000,2253000000,https://www.sec.gov/Archives/edgar/data/1403161/000140316119000050/0001403161-19-000050-index.htm,https://www.sec.gov/Archives/edgar/data/1403161/000140316119000050/v093019form10k.htm,2.831632523585787,1.3957452149009295,1.8649924491337384,1.7501030083038769,5.570984371806223,16.003314721859123,-3.576798977160994,16.003314721859123,7.7188170909347615,372797445010.0,381688445010.0,30.80970619917355,60.74587665145837,92.23093642008908,98.285643292908,10.748398253084996,10.748398253084996,62.19463011406224,95.73324429646352,94.43059005690252,100.6296981307672,0.0081143259979125,0.0101744259537461,0.4823261446199977,0.2305095488742524,2.229997491848508,1.563175549757734,0.0,1.336198347107438,0.0015102034832478,0.1861157024793388,0.0798435717777415,0.0,0.5847273128117507,0.061603166749134,0.0405735701482809,1.447674418604651,0.0140133615773179,22.418126009453616,0.0514640791761833,0.1003716238635609,-10.323208451433374,7555000000.0,-7752000000.0,-16920000000.0,52686000000.0,3905000000.0,153000000.0,0.0,67.31301939058172,13.195488721804512,0.0,1.337037037037037,6.82051282051282,0.0,0.0872160073809249,0.1148894408298616,2019-10-24,1.43,amc,5970006802.0,2025-04-25,2019-09-30,0.027972027972028,180.16984375,7155755.859375
2019-06-30,V,USD,1403161,2019-07-26,2019-07-26 16:07:11,2019,Q3,5840000000.0,1056000000.0,4784000000.0,0.8191780822,0,428000000.0,282000000.0,710000000.0,166000000.0,876000000.0,1932000000.0,0.0,128000000.0,165000000.0,4159000000.0,0.7121575342,3908000000.0,0.6691780822,-42000000.0,3866000000.0,0.6619863014,765000000.0,3101000000.0,0.5309931507,1.37,1.37,2180000000,2265000000,https://www.sec.gov/Archives/edgar/data/1403161/000140316119000030/0001403161-19-000030-index.htm,https://www.sec.gov/Archives/edgar/data/1403161/000140316119000030/v63019form10q.htm,2.6788990825688077,1.4224770642201834,1.5522935779816514,1.463302752293578,5.127064220183486,16.05275229357798,-3.481651376146789,16.05275229357798,7.71651376146789,379189200000.0,387971200000.0,30.56991293131248,64.92965753424657,112.05354609929078,118.86808777429466,10.835525075010716,10.835525075010716,66.43342465753425,93.28473190670834,114.64869976359338,121.621065830721,0.0081779755330584,0.0084126868592248,0.4770395770824403,0.2376403934575581,2.1115652801154123,1.6903684550743374,30.53125,1.09126088358594,0.0014900213402702,0.182199290551435,0.0732876712328767,0.0,0.6062008000113881,0.0573286052009456,0.0332191780821917,1.1757575757575758,0.0188356164383561,22.66671831105043,0.0527547809546429,0.1120951417004048,-9.93669724770642,7476000000.0,-7590000000.0,-16949000000.0,52610000000.0,3099000000.0,134500000.0,0.0,49.62328767123288,12.784090909090908,0.0,1.813664596273292,7.04,0.0,0.0886126589512787,0.0889908256880734,2019-07-23,1.32,amc,5626861313.0,2025-04-25,2019-06-30,0.0378787878787879,178.11671875,7059235.921875
2019-03-31,V,USD,1403161,2019-04-26,2019-04-26 16:06:57,2019,Q2,5494000000.0,1065000000.0,4429000000.0,0.806152166,0,365000000.0,241000000.0,606000000.0,182000000.0,788000000.0,1853000000.0,0.0,140000000.0,160000000.0,3977000000.0,0.723880597,3641000000.0,0.6627229705,36000000.0,3677000000.0,0.6692755734,700000000.0,2977000000.0,0.5418638515,1.31,1.31,2195000000,2279000000,https://www.sec.gov/Archives/edgar/data/1403161/000140316119000017/0001403161-19-000017-index.htm,https://www.sec.gov/Archives/edgar/data/1403161/000140316119000017/v33119form10q.htm,2.502961275626424,1.35626423690205,0.9403189066059224,0.869248291571754,5.250113895216401,15.61503416856492,-3.543963553530752,15.61503416856492,7.640091116173121,345185700000.0,354167700000.0,28.98771414175344,62.82957772115034,167.24113372093024,180.91493710691825,10.071063457330416,10.071063457330416,64.46445212959593,89.05398541614282,171.59287790697675,185.62248427672955,0.0086243433606896,0.0055274595674154,0.4851932895696572,0.2380304873684963,2.258486296203168,1.624780316344464,26.007142857142856,0.6933154182062479,0.001648388099507,0.1911320120927107,0.0664361121223152,0.0,0.6019322980032921,0.0755813953488372,0.028394612304332,0.975,0.0202038587550054,21.82905240771191,0.0504035806293667,0.1070439754054151,-9.946469248291573,7110000000.0,-7779000000.0,-17100000000.0,51620000000.0,3753000000.0,121500000.0,0.0,48.784128139788855,10.056338028169014,0.0,1.844862323707186,8.949579831932773,0.0,0.0868563092633114,0.0710706150341685,2019-04-24,1.24,amc,5200427480.0,2025-04-25,2019-03-31,0.0564516129032258,163.73650793650793,7026326.53968254
2018-12-31,V,USD,1403161,2019-01-31,2019-01-31 16:16:27,2019,Q1,5506000000.0,980000000.0,4526000000.0,0.8220123502,0,367000000.0,276000000.0,643000000.0,166000000.0,809000000.0,1789000000.0,0.0,145000000.0,159000000.0,3883000000.0,0.7052306575,3717000000.0,0.675081729,-87000000.0,3630000000.0,0.6592807846,653000000.0,2977000000.0,0.5406828914,1.3,1.3,2205586000,2291000000,https://www.sec.gov/Archives/edgar/data/1403161/000140316119000005/0001403161-19-000005-index.htm,https://www.sec.gov/Archives/edgar/data/1403161/000140316119000005/v123118form10q.htm,2.496388714835876,1.349754668373847,1.4934806441462722,1.422297747628068,5.327382382731845,15.45847679482913,-3.7881089198063465,15.45847679482913,7.607048648295736,291005016840.0,299349016840.0,24.437774339939537,52.85234595713767,88.34396382513661,92.76538630538732,8.535122945886494,8.535122945886494,54.36778366146022,77.09220109193922,90.87705429265333,95.42525241950908,0.0102300641835216,0.0107798828833414,0.4878427921982695,0.2321261600725699,2.148853978882308,1.5017551721562477,25.63448275862069,1.106483036614041,0.0019656018518556,0.1921397379912663,0.0666545586632764,0.0,0.5924220221896588,0.0476624165148755,0.0285143479840174,0.9874213836477987,0.0181620050853614,21.66716184563201,0.0523178111896622,0.1019346002396849,-10.162378615025666,6718000000.0,-8355000000.0,-17453000000.0,51605000000.0,3659000000.0,153500000.0,0.0,74.01380312386488,11.387755102040815,0.0,1.2159893992932862,7.903225806451613,0.0,0.0873148555506672,0.0711828965182042,2019-01-30,1.25,amc,5294230769.0,2025-04-25,2018-12-31,0.04,144.1118032786885,9105151.49180328
2018-09-30,V,USD,1403161,2018-11-16,2018-11-16 16:10:27,2018,Q4,5434000000.0,1003000000.0,4431000000.0,0.8154214207,0,591000000.0,264000000.0,855000000.0,170000000.0,1025000000.0,2028000000.0,0.0,150000000.0,163000000.0,3851000000.0,0.7086860508,3406000000.0,0.6267942584,132000000.0,3538000000.0,0.6510857563,693000000.0,2845000000.0,0.523555392,1.24,1.23,2221301000,2306000000,https://www.sec.gov/Archives/edgar/data/1403161/000140316118000055/0001403161-18-000055-index.htm,https://www.sec.gov/Archives/edgar/data/1403161/000140316118000055/v093018.htm,2.4463141195182465,1.2807809477418863,1.5729520672794908,1.4851656754307498,5.271235190548242,15.309046365170682,-3.9373322210722455,15.309046365170682,7.55413156524037,334949977790.0,343417977790.0,29.433214217047453,61.63967202613176,95.86433251001716,101.5307601667172,9.849731747044638,9.849731747044638,63.19800842657342,89.17631207218905,98.28791579564968,104.09759860260684,0.0084938056087398,0.0098492318816284,0.4890313474092807,0.2402311303719754,2.1989093741885224,1.6113224237063246,22.706666666666667,1.2281195079086116,0.0014420063652096,0.1697715289982425,0.1087596613912403,0.0,0.6175803539183821,0.0558099599313108,0.0358851674641148,1.196319018404908,0.0156422524843577,21.004036172452075,0.0472868661165749,0.1074679862501416,-9.641872038053377,6911000000.0,-8746000000.0,-17003000000.0,52135000000.0,2812500000.0,164000000.0,0.0,46.20905410379095,16.420737786640082,0.0,1.9476702508960573,5.48087431693989,0.0,0.083661706757631,0.0877863918487409,2018-10-24,1.2,amc,5389090909.0,2025-04-25,2018-09-30,0.0083333333333333,138.1131746031746,11199112.126984129
2018-06-30,V,USD,1403161,2018-07-27,2018-07-27 16:06:49,2018,Q3,5240000000.0,1021000000.0,4219000000.0,0.8051526718,0,342000000.0,240000000.0,582000000.0,752000000.0,1334000000.0,2355000000.0,0.0,155000000.0,152000000.0,3119000000.0,0.5952290076,2885000000.0,0.5505725191,-73000000.0,2812000000.0,0.5366412214,483000000.0,2329000000.0,0.4444656489,1.0,1.0,2231301000,2321000000,https://www.sec.gov/Archives/edgar/data/1403161/000140316118000034/0001403161-18-000034-index.htm,https://www.sec.gov/Archives/edgar/data/1403161/000140316118000034/v63018form10q.htm,2.348405705908795,1.0437856658514473,1.6299907542729557,1.5542501885671185,5.333659600385604,14.932095669746037,-4.263880130919136,14.932095669746037,7.521172625297976,295535817450.0,303657817450.0,31.72346687956204,56.39996516221374,81.25812962606544,85.21794044117647,8.870154794705563,8.870154794705563,57.94996516221374,97.35742784546328,83.49128882320593,87.55992429354094,0.0078806014786821,0.0117346182602273,0.4990395581967705,0.2438870553722039,2.6040397563321576,1.6911468812877264,18.61290322580645,1.5616144267926149,0.0016478544096686,0.2091026191498497,0.065267175572519,0.0,0.6282654932159882,0.0464668682980478,0.0322519083969465,1.111842105263158,0.0169847328244274,18.726529763335115,0.0417438765492102,0.0918991437477804,-9.335248807758344,7557000000.0,-9514000000.0,-16366000000.0,52776000000.0,3297500000.0,140500000.0,0.0,48.69274809160305,12.78158667972576,0.0,1.8483245149911816,7.041379310344827,0.0,0.069902154991296,0.075740565705837,2018-07-25,1.09,amc,4759666666.0,2025-04-25,2018-06-30,0.1009174311926604,142.19968253968253,7178106.365079365
2018-03-31,V,USD,1403161,2018-04-27,2018-04-27 16:06:38,2018,Q2,5073000000.0,993000000.0,4080000000.0,0.8042578356,0,330000000.0,261000000.0,591000000.0,153000000.0,744000000.0,1737000000.0,0.0,153000000.0,153000000.0,3489000000.0,0.6877587226,3336000000.0,0.6575990538,-119000000.0,3217000000.0,0.6341415336,612000000.0,2605000000.0,0.5135028583,1.12,1.11,2245300000,2337000000,https://www.sec.gov/Archives/edgar/data/1403161/000140316118000020/0001403161-18-000020-index.htm,https://www.sec.gov/Archives/edgar/data/1403161/000140316118000020/v33118form10q.htm,2.259386273549192,1.1602013094018615,1.2559568877210172,1.1610920589676212,5.219347080568299,15.188616220549592,-4.3673451209192535,15.188616220549592,7.472052732374293,268582786000.0,277064786000.0,25.77569923224568,52.94358091858861,95.24212269503546,103.02370003835829,7.875635164061813,7.875635164061813,54.61556987975557,79.41094468329034,98.24992411347516,106.27724817798236,0.0096990579284556,0.0097065044220667,0.4874644459431722,0.2407809738999449,2.4310690742333048,1.940739189613653,21.80392156862745,1.0825335892514396,0.001824390934719,0.1880998080614203,0.065050266114725,0.0,0.6359752034993192,0.075531914893617,0.041986989946777,1.392156862745098,0.0167553715750049,19.912098824819797,0.0454079023203719,0.1036485895038395,-9.085645570747785,8985000000.0,-9806000000.0,-16403000000.0,55260000000.0,3329500000.0,122000000.0,0.0,66.70609107037257,12.326283987915406,0.0,1.3492021276595745,7.301470588235294,0.0,0.0763862416796176,0.0948648287533959,2018-04-25,1.02,amc,4661675675.0,2025-04-25,2018-03-31,0.0882352941176471,128.7059375,7305044.984375
2017-12-31,V,USD,1403161,2018-02-01,2018-02-01 16:15:13,2018,Q1,4862000000.0,839000000.0,4023000000.0,0.8274372686,0,328000000.0,223000000.0,551000000.0,145000000.0,696000000.0,1535000000.0,0.0,154000000.0,145000000.0,3538000000.0,0.7276840806,3327000000.0,0.6842863019,-88000000.0,3239000000.0,0.6661867544,717000000.0,2522000000.0,0.5187165775,1.07,1.07,2267000000,2353000000,https://www.sec.gov/Archives/edgar/data/1403161/000140316118000009/0001403161-18-000009-index.htm,https://www.sec.gov/Archives/edgar/data/1403161/000140316118000009/v123117form10q.htm,2.144684605205117,1.1124834583149537,1.2183502426113806,1.1561535068372295,5.0952801058667845,14.733568592853992,-4.3537715041905605,14.733568592853992,7.399647110719012,258483340000.0,266966340000.0,25.62285289452815,53.16399424105307,93.58556842867488,98.62012209080504,7.738790455375588,7.738790455375588,54.90874948580831,75.45685132843414,96.65689355539465,101.85667302556276,0.009756915087835,0.0101399184953273,0.4976198317415646,0.247505733091104,2.39768230638779,2.067081190960182,21.603896103896105,1.0951625693893736,0.001771874349813,0.1816019032513877,0.067461949814891,0.0,0.6443547666557465,0.0510499637943519,0.0290004113533525,0.9724137931034482,0.0139860139860139,19.204014038313,0.0440632054830427,0.1055981241887535,-8.834472871636525,8924000000.0,-9870000000.0,-16466000000.0,54433000000.0,2726500000.0,143500000.0,0.0,53.66310160427808,11.585220500595948,0.0,1.6771300448430493,7.768518518518518,0.0,0.075506721355648,0.0621967357741508,2018-02-01,0.99,amc,4456833333.0,2025-04-25,2017-12-31,0.090909090909091,121.19819672131148,8567200.327868853
2017-09-30,V,USD,1403161,2017-11-17,2017-11-16 20:07:25,2017,Q4,4855000000.0,822000000.0,4033000000.0,0.8306900103,0,382000000.0,290000000.0,672000000.0,149000000.0,821000000.0,1643000000.0,0.0,148000000.0,147000000.0,3394000000.0,0.6990731205,3212000000.0,0.6615859938,-113000000.0,3099000000.0,0.6383110196,959000000.0,2140000000.0,0.4407826982,0.91,0.9,2281000000,2368000000,https://www.sec.gov/Archives/edgar/data/1403161/000140316117000044/0001403161-17-000044-index.htm,https://www.sec.gov/Archives/edgar/data/1403161/000140316117000044/v093017.htm,2.1284524331433583,0.9381850065760632,1.213064445418676,1.1275756247259974,5.89127575624726,14.362121876370011,-4.470846120122753,14.362121876370011,8.117053923717668,240052440000.0,248545440000.0,28.04350934579439,49.44437487126674,86.75548970003614,93.33298600311042,7.327608058608059,7.327608058608059,51.19370545829042,73.23083087802003,89.82487893024937,96.63508553654744,0.0089147188006087,0.010714325586526,0.5606532356532357,0.2701943304352943,2.5023571007660577,1.9034420652391435,21.7027027027027,1.2929906542056075,0.0016246450150642,0.1822429906542056,0.0786817713697219,0.0,0.6319490415875958,0.070473436935309,0.0401647785787847,1.326530612244898,0.0107106076210092,17.411845584490447,0.0371330546960461,0.0855349934050122,-8.708241999123192,9029000000.0,-10198000000.0,-16194000000.0,54240000000.0,2539000000.0,154500000.0,0.0,47.34500514933058,19.5985401459854,0.0,1.9009397024275647,4.592178770949721,0.0,0.0653235653235653,0.0854888206926786,2017-10-25,0.85,bmo,4585277777.0,2025-04-25,2017-09-30,0.0588235294117647,110.43523809523808,7281278.761904762
2017-06-30,V,USD,1403161,2017-07-20,2017-07-20 16:12:42,2017,Q3,4565000000.0,856000000.0,3709000000.0,0.8124863089,0,332000000.0,221000000.0,553000000.0,132000000.0,685000000.0,1541000000.0,0.0,140000000.0,132000000.0,3186000000.0,0.6979189485,3024000000.0,0.6624315444,-110000000.0,2914000000.0,0.6383351588,855000000.0,2059000000.0,0.4510405257,0.87,0.86,2296000000,2385000000,https://www.sec.gov/Archives/edgar/data/1403161/000140316117000037/0001403161-17-000037-index.htm,https://www.sec.gov/Archives/edgar/data/1403161/000140316117000037/v63017form10q.htm,1.988240418118467,0.8967770034843205,1.5405052264808363,1.4555749128919862,4.438588850174216,13.912891986062718,-4.523954703832753,13.912891986062718,6.982142857142857,215318880000.0,223772880000.0,26.143623118018457,47.16733406352684,60.87613231552162,64.42815080789946,6.740510894064613,6.740510894064613,49.019250821467686,70.23630885122411,63.26629346904157,66.9577737881508,0.0095625613508671,0.0155211656311792,0.4974643125469571,0.248296875,2.6534839924670437,1.6526127641678057,21.6,1.7178241864983002,0.0018298441827302,0.1913550267119961,0.0727272727272727,0.0,0.661421875,0.0551314673452078,0.0427163198247535,1.4772727272727273,0.0146768893756845,16.754913776677654,0.0379943237124171,0.0950205362499423,-8.698606271777004,6207000000.0,-10387000000.0,-16338000000.0,50740000000.0,3477500000.0,125000000.0,0.0,49.76122672508215,13.66822429906542,0.0,1.808637083993661,6.584615384615384,0.0,0.0644565489606811,0.0849303135888501,2017-07-20,0.81,amc,4299593023.0,2025-04-25,2017-06-30,0.0617283950617283,101.42253968253968,7141800.428571428
2017-03-31,V,USD,1403161,2017-04-21,2017-04-21 08:25:29,2017,Q2,4477000000.0,854000000.0,3623000000.0,0.8092472638,0,489000000.0,193000000.0,682000000.0,133000000.0,815000000.0,1669000000.0,0.0,135000000.0,131000000.0,2968000000.0,0.6629439357,2808000000.0,0.6272057181,-106000000.0,2702000000.0,0.603529149,2272000000.0,430000000.0,0.0960464597,0.18,0.18,2318000000,2406000000,https://www.sec.gov/Archives/edgar/data/1403161/000140316117000028/0001403161-17-000028-index.htm,https://www.sec.gov/Archives/edgar/data/1403161/000140316117000028/v33117form10q.htm,1.9314063848144951,0.1855047454702329,0.1708369283865401,0.1078515962036238,3.4176013805004315,13.279982743744608,-4.511647972389992,13.279982743744608,6.912424503882657,206000660000.0,215461660000.0,119.76782558139536,46.013102524011614,520.2036868686869,824.00264,6.692026768021311,6.692026768021311,48.12634800089346,72.59489892183288,544.095101010101,861.84664,0.0020873719530801,0.001213588344814,0.5161290322580645,0.2512850522719724,3.18766846361186,1.51920438957476,20.8,0.9209302325581395,0.0019223239381854,0.9209302325581395,0.1092249274067456,0.0,0.6522688092112547,0.3686868686868687,0.0326111235202144,1.1145038167938932,0.0158588340406522,7.445048416321224,0.0081591591216991,0.0195579004821249,-9.14527610008628,5299000000.0,-10458000000.0,-16939000000.0,48673000000.0,3442000000.0,119000000.0,0.0,89.07527362072815,12.646370023419204,0.0,1.0103814037463326,7.116666666666666,0.0,0.0139687489848292,0.0629853321829163,2017-04-20,0.79,amc,4112593023.0,2025-04-25,2017-03-31,0.0886075949367087,92.81,8173341.380952381
2016-12-31,V,USD,1403161,2017-02-02,2017-02-02 16:13:41,2017,Q1,4461000000.0,716000000.0,3745000000.0,0.8394978704,0,266000000.0,218000000.0,484000000.0,161000000.0,645000000.0,1361000000.0,0.0,140000000.0,146000000.0,3265000000.0,0.7318986774,3100000000.0,0.6949114548,-121000000.0,2979000000.0,0.6677874916,909000000.0,2070000000.0,0.4640215198,0.86,0.86,2332000000,2421000000,https://www.sec.gov/Archives/edgar/data/1403161/000140316117000011/0001403161-17-000011-index.htm,https://www.sec.gov/Archives/edgar/data/1403161/000140316117000011/v123116form10q.htm,1.91295025728988,0.8876500857632933,1.0754716981132075,1.0021440823327616,4.082761578044597,13.604631217838763,-4.093910806174957,13.604631217838763,7.114493996569468,181942640000.0,192569640000.0,21.97374879227053,40.785169244564,72.54491228070175,77.85307659392383,5.734811826262371,5.734811826262371,43.16737054472092,58.97998162327718,76.78215311004784,82.4003594351733,0.0113772120707933,0.0128447075407941,0.5185336947613944,0.2596023354899794,3.2548238897396637,1.4204622376946137,22.142857142857142,1.211594202898551,0.0021929988484282,0.1927536231884058,0.0596278861241874,0.0,0.6513018778601862,0.0681818181818181,0.0383322125084061,1.1712328767123288,0.0100874243443174,16.483732026276165,0.0389230340401312,0.0936778748246368,-8.697791595197256,4348000000.0,-9547000000.0,-16955000000.0,47822000000.0,2480500000.0,160500000.0,0.0,49.48890383322125,14.83240223463687,0.0,1.818589482266612,6.067796610169491,0.0,0.0652461703334804,0.0733276157804459,2017-02-02,0.78,amc,4046023255.0,2025-04-25,2016-12-31,0.1025641025641025,86.0217741935484,8127748.564516129
2016-09-30,V,USD,1403161,2016-11-15,2016-11-15 16:44:02,2016,Q4,4261000000.0,851000000.0,3410000000.0,0.800281624,0,343000000.0,300000000.0,643000000.0,142000000.0,785000000.0,1636000000.0,0.0,135000000.0,141000000.0,2786000000.0,0.6538371274,2625000000.0,0.6160525698,-115000000.0,2510000000.0,0.5890636001,579000000.0,1931000000.0,0.4531800047,0.79,0.79,2350000000,2440000000,https://www.sec.gov/Archives/edgar/data/1403161/000140316116000058/0001403161-16-000058-index.htm,https://www.sec.gov/Archives/edgar/data/1403161/000140316116000058/v093016.htm,1.813191489361702,0.8217021276595745,1.043404255319149,0.983404255319149,3.803404255319149,14.005106382978724,-3.994893617021277,14.005106382978724,6.815744680851064,194345000000.0,204608000000.0,25.16118591403417,45.61018540248768,79.25978792822187,84.0956295975768,5.904989061740399,5.904989061740399,48.01877493546116,73.44149318018665,83.44535073409462,88.53656425789701,0.0099359386657747,0.0118912243690344,0.4825595527467185,0.2480206137268681,3.683776022972003,1.77889634601044,19.444444444444443,1.2698083894355257,0.0017443206668553,0.1755567063697566,0.0804975357897207,0.0,0.6605762473647224,0.0575040783034257,0.0330908237502933,1.0,0.0161933818352499,16.091319975139605,0.0360690869912622,0.0888428801472279,-8.64,6267000000.0,-9388000000.0,-16810000000.0,50717000000.0,2536500000.0,159000000.0,0.0,52.97348040366111,21.46886016451234,0.0,1.69896331738437,4.192118226600985,0.0,0.0586716091395235,0.06,2016-10-24,0.73,amc,3987858974.0,2025-04-25,2016-09-30,0.0684931506849315,80.39539682539683,10451142.84126984
2016-06-30,V,USD,1403161,2016-07-25,2016-07-25 16:14:07,2016,Q3,3630000000.0,632000000.0,2998000000.0,0.8258953168,0,384000000.0,189000000.0,573000000.0,1997000000.0,2570000000.0,3202000000.0,0.0,131000000.0,120000000.0,673000000.0,0.185399449,428000000.0,0.1179063361,-6000000.0,422000000.0,0.1162534435,10000000.0,412000000.0,0.1134986226,0.17,0.17,2375000000,2386000000,https://www.sec.gov/Archives/edgar/data/1403161/000140316116000039/0001403161-16-000039-index.htm,https://www.sec.gov/Archives/edgar/data/1403161/000140316116000039/v63016form10q.htm,1.528421052631579,0.1734736842105263,0.127578947368421,0.072,3.685052631578947,13.821894736842106,-3.913684210526316,13.821894736842106,6.741052631578947,176153750000.0,186145750000.0,106.889411407767,48.52720385674931,581.3655115511551,1030.138888888889,5.366123922380967,5.366123922380967,51.27982093663912,276.5910104011887,614.3424092409241,1088.571637426901,0.0023388659054944,0.00097074288796,0.4837176714290066,0.2486260510122598,14.846953937592868,1.8468456893228835,3.267175572519084,0.7354368932038835,0.0019017477629627,0.8131067961165048,0.1057851239669421,0.0,0.6595268291919144,0.4356435643564356,0.0363636363636363,1.1,0.0151515151515151,7.345000855161752,0.0074505709276302,0.0189468843412278,-8.574421052631578,6591000000.0,-9295000000.0,-16666000000.0,50849000000.0,1961500000.0,102500000.0,0.0,63.595041322314046,16.376582278481013,0.0,1.4152046783625731,5.495652173913044,0.0,0.0125506442867152,0.055578947368421,2016-07-21,0.67,amc,3472173913.0,2025-04-25,2016-06-30,0.0298507462686565,80.0590625,8004146.140625
2016-03-31,V,USD,1403161,2016-04-25,2016-04-25 16:19:11,2016,Q2,3626000000.0,654000000.0,2972000000.0,0.8196359625,0,230000000.0,186000000.0,416000000.0,122000000.0,538000000.0,1192000000.0,0.0,132000000.0,121000000.0,2694000000.0,0.7429674573,2434000000.0,0.6712630998,7000000.0,2441000000.0,0.6731936018,734000000.0,1707000000.0,0.4707666851,0.71,0.71,2389000000,2401000000,https://www.sec.gov/Archives/edgar/data/1403161/000140316116000022/0001403161-16-000022-index.htm,https://www.sec.gov/Archives/edgar/data/1403161/000140316116000022/v33116form10q.htm,1.5177898702385937,0.714524905818334,0.3516115529510255,0.2997069903725408,8.328589367936376,12.19380493930515,2.494767685223943,12.19380493930515,6.700711594809544,182710720000.0,182643720000.0,26.75903925014645,50.38905681191395,217.51276190476196,255.18256983240224,6.272037348529058,6.272037348529058,50.370579150579154,67.79648106904231,217.433,255.08899441340785,0.0093426373668715,0.0039187629494317,0.5449864405616011,0.2922357618819718,-0.0248700816629547,4.742048780487805,18.439393939393938,0.492091388400703,0.0018389725572752,0.1968365553602812,0.063430777716492,0.0,0.4265176895041048,0.1476190476190476,0.0341974627688913,1.024793388429752,0.0159955874241588,14.0013388585179,0.0345949243928214,0.0547905633124699,-1.7913352867308496,19178000000.0,5960000000.0,-892000000.0,44232000000.0,1361500000.0,104000000.0,0.0,33.706563706563706,12.38532110091743,0.0,2.670103092783505,7.266666666666667,0.0,0.0585973704987813,0.0519045625784847,2016-04-21,0.67,amc,3572676470.0,2025-04-25,2016-03-31,0.0149253731343283,78.2975,8656170.15625
2015-12-31,V,USD,1403161,2016-01-28,2016-01-28 16:17:17,2016,Q1,3565000000.0,627000000.0,2938000000.0,0.8241234222,0,228000000.0,194000000.0,422000000.0,120000000.0,542000000.0,1169000000.0,0.0,29000000.0,120000000.0,2788000000.0,0.7820476858,2396000000.0,0.6720897616,243000000.0,2639000000.0,0.7402524544,698000000.0,1941000000.0,0.5444600281,0.8,0.8,2421000000,2430000000,https://www.sec.gov/Archives/edgar/data/1403161/000140316116000015/0001403161-16-000015-index.htm,https://www.sec.gov/Archives/edgar/data/1403161/000140316116000015/v123115form10q.htm,1.4725320115654688,0.8017348203221809,0.8174308137133416,0.7653862040479141,8.816604708798017,12.17513424204874,2.603469640644362,12.17513424204874,6.57001239157373,187748550000.0,190788550000.0,24.181935857805257,52.66438990182328,94.87041435068215,101.32139773340528,6.369539625458,6.369539625458,53.51712482468443,68.4320480631277,96.40654370894391,102.96198057204532,0.0103382955554117,0.0098695835467171,0.5386416067308997,0.2887934954617385,1.09038737446198,4.755086802314729,82.62068965517241,1.0195775373518805,0.0018109327608655,0.1751674394641937,0.0639551192145862,0.0,0.421503537843098,0.0636685194542698,0.0353436185133239,1.05,0.0109396914446002,14.819839875613232,0.0355153581772436,0.0610300591120613,-1.293783560512185,20116000000.0,6303000000.0,-28000000.0,45173000000.0,1348500000.0,122500000.0,0.0,34.460028050490884,16.9377990430622,0.0,2.611721611721612,5.313559322033898,0.0,0.0658501831998914,0.0520446096654275,2016-01-28,0.68,amc,3513333333.0,2025-04-25,2015-12-31,0.014705882352941,72.65409836065574,10983512.770491805
2015-09-30,V,USD,1403161,2015-11-20,2015-11-19 18:24:51,2015,Q4,3571000000.0,655000000.0,2916000000.0,0.8165779894,0,250000000.0,253000000.0,503000000.0,130000000.0,633000000.0,1288000000.0,0.0,0.0,119000000.0,2413000000.0,0.6757210865,2283000000.0,0.639316718,0.0,2283000000.0,0.639316718,771000000.0,1512000000.0,0.4234108093,0.62,0.62,2428000000,2440000000,https://www.sec.gov/Archives/edgar/data/1403161/000140316115000013/0001403161-15-000013-index.htm,https://www.sec.gov/Archives/edgar/data/1403161/000140316115000013/v093015.htm,1.4707578253706757,0.6227347611202636,0.714168039538715,0.657331136738056,2.477347611202636,12.290774299835256,2.741350906095552,12.290774299835256,0.0,169134480000.0,165616480000.0,27.96535714285714,47.36333800056007,97.54006920415225,105.97398496240602,5.6676657060518725,5.6676657060518725,46.37817978157379,68.63509324492333,95.5112341407151,103.76972431077694,0.008939631942582,0.0094362781616143,0.0,0.0,-1.4579361790302527,2.026795682917752,0.0,1.1468253968253967,0.0017264368566362,0.1931216931216931,0.0700084010081209,0.0,0.5762501242668258,0.0795847750865051,0.0386446373564827,1.1596638655462186,0.0134416129935592,13.122979042343896,0.0433710056795364,0.0886803519061583,-1.3920922570016474,5518000000.0,6656000000.0,498000000.0,30592000000.0,1464000000.0,108000000.0,0.0,33.57042845141417,17.450381679389313,0.0,2.680930930930931,5.15748031496063,0.0,0.050666845385698,0.0568369028006589,2015-11-02,0.63,bmo,3628596774.0,2025-04-25,2015-09-30,-0.0158730158730158,77.4634375,8715797.1875
2015-06-30,V,USD,1403161,2015-07-23,2015-07-23 16:21:36,2015,Q3,3518000000.0,683000000.0,2835000000.0,0.8058555998,0,219000000.0,224000000.0,443000000.0,130000000.0,573000000.0,1256000000.0,8000000.0,8000000.0,130000000.0,2392000000.0,0.6799317794,2262000000.0,0.6429789653,-94000000.0,2168000000.0,0.6162592382,471000000.0,1697000000.0,0.4823763502,0.69,0.69,2439000000,2448000000,https://www.sec.gov/Archives/edgar/data/1403161/000140316115000010/0001403161-15-000010-index.htm,https://www.sec.gov/Archives/edgar/data/1403161/000140316115000010/v63015form10q.htm,1.4423944239442394,0.6957769577695777,0.8655186551865519,0.8351783517835178,1.936039360393604,11.737187371873718,2.225092250922509,11.737187371873718,0.003280032800328,163778850000.0,161631850000.0,24.127703299941075,46.55453382603752,77.58353860729513,80.4019882179676,5.721132147972195,5.721132147972195,45.944243888573055,67.57184364548495,76.566485078162,79.34798723613157,0.0103615332504777,0.0124375033772675,0.0,0.0,-0.8975752508361204,1.739160476766281,282.75,1.243959929286977,0.0017951035802241,0.1732469063052445,0.0622512791358726,0.0,0.5883994014557813,0.0350544765513974,0.0210346787947697,0.5692307692307692,0.0130756111426947,13.55527394608499,0.0526331276243796,0.104565900548401,-2.002050020500205,4279000000.0,5427000000.0,-734000000.0,29326000000.0,1585500000.0,85000000.0,0.0,40.83001705514497,11.727672035139092,0.0,2.2042606516290726,7.674157303370786,0.0,0.0592797009815908,0.030340303403034,2015-07-23,0.59,amc,2804891891.0,2025-04-25,2015-06-30,0.0677966101694916,71.3828125,8713394.65625
2015-03-31,V,USD,1403161,2015-04-30,2015-04-30 16:25:20,2015,Q2,3409000000.0,592000000.0,2817000000.0,0.8263420358,0,218000000.0,190000000.0,408000000.0,128000000.0,536000000.0,1128000000.0,0.0,7000000.0,125000000.0,2414000000.0,0.70812555,2281000000.0,0.6691111763,1000000.0,2282000000.0,0.6694045175,732000000.0,1550000000.0,0.4546787914,0.63,0.63,2447000000,2460000000,https://www.sec.gov/Archives/edgar/data/1403161/000140316115000007/0001403161-15-000007-index.htm,https://www.sec.gov/Archives/edgar/data/1403161/000140316115000007/v33115form10q.htm,1.3931344503473642,0.63342868818962,0.3996730690641601,0.3596240294237842,1.8823048630976704,11.539436044135677,2.0862280343277484,11.539436044135677,0.0028606456885982,160058270000.0,158019270000.0,25.81585,46.95167791141097,163.65876278118608,181.88439772727276,5.6683879307291845,5.6683879307291845,46.35355529480786,65.45951532725766,161.5738957055215,179.56735227272728,0.0096839732180036,0.0054979976979633,0.0,0.0,-0.8446561723280862,1.8565129524159472,325.85714285714283,0.6309677419354839,0.0018368310490923,0.1896774193548387,0.0639483719565855,0.0,0.5956482554396807,0.1002044989775051,0.028747433264887,0.784,0.0140803754766793,12.82426299275751,0.0463979627232057,0.0987072533910717,-1.9659787494891705,4662000000.0,5105000000.0,-493000000.0,29637000000.0,1487500000.0,108000000.0,0.0,41.58110882956879,12.31418918918919,0.0,2.1644444444444444,7.308641975308642,0.0,0.0548925169104366,0.0400490396403759,2015-04-30,0.62,amc,3354888888.0,2025-04-25,2015-03-31,0.0161290322580645,67.76952380952382,6927361.063492063
2014-12-31,V,USD,1403161,2015-01-29,2015-01-29 16:17:49,2015,Q1,3382000000.0,623000000.0,2759000000.0,0.8157894737,0,196000000.0,205000000.0,401000000.0,120000000.0,521000000.0,1144000000.0,0.0,3000000.0,120000000.0,2385000000.0,0.7052040213,2238000000.0,0.6617386162,24000000.0,2262000000.0,0.6688350089,693000000.0,1569000000.0,0.4639266706,0.63,0.63,2466000000,2478000000,https://www.sec.gov/Archives/edgar/data/1403161/000140316115000003/0001403161-15-000003-index.htm,https://www.sec.gov/Archives/edgar/data/1403161/000140316115000003/v123114form10q.htm,1.3714517437145175,0.6362530413625304,0.7141119221411192,0.6719383617193836,1.8572587185725875,11.330900243309005,1.9440389294403893,11.330900243309005,0.0012165450121654,161646300000.0,159561300000.0,25.75626195028681,47.796067415730334,91.7923339011925,97.5535908267954,5.785065492806528,5.785065492806528,47.17956830277942,66.90201257861635,90.6083475298126,96.29529269764636,0.0097063774426015,0.0102507759224925,0.0,0.0,-0.8742138364779874,1.7012763021731632,746.0,1.1223709369024857,0.001837344869632,0.1892925430210325,0.0579538734476641,0.0,0.595309124575661,0.0590573537762634,0.0307510348905972,0.8666666666666667,0.0133057362507392,12.7361569626229,0.0469187204601912,0.099707676664972,-2.154095701540957,4066000000.0,4794000000.0,-1078000000.0,29075000000.0,1504000000.0,141000000.0,0.0,37.25606150206978,19.502407704654896,0.0,2.415714285714286,4.614814814814815,0.0,0.0561520292033497,0.0421735604217356,2015-01-29,0.62,amc,3328317460.0,2025-04-25,2014-12-31,0.0161290322580645,66.12213114754098,11315688.86885246
2014-09-30,V,USD,1403161,2014-11-21,2014-11-20 18:57:50,2014,Q4,3229000000.0,624000000.0,2605000000.0,0.8067513162,0,247000000.0,241000000.0,488000000.0,565000000.0,1053000000.0,1677000000.0,0.0,0.0,112000000.0,2117000000.0,0.6556209353,1552000000.0,0.4806441623,-2000000.0,1550000000.0,0.4800247755,477000000.0,1073000000.0,0.332301022,0.43,0.43,2476000000,2492000000,https://www.sec.gov/Archives/edgar/data/1403161/000140316114000017/0001403161-14-000017-index.htm,https://www.sec.gov/Archives/edgar/data/1403161/000140316114000017/v09301410-k.htm,1.304119547657512,0.4333602584814216,0.7241518578352181,0.6324717285945073,1.5953150242326333,11.071486268174477,1.7160743134087235,11.071486268174477,0.0,132069840000.00002,130098840000.00002,30.771164958061515,40.90115825332921,73.65858337981038,84.33578544061304,4.817781344617518,4.817781344617518,40.29075255497058,61.45434104865376,72.55930842163971,83.07716475095786,0.0081244892853659,0.0118573627408044,0.0,0.0,-0.9310344827586208,1.592074592074592,0.0,1.6710158434296365,0.0018777943548655,0.2311276794035414,0.0764942706720346,0.0,0.6005859628198813,0.1266034578918014,0.0703004026014245,2.0267857142857144,0.0130071229482812,10.39007691965589,0.0329940274584354,0.0696527101590392,-2.423263327948304,3556000000.0,4249000000.0,-1594000000.0,28612000000.0,1603500000.0,124000000.0,0.0,44.81882935893466,21.20192307692308,0.0,2.008084577114428,4.244897959183674,0.0,0.0391420129135811,0.0916801292407108,2014-10-29,0.52,amc,3111581818.0,2025-04-25,2014-09-30,0.0576923076923077,60.19796875,11445403.625
2014-06-30,V,USD,1403161,2014-07-24,2014-07-24 16:22:20,2014,Q3,3155000000.0,590000000.0,2565000000.0,0.8129952456,0,208000000.0,228000000.0,436000000.0,109000000.0,545000000.0,1135000000.0,0.0,0.0,109000000.0,2129000000.0,0.6748019017,2020000000.0,0.6402535658,10000000.0,2030000000.0,0.6434231379,670000000.0,1360000000.0,0.4310618067,0.54,0.54,2490000000,2511000000,https://www.sec.gov/Archives/edgar/data/1403161/000140316114000012/0001403161-14-000012-index.htm,https://www.sec.gov/Archives/edgar/data/1403161/000140316114000012/v63014form10q.htm,1.2670682730923697,0.5461847389558233,0.7799196787148595,0.736144578313253,1.632128514056225,10.958232931726908,1.6538152610441768,10.958232931726908,0.0,131173200000.0,129115200000.0,24.11272058823529,41.57629160063392,67.54541709577755,71.5620294599018,4.807344425712819,4.807344425712819,40.923993660855785,60.64593705965242,66.48568486096808,70.43927986906711,0.0103679715063747,0.0139738910082242,0.0,0.0,-0.9666510098637858,1.6983439969890854,0.0,1.4279411764705885,0.0019135006236029,0.1845588235294117,0.0659270998415214,0.0,0.614943596549436,0.0561277033985581,0.0345483359746434,1.0,0.0129952456418383,11.6046301469598,0.0418188712527683,0.0937478458675122,-2.058534136546185,3711000000.0,4118000000.0,-1364000000.0,28651000000.0,1591500000.0,107500000.0,0.0,45.61331220285262,15.406779661016948,0.0,1.9731081926203875,5.841584158415841,0.0,0.0498424100271201,0.0437751004016064,2014-07-24,0.52,amc,3038148148.0,2025-04-25,2014-06-30,0.0384615384615384,53.74265625,9470483.6875
2014-03-31,V,USD,1403161,2014-04-24,2014-04-24 16:20:41,2014,Q2,3163000000.0,566000000.0,2597000000.0,0.8210559595,0,197000000.0,245000000.0,442000000.0,107000000.0,549000000.0,1115000000.0,0.0,0.0,107000000.0,2155000000.0,0.6813152071,2048000000.0,0.6474865634,13000000.0,2061000000.0,0.6515965855,463000000.0,1598000000.0,0.5052165666,0.63,0.63,2511000000,2534000000,https://www.sec.gov/Archives/edgar/data/1403161/000140316114000008/0001403161-14-000008-index.htm,https://www.sec.gov/Archives/edgar/data/1403161/000140316114000008/v33114form10q.htm,1.259657506969335,0.6363998407009159,0.7682198327359617,0.729589804858622,1.3914774990043808,10.870171246515332,1.7112704101951417,10.870171246515332,0.0,135518670000.0,133698670000.0,21.201293804755945,42.844979449889344,70.25332814930016,73.9730731441048,4.96496318006961,4.96496318006961,42.26957635156497,62.04114617169373,69.30983411093831,72.97962336244541,0.0117917331980899,0.0135184325525036,0.0,0.0,-0.8445475638051044,1.714775246926023,0.0,1.207133917396746,0.0018669014387464,0.1583229036295369,0.0622826430603857,0.0,0.6171805812736495,0.0502851218247796,0.030667088207398,0.9065420560747663,0.0139108441353145,12.475974635981984,0.0491585792513527,0.1120224325271643,-2.105137395459976,3546000000.0,4297000000.0,-1461000000.0,28304000000.0,1656000000.0,107500000.0,0.0,45.07113499841922,18.12720848056537,0.0,1.9968434343434345,4.964912280701754,0.0,0.0585455211577211,0.0386300278773397,2014-04-24,0.55,amc,3163000000.0,2025-04-25,2014-03-31,0.0,52.27269841269841,12855719.873015871
2013-12-31,V,USD,1403161,2014-01-30,2014-01-30 07:21:45,2014,Q1,3155000000.0,602000000.0,2553000000.0,0.8091917591,0,183000000.0,186000000.0,369000000.0,107000000.0,476000000.0,1078000000.0,0.0,0.0,107000000.0,2184000000.0,0.6922345483,2077000000.0,0.6583201268,6000000.0,2083000000.0,0.66022187,676000000.0,1407000000.0,0.4459587956,0.55,0.55,2532000000,2556000000,https://www.sec.gov/Archives/edgar/data/1403161/000140316114000005/0001403161-14-000005-index.htm,https://www.sec.gov/Archives/edgar/data/1403161/000140316114000005/v123113form10q.htm,1.246050552922591,0.5556872037914692,0.608609794628752,0.561216429699842,1.6153238546603474,10.669036334913113,1.5793838862559242,10.669036334913113,0.0,140956440000.0,138835440000.0,25.045565031982942,44.67716006339144,91.47075924724206,99.19524278676988,5.217903309395129,5.217903309395129,44.00489381933439,63.56934065934066,90.0943802725503,97.70263194933146,0.0099818071455266,0.0100811286096612,0.0,0.0,-0.971153846153846,1.7708095781071835,0.0,1.0952380952380951,0.0018019751350133,0.1805259417199715,0.0580031695721077,0.0,0.6349315824321342,0.0778715120051914,0.0380348652931854,1.1214953271028036,0.0142630744849445,11.549656132638438,0.0440306057668972,0.106325096350034,-1.5197472353870458,3380000000.0,3999000000.0,-1469000000.0,28141000000.0,1644000000.0,142500000.0,0.0,49.29318541996831,15.09966777408638,0.0,1.825810185185185,5.96039603960396,0.0,0.0520841045383875,0.0473933649289099,2014-01-30,0.54,bmo,3097636363.0,2025-04-25,2013-12-31,0.0185185185185185,55.575901639344266,13120131.409836063
2013-09-30,V,USD,1403161,2013-11-22,2013-11-21 19:53:37,2013,Q4,2973000000.0,621000000.0,2352000000.0,0.7911200807,0,259000000.0,236000000.0,495000000.0,106000000.0,601000000.0,1222000000.0,0.0,0.0,106000000.0,1857000000.0,0.6246215943,1751000000.0,0.588967373,15000000.0,1766000000.0,0.5940127817,574000000.0,1192000000.0,0.4009418096,0.47,0.46,2556000000,2576000000,https://www.sec.gov/Archives/edgar/data/1403161/000140316113000011/0001403161-13-000011-index.htm,https://www.sec.gov/Archives/edgar/data/1403161/000140316113000011/v09301310-k.htm,1.1631455399061033,0.4663536776212832,0.8000782472613458,0.7460876369327074,1.6647104851330203,10.512519561815337,1.501564945226917,10.512519561815337,0.0,122125680000.0,119939680000.0,25.61360738255033,41.07826437941473,59.71915892420539,64.04073413738857,4.5450569408262,4.5450569408262,40.342980154725865,64.58787291330103,58.650210268948655,62.89443104352386,0.0097604369531453,0.0156150614678256,0.0,0.0,-1.1771674744211094,1.8043829296424447,0.0,1.7156040268456376,0.0017277283532832,0.1770134228187919,0.0871173898419105,0.0,0.6405606852820114,0.067481662591687,0.0464177598385469,1.30188679245283,0.0134544231416078,10.50273409980282,0.0373762823657873,0.09223150727329,-1.432316118935837,3487000000.0,3838000000.0,-1264000000.0,28251000000.0,1399000000.0,157500000.0,0.0,47.22502522704339,26.666666666666668,0.0,1.9057692307692309,3.375,0.0,0.0443617417193896,0.0539906103286385,2013-10-30,0.46,amc,2973000000.0,2025-04-25,2013-09-30,0.0,50.4196875,11846909.5625
2013-06-30,V,USD,1403161,2013-07-24,2013-07-24 16:25:21,2013,Q3,3001000000.0,610000000.0,2391000000.0,0.7967344219,0,211000000.0,252000000.0,463000000.0,100000000.0,563000000.0,1173000000.0,0.0,0.0,101000000.0,1928000000.0,0.6424525158,1828000000.0,0.6091302899,5000000.0,1833000000.0,0.6107964012,608000000.0,1225000000.0,0.4081972676,0.47,0.47,2584000000,2604000000,https://www.sec.gov/Archives/edgar/data/1403161/000140316113000007/0001403161-13-000007-index.htm,https://www.sec.gov/Archives/edgar/data/1403161/000140316113000007/v063013form10q.htm,1.161377708978328,0.4740712074303405,0.8347523219814241,0.7875386996904025,1.295665634674923,10.450077399380804,1.5301857585139318,10.450077399380804,0.0,119665040000.0,118212040000.0,24.42143673469388,39.875054981672776,55.477533611497456,58.80345945945946,4.431546124504685,4.431546124504685,39.390883038987006,61.31329875518672,54.80391284191006,58.089454545454544,0.0102369079557404,0.0170058021958627,0.0,0.0,-0.7536307053941909,1.8907654590029963,0.0,1.7608163265306125,0.0018050384640326,0.1763265306122449,0.0703098967010996,0.0,0.6532237494686127,0.0565600370885489,0.0406531156281239,1.207920792079208,0.0136621126291236,10.557784721969938,0.0386429582893848,0.1001144164759725,-1.5501160990712075,3270000000.0,3954000000.0,-1341000000.0,28008000000.0,1264000000.0,124500000.0,0.0,37.12762412529157,19.327868852459016,0.0,2.4240710823909533,4.656488549618321,0.0,0.0453653297781727,0.0472136222910216,2013-07-24,0.45,amc,2873297872.0,2025-04-25,2013-06-30,0.0444444444444443,46.20546875,15535290.1875
2013-03-31,V,USD,1403161,2013-05-01,2013-05-01 16:24:48,2013,Q2,2958000000.0,605000000.0,2353000000.0,0.7954699121,0,199000000.0,195000000.0,394000000.0,99000000.0,493000000.0,1098000000.0,0.0,0.0,98000000.0,1959000000.0,0.6622718053,1860000000.0,0.6288032454,-3000000.0,1857000000.0,0.6277890467,587000000.0,1270000000.0,0.4293441515,0.48,0.48,2620000000,2640000000,https://www.sec.gov/Archives/edgar/data/1403161/000140316113000004/0001403161-13-000004-index.htm,https://www.sec.gov/Archives/edgar/data/1403161/000140316113000004/v033113form10q.htm,1.1290076335877863,0.4847328244274809,0.6274809160305344,0.5851145038167939,1.037786259541985,10.26526717557252,1.4614503816793891,10.26526717557252,0.0,109620800000.00002,108243800000.00002,21.57889763779528,37.05909398242056,66.6793187347932,71.50737116764515,4.075880275144079,4.075880275144079,36.59357674104125,55.25461970393059,65.84172749391729,70.60913242009133,0.011585392553238,0.0139845722709558,0.0,0.0,-0.7029096477794793,1.953659225769992,0.0,1.294488188976378,0.0019795513260257,0.1708661417322834,0.0672751859364435,0.0,0.6579195071165749,0.0675182481751824,0.037525354969574,1.1326530612244898,0.0169033130493576,10.58102163825188,0.040356970059782,0.1058951054781956,-1.708969465648855,3375000000.0,3829000000.0,-1250000000.0,28115000000.0,1475000000.0,116000000.0,0.0,39.24949290060851,17.553719008264462,0.0,2.2930232558139534,5.127118644067797,0.0,0.0472206729875441,0.0423664122137404,2013-05-01,0.45,amc,2773125000.0,2025-04-25,2013-03-31,0.0666666666666666,43.7615625,11992856.75
2012-12-31,V,USD,1403161,2013-02-06,2013-02-06 16:17:56,2013,Q1,2846000000.0,564000000.0,2282000000.0,0.8018271258,0,194000000.0,193000000.0,387000000.0,95000000.0,482000000.0,1046000000.0,0.0,0.0,92000000.0,1895000000.0,0.6658468025,1800000000.0,0.6324666198,1000000.0,1801000000.0,0.6328179902,508000000.0,1293000000.0,0.4543218552,0.49,0.48,2656000000,2676000000,https://www.sec.gov/Archives/edgar/data/1403161/000138410813000004/0001384108-13-000004-index.htm,https://www.sec.gov/Archives/edgar/data/1403161/000138410813000004/v123112form10q.htm,1.0715361445783131,0.4868222891566265,-1.063253012048193,-1.1009036144578312,1.0485692771084338,10.387048192771084,1.6957831325301205,10.387048192771084,0.0,100662400000.0,99328400000.0,19.462954369682908,35.369782150386506,-35.64532577903683,-34.42626538987688,3.6487748296360736,3.6487748296360736,34.90105411103303,52.41604221635884,-35.17294617563739,-33.970041039671685,0.0128449152811774,-0.0290475887719744,0.0,0.0,-0.7039577836411609,1.971443821724046,0.0,-2.184068058778036,0.0021855230950185,0.1701469450889404,0.0681658468025298,0.0,0.6437435511308179,-0.0354107648725212,0.0351370344342937,1.0869565217391304,0.0168657765284609,10.66651527082125,0.0402429641728685,0.1012133072407045,-1.5967620481927711,3640000000.0,4504000000.0,-884000000.0,28365000000.0,1508000000.0,133000000.0,0.0,52.49472944483485,18.19148936170213,0.0,1.7144578313253012,4.947368421052632,0.0,0.0468682035667681,0.0376506024096385,2013-02-06,0.45,amc,2784130434.0,2025-04-25,2012-12-31,0.0222222222222222,39.77783333333333,12363555.266666668
2012-09-30,V,USD,1403161,2012-11-16,2012-11-15 20:15:57,2012,Q4,2731000000.0,582000000.0,2149000000.0,0.7868912486,0,265000000.0,271000000.0,536000000.0,91000000.0,627000000.0,1209000000.0,0.0,0.0,89000000.0,1613000000.0,0.5906261443,1522000000.0,0.5573050165,66000000.0,1588000000.0,0.5814719883,-74000000.0,1662000000.0,0.60856829,0.52,0.44,3232000000,3808000000,https://www.sec.gov/Archives/edgar/data/1403161/000138410812000011/0001384108-12-000011-index.htm,https://www.sec.gov/Archives/edgar/data/1403161/000138410812000011/v09301210-k.htm,0.8449876237623762,0.5142326732673267,0.4235767326732673,0.390779702970297,0.8715965346534653,8.548886138613861,1.401299504950495,8.548886138613861,0.0,110469760000.0,108395760000.0,16.61699157641396,40.45029659465397,80.69376186997808,87.46615993665876,3.998181686572566,3.998181686572566,39.69086781398755,67.20133911965281,79.17878743608473,85.82403800475059,0.0150448412307585,0.0114329930652515,0.0,0.0,-1.2858028518288902,1.4817701785265276,0.0,0.8237063778580024,0.0013306809030815,0.0884476534296028,0.0970340534602709,0.0,0.5773373653562592,0.0774287801314828,0.0388136213841083,1.1910112359550562,0.0128158183815452,9.945482536390152,0.0496872776209292,0.0982734153263954,-2.645111386138614,3832000000.0,4529000000.0,-597000000.0,28567000000.0,1296000000.0,131500000.0,0.0,44.68692786525082,23.505154639175256,0.0,2.0140117994100293,3.8289473684210527,0.0,0.0601520086862106,0.0327970297029703,2012-10-31,0.37,amc,2590948717.0,2025-04-25,2012-09-30,0.0540540540540541,36.01870967741935,11192022.70967742
2012-06-30,V,USD,1403161,2012-07-27,2012-07-27 16:09:17,2012,Q3,2565000000.0,537000000.0,2028000000.0,0.7906432749,0,211000000.0,242000000.0,453000000.0,4182000000.0,4635000000.0,5172000000.0,0.0,0.0,84000000.0,1575000000.0,0.6140350877,-2607000000.0,-1.016374269,0.0,-2607000000.0,-1.016374269,-768000000.0,-1839000000.0,-0.7169590643,0.57,0.48,3240000000,3828000000,https://www.sec.gov/Archives/edgar/data/1403161/000138410812000008/0001384108-12-000008-index.htm,https://www.sec.gov/Archives/edgar/data/1403161/000138410812000008/v63012form10q.htm,0.7916666666666666,-0.5675925925925925,0.3879629629629629,0.3546296296296296,0.7108024691358025,8.073456790123457,0.9382716049382716,8.073456790123457,0.0,100148400000.0,98590400000.0,-13.61451876019576,39.04421052631579,79.67255369928401,87.16135770234987,3.828595458368377,3.828595458368377,38.43680311890838,62.59707936507937,78.43309466984884,85.80539599651871,-0.0183627496794756,0.011472974106426,0.0,0.0,-0.9892063492063492,1.3877005347593585,0.0,-0.6835236541598695,0.0014778069345091,-0.0804785209352909,0.082261208576998,0.0,0.5967321442399525,0.0859188544152744,0.0421052631578947,1.2857142857142858,0.0140350877192982,,-0.0595396121345549,-0.1177110670165781,-2.8867283950617284,3045000000.0,3040000000.0,-1684000000.0,27744000000.0,1199500000.0,93000000.0,0.0,43.36842105263158,18.60335195530726,0.0,2.075242718446602,4.837837837837838,0.0,-0.0703035400259958,0.0333333333333333,2012-07-25,0.36,amc,2367692307.0,2025-04-25,2012-06-30,-2.916666666666666,32.20904761904762,12158570.92063492
2012-03-31,V,USD,1403161,2012-05-02,2012-05-02 16:44:29,2012,Q2,2578000000.0,534000000.0,2044000000.0,0.7928626843,0,188000000.0,170000000.0,358000000.0,80000000.0,438000000.0,972000000.0,0.0,7000000.0,80000000.0,1686000000.0,0.6539953452,1606000000.0,0.6229635376,3000000.0,1609000000.0,0.6241272304,317000000.0,1292000000.0,0.5011636928,0.48,0.48,2676000000,2704000000,https://www.sec.gov/Archives/edgar/data/1403161/000138410812000004/0001384108-12-000004-index.htm,https://www.sec.gov/Archives/edgar/data/1403161/000138410812000004/v33112form10q.htm,0.9633781763826608,0.4828101644245142,0.4099402092675635,0.3871449925261584,1.1050074738415545,10.658071748878925,2.023916292974589,10.658071748878925,0.0026158445440956,78942000000.0,76900000000.0,15.27515479876161,30.621411947245928,71.96171376481313,76.1988416988417,2.7678552645419168,2.7678552645419168,29.82932505818464,45.61091340450771,70.10027347310847,74.22779922779922,0.0163664462516784,0.0131235590686833,0.0,0.0,-1.2111506524317912,2.8700864231948704,229.42857142857144,0.8490712074303406,0.001874794152669,0.1145510835913312,0.0729247478665632,0.0,0.6270694240894534,0.0556061987237921,0.0236617532971295,0.7625,0.0147401086113266,10.760161286165802,0.0387741979717317,0.0940251801178953,-1.680026158445441,6708000000.0,5416000000.0,1970000000.0,31353000000.0,1150500000.0,81000000.0,0.0,40.60124127230412,12.640449438202248,0.0,2.216680997420464,7.12,0.0,0.0452999544195505,0.022795216741405,2012-05-02,0.38,amc,2449100000.0,2025-04-25,2012-03-31,0.0526315789473684,29.76809523809524,15038224.253968254
2011-12-31,V,USD,1403161,2012-02-08,2012-02-08 16:27:18,2012,Q1,2547000000.0,487000000.0,2060000000.0,0.8087946604,0,172000000.0,190000000.0,362000000.0,80000000.0,442000000.0,929000000.0,0.0,10000000.0,80000000.0,1698000000.0,0.6666666667,1618000000.0,0.6352571653,-1000000.0,1617000000.0,0.6348645465,590000000.0,1029000000.0,0.4040047114,0.38,0.37,2676000000,2760000000,https://www.sec.gov/Archives/edgar/data/1403161/000144530512000234/0001445305-12-000234-index.htm,https://www.sec.gov/Archives/edgar/data/1403161/000144530512000234/v123111form10q.htm,0.9517937219730942,0.3845291479820628,0.4805680119581464,0.4428251121076233,1.0242899850523168,10.20216741405082,1.561659192825112,10.20216741405082,0.0037369207772795,67916880000.0,65974880000.0,16.50069970845481,26.66544169611307,52.812503888024885,57.31382278481013,2.487706677411084,2.487706677411084,25.9029760502552,38.8544640753828,51.30239502332815,55.67500421940928,0.0151508726549276,0.0174477979553831,0.0,0.0,-1.143698468786808,2.8210347752332483,161.8,1.249757045675413,0.0022380297799309,0.1477162293488824,0.0675304279544562,0.0,0.6464437486021024,0.0785381026438569,0.0396544954848841,1.2625,0.0149195131527287,9.395115311913148,0.0318834391355522,0.0813696030365332,-1.820814648729447,6441000000.0,4179000000.0,1511000000.0,31105000000.0,1111000000.0,128000000.0,0.0,40.21201413427562,16.078028747433265,0.0,2.2381370826010545,5.597701149425287,0.0,0.0376909270722684,0.0377428998505231,2012-02-08,0.36,amc,2478162162.0,2025-04-25,2011-12-31,0.0277777777777778,27.65225806451613,14784197.806451611
2011-09-30,V,USD,1403161,2011-11-18,2011-11-17 19:39:34,2011,Q4,2383000000.0,494000000.0,1889000000.0,0.7926982795,0,210000000.0,239000000.0,449000000.0,78000000.0,527000000.0,1021000000.0,0.0,13000000.0,77000000.0,1444000000.0,0.6059588754,1362000000.0,0.5715484683,-8000000.0,1354000000.0,0.5681913554,476000000.0,880000000.0,0.3692824171,0.27,0.22,3248000000,3944000000,https://www.sec.gov/Archives/edgar/data/1403161/000119312511315956/0001193125-11-315956-index.htm,https://www.sec.gov/Archives/edgar/data/1403161/000119312511315956/d218694d10k.htm,0.7336822660098522,0.270935960591133,0.2672413793103448,0.2312192118226601,1.0461822660098523,8.139470443349754,1.026169950738916,8.139470443349754,0.0040024630541871,69604640000.0,67477640000.0,19.77404545454545,29.208829206882083,80.18967741935485,92.68260985352865,2.632849415591784,2.632849415591784,28.316256819135543,46.7296675900277,77.73921658986175,89.85038615179761,0.0126428353052325,0.0107895105843518,0.0,0.0,-1.4729916897506925,2.662996232975949,104.76923076923076,0.9863636363636364,0.0014797864050442,0.1170454545454545,0.088124213176668,0.0,0.6646720368239356,0.1347926267281106,0.049097775912715,1.5194805194805194,0.0134284515316827,7.044053731596763,0.0282087448439443,0.0754975978037062,-1.2660098522167489,5739000000.0,3333000000.0,867000000.0,30384000000.0,1020000000.0,131000000.0,0.0,40.9399916072178,30.789473684210527,0.0,2.1983394833948338,2.923076923076923,0.0,0.0332866815448046,0.0360221674876847,2011-10-26,0.31,amc,2308531250.0,2025-04-25,2011-09-30,0.032258064516129,23.489682539682537,16972554.85714286
2011-06-30,V,USD,1403161,2011-07-29,2011-07-29 11:46:15,2011,Q3,2322000000.0,454000000.0,1868000000.0,0.8044788975,0,198000000.0,251000000.0,449000000.0,74000000.0,523000000.0,977000000.0,0.0,11000000.0,74000000.0,1419000000.0,0.6111111111,1345000000.0,0.5792420327,198000000.0,1543000000.0,0.6645133506,539000000.0,1005000000.0,0.4328165375,0.31,0.25,3300000000,4032000000,https://www.sec.gov/Archives/edgar/data/1403161/000119312511202235/0001193125-11-202235-index.htm,https://www.sec.gov/Archives/edgar/data/1403161/000119312511202235/d10q.htm,0.7036363636363636,0.3045454545454545,0.4227272727272727,0.3957575757575757,1.1575757575757577,7.8945454545454545,0.8881818181818182,7.893939393939394,0.0139393939393939,69498000000.0,65933000000.0,17.288059701492536,29.930232558139537,49.81935483870967,53.21439509954058,2.667869481765835,2.667869481765835,28.394918173987943,46.464411557434815,47.26379928315412,50.48468606431853,0.0144608477941811,0.0187919076807965,0.0013435700575815,0.0010160536476325,-2.5123326286116985,2.6949872557349197,122.27272727272728,1.388059701492537,0.0015108348441681,0.1044776119402985,0.0852713178294573,0.0,0.6712050396260922,0.0637992831541218,0.0383290267011197,1.2027027027027026,0.0137812230835486,7.354687323050158,0.0282959443394774,0.0887338866325269,-1.1690909090909092,5985000000.0,2931000000.0,1121000000.0,30616000000.0,945500000.0,89500000.0,0.0,37.05426356589148,18.436123348017624,0.0,2.428870292887029,4.881720430107527,0.0,0.0385796545105566,0.0269696969696969,2011-07-27,0.31,amc,2249437500.0,2025-04-25,2011-06-30,0.032258064516129,21.72359375,24668216.0625
2011-03-31,V,USD,1403161,2011-05-05,2011-05-05 16:31:33,2011,Q2,2245000000.0,431000000.0,1814000000.0,0.8080178174,0,172000000.0,183000000.0,355000000.0,76000000.0,431000000.0,862000000.0,0.0,12000000.0,70000000.0,1459000000.0,0.6498886414,1383000000.0,0.6160356347,-6000000.0,1377000000.0,0.613363029,497000000.0,881000000.0,0.3924276169,0.31,0.31,2756000000,2856000000,https://www.sec.gov/Archives/edgar/data/1403161/000119312511128562/0001193125-11-128562-index.htm,https://www.sec.gov/Archives/edgar/data/1403161/000119312511128562/d10q.htm,0.8145863570391872,0.31966618287373,0.2187953555878084,0.1926705370101596,1.3457910014513788,9.489840348330912,1.125544267053701,9.488751814223512,0.0177793904208998,50737960000.0,47262960000.0,14.39783200908059,22.600427616926503,84.14255389718076,95.55171374764596,1.9401919620664605,1.9401919620664605,21.052543429844096,32.39407813570939,78.37970149253731,89.00745762711864,0.0173637253054714,0.010465537045636,0.0014148598523957,0.001074893963163,-2.381768334475668,2.7722943722943723,115.25,0.684449489216799,0.0021088746965782,0.1214528944381384,0.0766146993318485,0.0,0.6696879902388008,0.1194029850746268,0.0320712694877505,1.0285714285714285,0.0187082405345211,8.261219288670574,0.0285393271548307,0.0774846086191732,-1.3997641509433962,6141000000.0,3102000000.0,1338000000.0,30646000000.0,984000000.0,90500000.0,0.0,37.48329621380847,17.958236658932716,0.0,2.401069518716578,5.011627906976744,0.0,0.0336889602692057,0.0261248185776487,2011-05-05,0.3,amc,2172580645.0,2025-04-25,2011-03-31,0.0333333333333333,19.435714285714287,23919982.47619048
2010-12-31,V,USD,1403161,2011-02-02,2011-02-02 16:18:08,2011,Q1,2238000000.0,437000000.0,1801000000.0,0.8047363718,0,171000000.0,197000000.0,368000000.0,67000000.0,435000000.0,872000000.0,4000000.0,0.0,67000000.0,1449000000.0,0.6474530831,1366000000.0,0.6103663986,16000000.0,1382000000.0,0.617515639,498000000.0,884000000.0,0.3949955317,0.31,0.31,2768000000,2876000000,https://www.sec.gov/Archives/edgar/data/1403161/000119312511021871/0001193125-11-021871-index.htm,https://www.sec.gov/Archives/edgar/data/1403161/000119312511021871/d10q.htm,0.8085260115606936,0.319364161849711,0.3634393063583815,0.3363439306358382,1.4035404624277457,9.228323699421964,0.9515895953757224,9.227239884393065,0.0148121387283236,48716800000.00001,45073800000.00001,13.77737556561086,21.7680071492404,48.426242544731615,52.32738990332976,1.90739595160722,1.90739595160722,20.1402144772118,31.10683229813665,44.804970178926446,48.41439312567133,0.0181456910141881,0.0191104506043089,0.0016052621275596,0.0012062726176115,-2.5141476880607314,2.542810546344115,0.0,1.1380090497737556,0.002216894377299,0.1221719457013574,0.0764075067024128,0.0,0.6740416016946659,0.0745526838966202,0.0335120643431635,1.1194029850746268,0.0214477211796246,8.142734121102803,0.0288162244299034,0.0797905948190269,-1.367503612716763,5676000000.0,2634000000.0,910000000.0,29966000000.0,955500000.0,116000000.0,0.0,41.54155495978552,19.565217391304348,0.0,2.1665053242981607,4.6,0.0,0.0346110175795779,0.0270953757225433,2011-02-02,0.3,amc,2165806451.0,2025-04-25,2010-12-31,0.0333333333333333,18.157096774193548,24906071.29032258
2010-09-30,V,USD,1403161,2010-11-19,2010-11-19 16:10:39,2010,Q4,2117000000.0,472000000.0,1645000000.0,0.7770429854,0,225000000.0,233000000.0,458000000.0,74000000.0,532000000.0,1004000000.0,0.0,15000000.0,78000000.0,1288000000.0,0.6084081247,1113000000.0,0.5257439773,82000000.0,1195000000.0,0.564478035,422000000.0,774000000.0,0.3656117147,0.25,0.18,3062000000,4356000000,https://www.sec.gov/Archives/edgar/data/1403161/000119312510265236/0001193125-10-265236-index.htm,https://www.sec.gov/Archives/edgar/data/1403161/000119312510265236/d10k.htm,0.6913781841933377,0.2527759634225996,0.2916394513389941,0.2599608099281515,1.3229915088177662,8.16917047681254,0.6822338340953625,8.168190725016329,0.0192684519921619,56830719999.99999,53007719999.99999,18.35617571059431,26.84493150684931,63.640223964165735,71.3953768844221,2.272229019231538,2.272229019231538,25.03907416154936,41.15506211180123,59.35914893617021,66.59261306532662,0.013619394580959,0.0140065091556116,0.0017592259405861,0.0013170498084291,-2.968167701863354,2.49685534591195,74.2,1.1537467700258397,0.0015836505326696,0.1162790697674418,0.1062824752007557,0.0,0.6862128831417624,0.108622620380739,0.0458195559754369,1.2435897435897436,0.0170051960321209,6.815882283208078,0.0240611363603947,0.0738338261947915,-1.2032984977139125,5236000000.0,2089000000.0,340000000.0,29518000000.0,897500000.0,115500000.0,0.0,37.32640529050543,26.122881355932204,0.0,2.4111617312072893,3.4452554744525545,0.0,0.0309463835912198,0.0316786414108425,2010-10-27,0.24,amc,1881777777.0,2025-04-25,2010-09-30,0.1250000000000001,18.94984375,25124230.5625
2010-06-30,V,USD,1403161,2010-08-02,2010-07-30 19:14:09,2010,Q3,2029000000.0,388000000.0,1641000000.0,0.8087727945,0,164000000.0,277000000.0,441000000.0,63000000.0,504000000.0,892000000.0,0.0,13000000.0,63000000.0,1198000000.0,0.5904386397,1137000000.0,0.5603745688,-15000000.0,1122000000.0,0.5529817644,406000000.0,716000000.0,0.3528831937,0.21,0.17,3352000000,4328000000,https://www.sec.gov/Archives/edgar/data/1403161/000119312510172477/0001193125-10-172477-index.htm,https://www.sec.gov/Archives/edgar/data/1403161/000119312510172477/d10q.htm,0.6053102625298329,0.2136038186157517,0.3633651551312649,0.3439737470167064,1.578162291169451,7.362768496420048,1.0707040572792363,7.361575178997613,0.0178997613365155,59296880000.00001,54138880000.00001,20.704217877094973,29.224682109413507,48.68380952380952,51.42834345186471,2.403018317393419,2.403018317393419,26.68254312469197,45.191051752921545,44.44899835796388,46.954796183868176,0.01207483429145,0.0194445306397233,0.001904684713892,0.0014374847076094,-4.30550918196995,2.8288340034462958,87.46153846153847,1.7011173184357542,0.0015683793143922,0.1298882681564245,0.0808279940857565,0.0,0.6450636163445069,0.0533661740558292,0.0320354854608181,1.031746031746032,0.0167570231641202,5.948139440898188,0.0248262571858403,0.0616975441619991,-0.6080698090692124,6368000000.0,3589000000.0,1834000000.0,28644000000.0,1042500000.0,86000000.0,0.0,40.67520946278955,21.804123711340207,0.0,2.212649945474373,4.127659574468085,0.0,0.0290160479818447,0.0193914081145584,2010-07-28,0.23,amc,1944458333.0,2025-04-25,2010-06-30,0.0434782608695651,18.055,25149035.9375
2010-03-31,V,USD,1403161,2010-05-03,2010-04-30 21:17:07,2010,Q2,1959000000.0,408000000.0,1551000000.0,0.7917304747,0,127000000.0,238000000.0,365000000.0,64000000.0,429000000.0,837000000.0,0.0,28000000.0,62000000.0,1203000000.0,0.6140888208,1122000000.0,0.5727411945,-9000000.0,1113000000.0,0.5681470138,401000000.0,713000000.0,0.3639612047,0.38,0.24,1888000000,2968000000,https://www.sec.gov/Archives/edgar/data/1403161/000119312510102602/0001193125-10-102602-index.htm,https://www.sec.gov/Archives/edgar/data/1403161/000119312510102602/d10q.htm,1.03760593220339,0.3776483050847458,0.3225635593220339,0.3003177966101695,2.4602754237288136,12.704978813559322,1.5338983050847457,12.702860169491526,0.0413135593220339,42970880000.0,38460880000.0,15.066928471248248,21.935109749872385,70.55973727422004,75.78638447971781,1.7917224700829757,1.7917224700829757,19.632914752424707,31.970806317539484,63.15415435139573,67.83223985890652,0.0165926320336004,0.0131949822763694,0.0020848100738022,0.0015591867282025,-3.748960931005819,2.577042691546509,40.07142857142857,0.8541374474053296,0.002140984778529,0.1290322580645161,0.0648289943848902,0.0,0.6576961456904079,0.0689655172413793,0.0214395099540581,0.6774193548387096,0.0148034711587544,10.389288054846803,0.0251465302315426,0.0649539947162248,-1.3559322033898304,5578000000.0,2896000000.0,1034000000.0,27852000000.0,1220000000.0,82500000.0,0.0,53.66003062787136,17.205882352941178,0.0,1.6772260273972603,5.230769230769231,0.0,0.0297293916524204,0.0222457627118644,2010-04-28,0.23,amc,1877375000.0,2025-04-25,2010-03-31,0.0434782608695651,20.594126984126984,38712394.66666666
2009-12-31,V,USD,1403161,2010-02-03,2010-02-03 16:32:45,2010,Q1,1960000000.0,379000000.0,1581000000.0,0.8066326531,0,129000000.0,216000000.0,345000000.0,19000000.0,364000000.0,743000000.0,0.0,16000000.0,62000000.0,1279000000.0,0.6525510204,1217000000.0,0.6209183673,-9000000.0,1208000000.0,0.6163265306,445000000.0,763000000.0,0.3892857143,0.26,0.26,2888000000,2980000000,https://www.sec.gov/Archives/edgar/data/1403161/000119312510020834/0001193125-10-020834-index.htm,https://www.sec.gov/Archives/edgar/data/1403161/000119312510020834/d10q.htm,0.6786703601108033,0.264196675900277,-0.0100415512465373,-0.0228531855955678,1.4726454293628808,8.129155124653739,0.8261772853185596,8.12742382271468,0.0238919667590027,63160560000.0,59053560000.0,20.69480996068152,32.22477551020408,-2177.9503448275864,-956.9781818181818,2.690889570552148,2.690889570552148,30.12936734693877,46.17166536356528,-2036.3296551724136,-894.7509090909091,0.0120803235436797,-0.0010449559028608,0.0022580095432856,0.0016711335330285,-3.211102423768569,2.4066538355787737,76.0625,-0.038007863695937,0.0014724378631221,0.1218872870249017,0.0658163265306122,0.0,0.6650165536812234,-1.2758620689655171,0.0188775510204081,0.5967741935483871,0.0163265306122449,6.95074550288411,0.027365062394055,0.0718185240963855,-1.0495152354570638,5116000000.0,2386000000.0,515000000.0,27410000000.0,1160500000.0,121500000.0,0.0,58.40816326530613,20.65963060686016,0.0,1.5408805031446542,4.35632183908046,0.0,0.0325068166325835,0.0128116343490304,2010-02-03,0.23,amc,1733846153.0,2025-04-25,2009-12-31,0.1304347826086956,21.739836065573773,19965903.672131147
2009-09-30,V,USD,1403161,2009-11-20,2009-11-20 16:07:00,2009,Q4,1879000000.0,445000000.0,1434000000.0,0.7631718999,0,220000000.0,283000000.0,503000000.0,62000000.0,565000000.0,1010000000.0,0.0,25000000.0,61000000.0,949000000.0,0.5050558808,869000000.0,0.4624800426,-6000000.0,863000000.0,0.4592868547,349000000.0,514000000.0,0.2735497605,0.22,0.17,2346000000,3006000000,https://www.sec.gov/Archives/edgar/data/1403161/000119312509239249/0001193125-09-239249-index.htm,https://www.sec.gov/Archives/edgar/data/1403161/000119312509239249/d10k.htm,0.8009377664109122,0.2190963341858482,-0.0890878090366581,-0.1321398124467178,2.0170502983802217,9.88618925831202,0.8959931798806479,9.884484228473998,0.0345268542199488,40538880000.0,35977880000.0,19.717354085603112,21.574709952102182,-193.96593301435408,-130.7705806451613,1.7481944025184355,1.7481944025184355,19.14735497605109,37.9113593256059,-172.14296650717702,-116.05767741935485,0.0126791860061254,-0.0076469798869628,0.0024149381172107,0.0017347665809609,-4.806111696522655,2.080369203061684,34.76,-0.4066147859922179,0.001924078810268,0.1517509727626459,0.1170835550824906,0.0,0.6533564635544128,-0.4832535885167464,0.0537519957424161,1.6557377049180328,0.0164981373070782,6.980488582110204,0.0185836623651942,0.0459338695263628,-1.5214194373401535,4799000000.0,2102000000.0,153000000.0,27094000000.0,1233000000.0,131000000.0,0.0,50.24481106971794,31.550561797752813,0.0,1.7912297426120114,2.852564102564102,0.0,0.0221656820043986,0.0430520034100596,2009-10-27,0.18,amc,1780105263.0,2025-04-25,2009-09-30,0.0555555555555556,19.823125,28419171.25
2009-06-30,V,USD,1403161,2009-07-30,2009-07-30 17:05:49,2009,Q3,1646000000.0,379000000.0,1267000000.0,0.769744836,0,158000000.0,229000000.0,387000000.0,58000000.0,445000000.0,824000000.0,0.0,30000000.0,57000000.0,1384000000.0,0.8408262454,822000000.0,0.4993924666,475000000.0,1297000000.0,0.7879708384,568000000.0,729000000.0,0.4428918591,0.41,0.24,1792000000,3024000000,https://www.sec.gov/Archives/edgar/data/1403161/000119312509159678/0001193125-09-159678-index.htm,https://www.sec.gov/Archives/edgar/data/1403161/000119312509159678/d10q.htm,0.9185267857142856,0.4068080357142857,0.1947544642857142,0.15625,2.416294642857143,12.72265625,0.9503348214285714,12.719866071428571,0.0714285714285714,27883520000.0,23781520000.0,9.562249657064472,16.940170109356014,79.89547277936964,99.584,1.223283320171975,1.223283320171975,14.448068043742406,17.183179190751446,68.14189111747851,84.934,0.0261444753029746,0.0100417737789203,0.0042993770290427,0.0030039234919077,-2.963872832369942,2.156031567080045,27.4,0.4787379972565158,0.0028332147447668,0.1083676268861454,0.0959902794653706,0.0,0.646640510053948,0.1977077363896848,0.0419198055893074,1.2105263157894737,0.0121506682867557,10.790145223721485,0.0163598493056391,0.0632373351839,-2.473353794642857,5127000000.0,1703000000.0,-263000000.0,27393000000.0,1334000000.0,89000000.0,0.0,77.47873633049818,25.17150395778364,0.0,1.161609033168666,3.5754716981132075,0.0,0.031982100552777,0.0385044642857142,2009-07-29,0.16,amc,1549176470.0,2025-04-25,2009-06-30,0.0625,17.01734375,21679656.5625
2009-03-31,V,USD,1403161,2009-05-06,2009-05-06 09:29:44,2009,Q2,1647000000.0,384000000.0,1263000000.0,0.766848816,0,130000000.0,196000000.0,326000000.0,56000000.0,382000000.0,766000000.0,0.0,30000000.0,56000000.0,973000000.0,0.590771099,881000000.0,0.5349119611,6000000.0,887000000.0,0.5385549484,352000000.0,536000000.0,0.3254401943,0.18,0.18,2968000000,3024000000,https://www.sec.gov/Archives/edgar/data/1403161/000119312509100928/0001193125-09-100928-index.htm,https://www.sec.gov/Archives/edgar/data/1403161/000119312509100928/d10q.htm,0.5549191374663073,0.1805929919137466,0.0785040431266846,0.0555929919137466,1.1755390835579516,7.454177897574124,0.3463611859838275,7.452830188679245,0.0444743935309973,41255200000.0,37994200000.0,19.24216417910448,25.04869459623558,177.0609442060086,250.03151515151515,1.8650632911392409,1.8650632911392409,23.068731026108075,39.04850976361768,163.06523605150215,230.2678787878788,0.0129923015765285,0.0039994958211328,0.0046112115732368,0.0031910899762232,-3.3514902363823227,1.9384869196323355,29.366666666666667,0.4347014925373134,0.0019391494890341,0.1492537313432835,0.0789313904068002,0.0,0.6599924915529971,0.2918454935622318,0.0412871888281724,1.2142857142857142,0.0194292653309046,5.5030355527626975,0.0191330090286239,0.0493191019506809,-1.8237028301886795,3982000000.0,1028000000.0,-1615000000.0,26233000000.0,1187000000.0,82500000.0,0.0,68.36065573770492,16.875,0.0,1.316546762589928,5.333333333333333,0.0,0.0242314647377938,0.022911051212938,2009-04-29,0.16,bmo,1464000000.0,2025-04-25,2009-03-31,0.1249999999999999,15.805238095238096,39034524.95238096
2008-12-31,V,USD,1403161,2009-02-09,2009-02-09 15:47:44,2009,Q1,1739000000.0,392000000.0,1347000000.0,0.7745830937,0,119000000.0,210000000.0,329000000.0,52000000.0,381000000.0,773000000.0,0.0,30000000.0,52000000.0,1035000000.0,0.5951696377,966000000.0,0.5554916619,-13000000.0,953000000.0,0.5480161012,379000000.0,574000000.0,0.3300747556,0.19,0.19,2964000000,3092000000,https://www.sec.gov/Archives/edgar/data/1403161/000119312509022518/0001193125-09-022518-index.htm,https://www.sec.gov/Archives/edgar/data/1403161/000119312509022518/d10q.htm,0.5867071524966262,0.1936572199730094,0.0624156545209176,0.0394736842105263,0.945344129554656,7.302631578947368,0.1852226720647773,7.300944669365722,0.0452091767881241,38858040000.0,36349040000.0,16.924233449477352,22.3450488786659,210.04345945945943,332.12,1.7956580406654343,1.7956580406654343,20.90226566992525,35.11984541062802,196.4812972972973,310.67555555555555,0.0147717177706338,0.0030109598940142,0.0048059149722735,0.0032681792470617,-2.4241545893719807,1.7539028620988726,32.2,0.3222996515679442,0.0020845106958559,0.1411149825783972,0.0684301322599195,0.0,0.6629375903463013,0.3675675675675676,0.039102932719954,1.3076923076923077,0.0184013801035077,5.640240648814365,0.0213429445175591,0.0535148237926533,-2.204031713900135,3477000000.0,549000000.0,-2088000000.0,25690000000.0,1298000000.0,126000000.0,0.0,58.11960897067279,21.35204081632653,0.0,1.5485307212822796,4.21505376344086,0.0,0.0265249537892791,0.0229419703103913,2009-02-04,0.17,bmo,1478150000.0,2025-04-25,2008-12-31,0.1764705882352941,13.123934426229509,37977421.836065575
2008-09-30,V,USD,1403161,2008-11-21,2008-11-20 21:38:24,2008,Q4,1709000000.0,411000000.0,1298000000.0,0.7595084845,0,234000000.0,320000000.0,554000000.0,1187000000.0,1741000000.0,2152000000.0,0.0,0.0,-803000000.0,-137000000.0,-0.0801638385,-443000000.0,-0.2592159157,12000000.0,-431000000.0,-0.2521942657,-75000000.0,-356000000.0,-0.2083089526,-0.13,-0.12,2818000000,3084000000,https://www.sec.gov/Archives/edgar/data/1403161/000119312508240384/0001193125-08-240384-index.htm,https://www.sec.gov/Archives/edgar/data/1403161/000119312508240384/d10k.htm,0.606458481192335,-0.1263307310149042,0.0972320794889992,0.0645848119233498,1.892831795599716,7.502129169623847,0.0159687721788502,7.502129169623847,0.0376153300212916,43256300000.0,38383300000.0,-30.376615168539324,25.310883557636043,157.86970802919708,237.671978021978,2.0460858048342083,2.0460858048342083,22.459508484493856,-280.17007299270074,140.08503649635037,210.8972527472527,-0.0082300150498308,0.004207479604127,0.0050139539283856,0.0030302164031903,35.56934306569343,1.5595254710397768,0.0,-0.7696629213483146,0.0005085964356637,-0.0617977528089887,0.1369221767115272,0.0,0.6030702381292702,0.3357664233576642,0.0538326506729081,-0.1145703611457036,0.0433001755412521,,-0.0131306503371958,-0.0256391789701116,-2.626419446415898,4009000000.0,45000000.0,-2666000000.0,26185000000.0,1522500000.0,134000000.0,0.0,77.571679344646,34.81751824817518,0.0,1.1602172437202989,2.5849056603773586,0.0,-0.0168393169670308,0.0326472675656493,2008-10-29,0.14,bmo,1709000000.0,2025-04-25,2008-09-30,0.0,13.1790625,39845416.5
2008-06-30,V,USD,1403161,2008-08-13,2008-08-13 13:56:34,2008,Q3,1613000000.0,394000000.0,1219000000.0,0.7557346559,0,193000000.0,271000000.0,464000000.0,107000000.0,571000000.0,965000000.0,0.0,30000000.0,57000000.0,801000000.0,0.4965902046,648000000.0,0.4017358958,66000000.0,714000000.0,0.4426534408,292000000.0,422000000.0,0.2616243025,0.13,0.13,2968000000,3104000000,https://www.sec.gov/Archives/edgar/data/1403161/000119312508176170/0001193125-08-176170-index.htm,https://www.sec.gov/Archives/edgar/data/1403161/000119312508176170/d10q.htm,0.5434636118598383,0.1421832884097035,0.1714959568733153,0.1425202156334231,2.102088948787062,7.640161725067386,0.557277628032345,7.26044474393531,0.046832884097035,60339439999.99999,54686439999.99999,35.74611374407583,37.408208307501546,118.54506876227896,142.64643026004725,2.800103949139171,2.800103949139171,33.903558586484806,68.27270911360797,107.43897838899802,129.28236406619382,0.0069937672606838,0.0070103401688845,0.0050582393614552,0.0031647407235352,-7.057428214731585,1.7742786479802144,21.6,1.2061611374407584,0.0,0.0,0.1196528208307501,0.0,0.6103594448638291,0.1689587426326129,0.0533168009919404,0.2598187311178248,0.0,4.819446332590247,0.0134913201577657,0.0314456035767511,-1.4649595687331536,4696000000.0,1654000000.0,-1005000000.0,26766000000.0,1525000000.0,110000000.0,0.0,87.71233725976441,24.898477157360404,0.0,1.0260814249363868,3.614678899082569,0.0,0.0195832753260012,0.0289757412398921,2008-07-30,0.12,bmo,1290400000.0,2025-04-25,2008-06-30,0.25,18.01046875,46668244.125
2008-03-31,V,USD,1403161,2008-05-13,2008-05-13 16:23:12,2008,Q2,1453000000.0,367000000.0,1086000000.0,0.7474191328,0,171000000.0,215000000.0,386000000.0,351000000.0,737000000.0,1104000000.0,0.0,41000000.0,59000000.0,470000000.0,0.3234686855,349000000.0,0.2401927047,21000000.0,370000000.0,0.2546455609,56000000.0,314000000.0,0.2161046111,0.0975,0.0975,2552000000,3112000000,https://www.sec.gov/Archives/edgar/data/1403161/000119312508113141/0001193125-08-113141-index.htm,https://www.sec.gov/Archives/edgar/data/1403161/000119312508113141/d10q.htm,0.5693573667711599,0.1230407523510971,-0.1700626959247649,-0.2351097178683385,2.209639498432602,8.302507836990596,0.0348746081504702,8.302507836990596,0.0599529780564263,39785680000.0,34856680000.0,31.676496815286622,27.381748107364075,-91.6720737327189,-66.30946666666667,1.8777458939022087,1.8777458939022087,23.989456297315897,74.16314893617022,-80.31493087557604,-58.09446666666667,0.0078922868730658,-0.0150808029421641,0.0052860109495941,0.0033068587794148,-10.487234042553192,1.726759116589625,8.512195121951219,-1.382165605095541,0.0,0.0,0.1176875430144528,0.0,0.6229590480970799,-0.3824884792626728,0.11424638678596,0.4191919191919191,0.0,4.794246889756991,0.0105401558141771,0.0245888801879404,-2.325039184952978,4245000000.0,89000000.0,-2595000000.0,26362000000.0,1582500000.0,93500000.0,0.0,91.54852030282176,27.220708446866485,0.0,0.983085250338295,3.3063063063063063,0.0,0.0148197092693977,0.0650470219435736,2008-05-13,,amc,,2025-04-25,2008-03-31,,19.52890625,61923576.5
2007-12-31,V,USD,1403161,2008-02-04,2008-02-04 16:49:54,2008,Q1,1488000000.0,366000000.0,1122000000.0,0.7540322581,0,172000000.0,210000000.0,382000000.0,62000000.0,444000000.0,810000000.0,0.0,45000000.0,62000000.0,790000000.0,0.5309139785,678000000.0,0.4556451613,5000000.0,683000000.0,0.4590053763,259000000.0,424000000.0,0.2849462366,0.14,0.14,3100000000,3100000000,https://www.sec.gov/Archives/edgar/data/1403161/000119312508019208/0001193125-08-019208-index.htm,https://www.sec.gov/Archives/edgar/data/1403161/000119312508019208/d10q.htm,0.48,0.1367741935483871,0.0587096774193548,0.0358064516129032,0.7829032258064517,5.392258064516129,-1.0393548387096774,5.392258064516129,0.0516129032258064,43803000000.0,42220000000.0,25.827240566037737,29.4375,240.6758241758242,394.6216216216216,2.6204235463029435,2.6204235463029435,28.373655913978496,53.44303797468354,231.978021978022,380.3603603603604,0.0096797023034951,0.002534073008698,0.0068796362766212,0.0041453391968855,-2.0037974683544304,1.1224174551071635,15.066666666666666,0.4292452830188679,0.0,0.0,0.1155913978494623,0.0,0.7186936774565641,0.3901098901098901,0.0477150537634408,0.2268370607028754,-0.1115591397849462,4.073602746221956,0.0185924572335066,0.0543311122501281,-2.365725806451613,634000000.0,-3222000000.0,-5213000000.0,21484000000.0,971000000.0,87500000.0,0.0,102.03629032258064,18.688524590163937,0.0,0.8820391227030231,4.815789473684211,0.0,0.0253649198372816,0.0229032258064516,2008-04-28,0.11,bmo,1229461538.0,2025-04-25,2007-12-31,0.1818181818181818,15.495,159271849.5
2007-09-30,V,USD,1403161,2007-12-21,2007-12-21 15:58:47,2007,Q4,991045000.0,0.0,0.0,0.0,0,679840000.0,174556000.0,854396000.0,2500109000.0,3354505000.0,3354505000.0,0.0,0.0,-218389000.0,-2220725000.0,-2.240791286,-2363460000.0,-2.3848160275,12050000.0,-2351410000.0,-2.3726571447,-666848000.0,-1684575000.0,-1.6997966793,-0.58,-0.57,2926000000,2974000000,https://www.sec.gov/Archives/edgar/data/1403161/000119312507270394/0001193125-07-270394-index.htm,https://www.sec.gov/Archives/edgar/data/1403161/000119312507270394/d10k.htm,0.338703007518797,-0.5757262474367737,-0.0128930280246069,-0.0074248120300751,0.3494391660970608,-0.1581397812713602,-0.1581397812713602,-0.1713352699931647,0.014107997265892,41344380000.0,41110281000.0,-6.135728596233473,41.717964370941786,-1095.941153081511,-1903.078481012658,-82.46988492540797,-82.46988492540797,41.481750071893806,-18.512098976685543,-1089.7357455268389,-1892.3029228998848,-0.0407449573557518,-0.00052546440411,-0.0823414657498997,0.0094029384638268,0.1054155737428092,0.7638241985515932,0.0,0.0223943724678331,0.0,0.0,0.6859829775640864,0.0,0.0,-0.4241219350563286,0.0161445746661352,0.0591138828953979,0.0653421388534324,,-1.4734745729630396,-0.3837198416352002,-1.24372009569378,-775150000.0,-462717000.0,-2345895000.0,-462058000.0,261702000.0,86331000.0,0.0,23.15737428673773,0.0,0.0,3.8864509803921568,0.0,0.0,3.360231944419511,0.0054682159945317,2007-12-21,,amc,,2025-04-25,2007-09-30,,,
2007-06-30,V,USD,1403161,2007-06-30,2007-06-29 20:00:00,2007,Q3,941000000.0,0.0,0.0,0.0,0,50000000.0,0.0,50000000.0,557000000.0,607000000.0,607000000.0,0.0,20000000.0,-155000000.0,401000000.0,0.4261424017,334000000.0,0.3549415515,19000000.0,353000000.0,0.3751328374,126000000.0,223000000.0,0.2369819341,0.0815,0.0792,2736000000,2816000000,,,0.3439327485380117,0.0815058479532163,0.0574915935672514,0.0574915935672514,0.2155456871345029,0.4513530701754386,0.4513530701754386,0.4356228070175438,0.0253527046783625,38659680000.0,38119312000.0,43.34044843049328,41.08361317747077,245.77506246145828,245.77506246145825,32.43631823765128,32.43631823765128,40.50936450584484,95.06062842892769,242.33972675893372,242.33972675893372,0.0057682836484937,0.0040687610450991,0.0414183161837256,0.0143740705917842,-1.3475511221945138,1.6742651675898268,16.7,0.7053677130044843,0.0,0.0,0.053134962805526,0.0,0.0,0.0,0.0,0.0,0.0,0.8938012313477858,0.0949952430647774,0.0649330039900311,-0.5147554824561403,804279000.0,1234902000.0,-202305000.0,804279000.0,261397500.0,68909500.0,0.0,25.670945802337936,0.0,0.0,3.5059090028464555,0.0,0.0,0.1871018841075827,0.0,2007-06-29,,amc,,2025-04-25,2007-06-30,,,
2007-03-31,V,USD,1403161,2007-03-31,2007-03-30 20:00:00,2007,Q2,813000000.0,0.0,0.0,0.0,0,46000000.0,105000000.0,151000000.0,391000000.0,542000000.0,542000000.0,0.0,0.0,111000000.0,382000000.0,0.4698646986,271000000.0,0.3333333333,17000000.0,288000000.0,0.3542435424,106000000.0,180000000.0,0.221402214,0.0658,0.0639,2736000000,2816000000,,,0.2971491228070175,0.0657894736842105,0.0762335526315789,0.0762335526315789,0.1410972222222222,0.3683201754385964,0.3683201754385964,0.353968567251462,0.0209978070175438,38659680000.0,38331088000.0,53.694,47.55188191881919,185.3514563106796,185.3514563106796,39.91879875017812,39.91879875017812,47.14770971709717,100.34316230366493,183.7760421910584,183.7760421910584,0.0046560137073043,0.0053951558833389,0.0593211063360517,0.0176634662331097,-0.8601884816753926,1.6161561441691457,0.0,1.15875,0.0,0.0,0.056580565805658,0.0,0.0,0.0,0.0,0.0,0.0,0.7238553924335471,0.0849589110442822,0.0553424529496912,-0.6096186951754387,777976000.0,1007724000.0,-204148000.0,777976000.0,,,,28.161365313653132,0.0,0.0,3.195867778341215,0.0,0.0,0.1858624741599532,0.0,2007-03-30,,amc,,2025-04-25,2007-03-31,,,
2006-12-31,V,USD,1403161,2006-12-31,2006-12-30 19:00:00,2007,Q1,845000000.0,0.0,0.0,0.0,0,54000000.0,114000000.0,168000000.0,368000000.0,536000000.0,536000000.0,0.0,0.0,129000000.0,438000000.0,0.5183431953,309000000.0,0.3656804734,14000000.0,323000000.0,0.3822485207,119000000.0,205000000.0,0.2426035503,0.0749,0.0728,2736000000,2816000000,,,0.3088450292397661,0.0749269005847953,0.0646929824561403,0.058845029239766,,,,,,38659680000.0,,47.14595121951219,45.751100591715975,218.41627118644067,240.1222360248447,0.0,0.0,,,,,0.0053026822777632,0.0041645455937555,0.0,0.0,,0.0,0.0,0.8634146341463415,0.0,0.0,0.0639053254437869,0.0,0.0,0.0903954802259887,0.0189349112426035,0.1240310077519379,0.0,,0.0,0.0,,,,,,,,,,0.0,0.0,0.0,0.0,0.0,0.0,0.0058479532163742,2006-12-30,,amc,,2025-04-25,2006-12-31,,,
2006-09-30,V,USD,1403161,2006-09-30,2006-09-29 20:00:00,2006,Q4,744707000.0,0.0,0.0,0.0,0,17399000.0,146827000.0,164226000.0,402894000.0,567120000.0,567120000.0,0.0,0.0,304472000.0,482059000.0,0.6473136415,177587000.0,0.2384655979,-4051000.0,173536000.0,0.2330258746,54007000.0,114399000.0,0.1536161202,0.0417,0.0404,2744000000,2832000000,,,0.2713946793002915,0.0416905976676384,-0.0304515306122448,-0.0304515306122448,0.0984416909620991,0.226185860058309,0.226185860058309,0.2123957725947521,0.026829081632653,38772720000.0,38576215000.0,84.7313350641177,52.06439579593048,-464.0160844433275,-464.0160844433275,66.52674781319598,66.52674781319598,51.800526918640486,80.02384562885456,-461.664392824232,-461.664392824232,0.0029505023119347,-0.0021550977078729,0.1263164577378031,0.0248384064606375,-0.4076368245380752,1.144273753143479,0.0,-0.7304172239267825,0.0,0.0,0.0233635510341651,0.0,0.0,0.0,0.0,0.0,0.0,0.4463579290042785,0.0762924754790236,0.0385972216505314,-0.6849904336734693,200968000.0,620654000.0,-749333000.0,200968000.0,,,,31.18427784350087,0.0,0.0,2.886069719224136,0.0,0.0,0.196287323228337,0.0,2006-09-29,,amc,,2025-04-25,2006-09-30,,,
2006-06-30,V,USD,1403161,2006-06-30,2006-06-29 20:00:00,2006,Q3,735990000.0,0.0,0.0,0.0,0,28931000.0,132285000.0,161216000.0,371448000.0,532664000.0,532664000.0,0.0,0.0,87922000.0,291248000.0,0.395722768,203326000.0,0.2762619057,1003000.0,204329000.0,0.277624696,71958000.0,127344000.0,0.17302409,0.0463,0.0447,2752000000,2848000000,,,0.267438226744186,0.0462732558139534,0.0715901162790697,0.0715901162790697,,,,,,38885760000.0,,76.3399924613645,52.834630905311215,197.37361432574008,197.37361432574005,0.0,0.0,,,,,0.0032748234829407,0.0050665333530834,0.0,0.0,,0.0,0.0,1.5471164719185828,0.0,0.0,0.0393089580021467,0.0,0.0,0.0,0.0,0.0,0.0,,0.0,0.0,,,,,,,,,,0.0,0.0,0.0,0.0,0.0,0.0,0.0,2006-06-29,,amc,,2025-04-25,2006-06-30,,,
