date,symbol,reportedCurrency,cik,fillingDate,acceptedDate,calendarYear,period,revenue,costOfRevenue,grossProfit,grossProfitRatio,researchAndDevelopmentExpenses,generalAndAdministrativeExpenses,sellingAndMarketingExpenses,sellingGeneralAndAdministrativeExpenses,otherExpenses,operatingExpenses,costAndExpenses,interestIncome,interestExpense,depreciationAndAmortization,ebitda,ebitdaratio,operatingIncome,operatingIncomeRatio,totalOtherIncomeExpensesNet,incomeBeforeTax,incomeBeforeTaxRatio,incomeTaxExpense,netIncome,netIncomeRatio,eps,epsdiluted,weightedAverageShsOut,weightedAverageShsOutDil,link,finalLink,revenuePerShare,netIncomePerShare,operatingCashFlowPerShare,freeCashFlowPerShare,cashPerShare,bookValuePerShare,tangibleBookValuePerShare,shareholdersEquityPerShare,interestDebtPerShare,marketCap,enterpriseValue,peRatio,priceToSalesRatio,pocfratio,pfcfRatio,pbRatio,ptbRatio,evToSales,enterpriseValueOverEBITDA,evToOperatingCashFlow,evToFreeCashFlow,earningsYield,freeCashFlowYield,debtToEquity,debtToAssets,netDebtToEBITDA,currentRatio,interestCoverage,incomeQuality,dividendYield,payoutRatio,salesGeneralAndAdministrativeToRevenue,researchAndDdevelopementToRevenue,intangiblesToTotalAssets,capexToOperatingCashFlow,capexToRevenue,capexToDepreciation,stockBasedCompensationToRevenue,grahamNumber,roic,returnOnTangibleAssets,grahamNetNet,workingCapital,tangibleAssetValue,netCurrentAssetValue,investedCapital,averageReceivables,averagePayables,averageInventory,daysSalesOutstanding,daysPayablesOutstanding,daysOfInventoryOnHand,receivablesTurnover,payablesTurnover,inventoryTurnover,roe,capexPerShare,report_date,epsEstimated,time,revenueEstimated,updatedFromDate,fiscalDateEnding,surprise(%),QuarterAvgPrice,QuarterAvgVolume
2025-03-31,VICI,USD,1705696,2025-04-30,2025-04-30 16:08:52,2025,Q1,984204000.0,6352000.0,977852000.0,0.9935460535,0,14860000.0,0.0,14860000.0,207466000.0,222326000.0,228678000.0,3697000.0,209251000.0,996000.0,760056000.0,0.7722545326,755526000.0,0.7676518283,-205717000.0,549809000.0,0.5586331695,-2456000.0,543607000.0,0.5523316304,0.5147733045494293,0.5145684658273434,1056012414,1056432790,https://www.sec.gov/Archives/edgar/data/1705696/000170569625000087/0001705696-25-000087-index.htm,https://www.sec.gov/Archives/edgar/data/1705696/000170569625000087/vici-20250331.htm,0.9320004073361206,0.5147733045494293,0.560465949219419,0.5561610755837194,0.3165843465169719,25.58934406617686,25.58934406617686,25.19778048745552,0.1981520266484291,34447124944.68,34112807944.68,15.841924839396842,34.99998470304937,58.20157325423792,58.6520729911989,1.2945584638392875,1.2945584638392875,34.66030207627687,0.0,57.63671405635464,58.08284159329012,0.0157809106238329,0.017049695756705,0.0,0.0,0.0,0.5114696163025518,3.610620737774252,1.071693842629897,0.0132587369711833,0.8401756582512735,0.0150984958402932,0.0,0.0,0.0,0.0,0.0,0.0029506078008217,17.083640021929423,-2.3765934149284336,0.0119405666169603,-17.20536781492798,-319323000.0,27022665000.0,-18169082000.0,-319323000.0,9225866000.0,0.0,0.0,0.0,0.0,0.0,0.0,0.0,0.0,0.0204293114151742,0.0,2025-04-30,0.58,amc,977033370.0,2025-05-11,2025-03-31,-0.1206896551724137,30.808,7149901.05
2024-12-31,VICI,USD,1705696,2025-02-20,2025-02-20 16:18:13,2024,Q4,976052000.0,6747000.0,969305000.0,0.9930874585,0,20691000.0,0.0,20691000.0,114892000.0,135583000.0,142330000.0,4079000.0,208121000.0,992000.0,831875000.0,0.852285534,833722000.0,0.8541778512,-207070000.0,626652000.0,0.642027269,2447000.0,614594000.0,0.629673419,0.58,0.58,1054993118,1055807977,https://www.sec.gov/Archives/edgar/data/1705696/000170569625000033/0001705696-25-000033-index.htm,https://www.sec.gov/Archives/edgar/data/1705696/000170569625000033/vici-20241231.htm,0.9251738076266768,0.582557354653758,0.6105224659863611,0.6094949711321245,0.4972686466377499,25.546897453789835,25.546897453789835,25.15462380485405,16.92731989935123,30816348976.780003,47941818976.78,12.53524642966739,31.572445911467835,47.84426720941101,47.924923721262246,1.1612179226613355,1.1612179226613355,49.11809921682451,57.63103708703832,74.43260716441777,74.55808665887004,0.0199437642811967,0.0208659695697406,0.6650883611792996,0.3890345465421938,20.586590533433508,27.91675515877101,4.005948462673157,1.048004048200926,0.0146894104924982,0.7365415217200298,0.0211986656448631,0.0,0.0,0.0,0.0,0.0,0.0047159372656374,18.158062941128662,0.0185832276239416,0.013546580546074,-3.8424184298802224,18300971000.0,26951801000.0,563742000.0,18300971000.0,18444231000.0,0.0,0.0,1701.4010319122342,0.0,0.0,0.0528975816470779,0.0,0.0,0.0231590565286586,0.0,2025-02-20,0.67,amc,969288560.0,2025-05-11,2024-12-31,-0.1343283582089553,31.60296875,4663379.96875
2024-09-30,VICI,USD,1705696,2024-10-31,2024-10-31 16:20:32,2024,Q3,964669000.0,6824000.0,957845000.0,0.992926071,0,16458000.0,0.0,16458000.0,0.0,16458000.0,13143000.0,2797000.0,207317000.0,1008000.0,952534000.0,0.9874205557,951526000.0,0.9863756377,-204584000.0,746942000.0,0.7742987491,2461000.0,732898000.0,0.7597403876,0.7,0.7,1046626838,1048338348,https://www.sec.gov/Archives/edgar/data/1705696/000170569624000119/0001705696-24-000119-index.htm,https://www.sec.gov/Archives/edgar/data/1705696/000170569624000119/vici-20240930.htm,0.9216933533286674,0.7002476655390333,0.5532554478600137,0.5581053139399813,0.339822166876252,25.34147896559098,25.34147896559098,24.94804552298324,17.059519545781033,34863139973.78,52155106973.78,11.892221009533388,36.140002398522185,60.20726976813828,59.68407604802372,1.335174732197493,1.335174732197493,54.06528765180595,54.75406334448954,90.06981579163875,89.28712024381642,0.0210221454679985,0.0167548878396872,0.6758621001318433,0.3928846421084629,18.15364805875696,0.5453526491233989,4.589715266958329,0.766010699375076,0.0124112171286184,0.5903877483633466,0.0170607742137458,0.0,0.0,0.0087660520989479,0.0052619084888184,5.035714285714286,0.0047695116148647,19.82601168509913,0.0367252313983775,0.0163163157413627,-4.024184501181308,-296511000.0,26523072000.0,-18039367000.0,658794000.0,18401588000.0,0.0,0.5,1720.0777676073349,0.0,0.0,0.0523232156678543,0.0,0.0,0.0280682374454517,0.0048498660799676,2024-10-31,0.67,amc,971780000.0,2025-04-25,2024-09-30,0.0447761194029849,31.64453125,5299778.984375
2024-06-30,VICI,USD,1705696,2024-07-31,2024-07-31 16:18:47,2024,Q2,957003000.0,7805000.0,949198000.0,0.9918443307,0,15768000.0,8066000.0,15768000.0,990000.0,-6917000.0,155000.0,3926000.0,205777000.0,992000.0,957840000.0,1.0008746054,956848000.0,0.999838036,-200861000.0,755987000.0,0.7899525916,3234000.0,741302000.0,0.7746078121,0.71,0.71,1042650713,1042959627,https://www.sec.gov/Archives/edgar/data/1705696/000170569624000099/0001705696-24-000099-index.htm,https://www.sec.gov/Archives/edgar/data/1705696/000170569624000099/vici-20240630.htm,0.9178557958747592,0.7109782698628433,0.5894687380317363,0.5869117935375161,0.3329590587447284,25.057588964598924,24.85223352069966,24.66683778117745,17.110443389683848,29089954892.7,46377233892.7,9.810426416190705,30.39693176792549,47.33075428759701,47.53695582063064,1.1310732347414911,1.1310732347414911,48.46090753393667,48.4185603991272,75.45798781780316,75.78672867566313,0.0254830921097793,0.0210362650013446,0.6856608075245532,0.3961793703838917,18.04819072078844,28.647664635471344,4.649926862574534,0.8290952944953609,0.0148784005199201,0.5838538139651586,0.0164764373779392,0.0,0.0048103344660057,0.004337710092579,0.0027857801908666,2.6875,0.00478472899249,19.86443246344082,0.0217237359801886,0.0167347613624501,-4.088562398077025,18067030000.0,25912199000.0,335567000.0,18351058000.0,18330336000.0,0.0,273434500.5,1727.2465603556102,0.0,1.1531069827033953e-05,0.0521060525264387,0.0,7805000.0,0.0288232434238234,0.00255694449422,2024-07-31,0.68,amc,952440000.0,2025-04-25,2024-06-30,0.0441176470588234,28.715238095238096,6281533.698412699
2024-03-31,VICI,USD,1705696,2024-05-01,2024-05-01 16:22:47,2024,Q1,951481000.0,6511000.0,944970000.0,0.9931569837,0,16192000.0,0.0,16192000.0,-156000.0,143555000.0,150066000.0,5293000.0,204882000.0,1133000.0,802243000.0,0.8431518864,801110000.0,0.8419611112,-199745000.0,601365000.0,0.6320304872,1562000.0,590016000.0,0.6201027661,0.57,0.57,1042404634,1043311636,https://www.sec.gov/Archives/edgar/data/1705696/000170569624000080/0001705696-24-000080-index.htm,https://www.sec.gov/Archives/edgar/data/1705696/000170569624000080/vici-20240331.htm,0.9127751057177284,0.5660143678908472,0.5216198990918914,0.5193079369982924,0.4939511809576242,24.76826863377125,2.5796671583100426,24.38095838319153,17.09429660881573,30855177166.4,47984151166.4,13.07387306717106,32.42857941083427,56.74630138062563,56.99893625946513,1.2140622011153808,1.2140622011153808,50.43101351093716,59.812489690031576,88.24850004579403,88.64138290466612,0.0191221070233394,0.0175441870607531,0.6930715711428889,0.3988935789547653,21.35135364222561,30.134419418184848,3.910104352749387,0.9065293104569334,0.0140919949237397,0.7369478115847706,0.0170176808575263,0.0,0.5237911028912103,0.0044322735724308,0.0025328934576728,2.1270962047661075,0.0039864169647108,17.620992787760063,0.0183543303762312,0.0280580921813633,-3.6744982467144327,18189259000.0,2689057000.0,474266000.0,42268544000.0,18265287500.0,0.0,549709000.0,1730.4395358393913,0.0,7559.239748118569,0.0520099073882655,0.0,0.0119059591968094,0.0232154273427193,0.002311962093599,2024-05-01,0.66,amc,936670000.0,2025-04-25,2024-03-31,-0.1363636363636364,30.013934426229508,6294406.213114754
2023-12-31,VICI,USD,1705696,2024-02-22,2024-02-22 16:20:50,2023,Q4,931865000.0,8215000.0,923650000.0,0.9911843454,0,15256000.0,0.0,15256000.0,161000.0,-28170000.0,-19955000.0,7776000.0,205175000.0,1586000.0,961343000.0,1.0316333374,959757000.0,1.0299313742,-197238000.0,749950000.0,0.8047839548,-9771000.0,747769000.0,0.802443487,0.72,0.72,1036702399,1037834051,https://www.sec.gov/Archives/edgar/data/1705696/000170569624000033/0001705696-24-000033-index.htm,https://www.sec.gov/Archives/edgar/data/1705696/000170569624000033/vici-20231231.htm,0.8988741618606017,0.7212957168048378,0.5560824403957032,0.5540172382682024,0.5055809656711328,24.749411233879087,24.75091889895395,24.36179469089856,17.202330212800057,33050072480.12,50156020480.12,11.0495595832804,35.46658848665847,57.32962899766172,57.54333583491628,1.3086063816107194,1.3086063816107194,53.82326890710563,52.1728669997285,87.0021101422396,87.32642666265053,0.022625336160754,0.0173782069720264,0.6979953342444593,0.4001040766352289,17.793803044282843,28.222806991155768,4.677748263677349,0.7588206723257617,0.0127708040656759,0.5644470418003421,0.0163714701163795,0.0,-3.547448117209501e-05,0.0037138416491469,0.002297543099054,1.349936948297604,0.0043128564759916,19.88394600412703,0.0224049205076069,0.0169710661058372,-3.785458347338116,18098811000.0,25659337000.0,361584000.0,19049869000.0,17800790500.0,0.0,276274499.9999962,1761.2759466231696,0.0,6053.488740109556,0.0510993181804099,0.0,0.0148674597185046,0.0296076592860504,0.0020652021275008,2024-02-22,0.65,amc,921180000.0,2025-04-25,2023-12-31,0.1076923076923076,29.36555555555556,6608311.682539683
2023-09-30,VICI,USD,1705696,2023-10-25,2023-10-25 16:19:17,2023,Q3,904318000.0,6332000.0,897986000.0,0.9929980383,0,14422000.0,0.0,14422000.0,-1122000.0,129609000.0,135941000.0,7341000.0,198890000.0,1011000.0,765822000.0,0.8468503336,555685000.0,0.614479641,-198708000.0,566103000.0,0.6259999248,644000.0,556329000.0,0.6151917799,0.55,0.55,1012986784,1013589640,https://www.sec.gov/Archives/edgar/data/1705696/000170569623000113/0001705696-23-000113-index.htm,https://www.sec.gov/Archives/edgar/data/1705696/000170569623000113/vici-20230930.htm,0.8927243812886704,0.5491967010696953,0.5450278411529602,0.5444582384600982,0.5243632082765652,24.22112744957589,24.22112744957589,23.855149328384524,17.51044365056593,29477915414.4,46505989414.4,13.24661999212696,32.59684692154751,53.39176791123444,53.4476254456248,1.2198624120694472,1.2198624120694472,51.4265882293618,60.7268913852044,84.23380549097456,84.32192942601387,0.0188727388683744,0.0187099051017215,0.7258015131087996,0.4094811586502466,22.235028505318468,27.53742312768851,2.793931318819448,0.976385555805107,0.0129878586941386,0.6881809145307902,0.0159479298211469,0.0,0.0,0.0010450891676598,0.00063804988953,0.5707220573689417,0.0044442331126882,17.169050922522164,0.0131582561698257,0.0129885848127769,-4.6805842631802825,17230510000.0,24535682000.0,-416666000.0,18123848000.0,17266118500.0,0.0,-655000.0000038147,1728.2315291744717,0.0,-1.0844054134752052e-10,0.0520763557895454,0.0,-829947904000.0,0.023022144758332,0.0005696026928619,2023-10-25,0.63,amc,898800000.0,2025-04-25,2023-09-30,-0.1269841269841269,31.024126984126983,4711437.968253968
2023-06-30,VICI,USD,1705696,2023-07-26,2023-07-26 16:25:13,2023,Q2,898158000.0,6590000.0,891568000.0,0.9926627609,0,14920000.0,0.0,14920000.0,3454000.0,-7023000.0,-433000.0,5806000.0,197557000.0,887000.0,898701000.0,1.0006045707,688803000.0,0.7669062682,-194334000.0,703480000.0,0.783247491,1899000.0,690702000.0,0.7690205955,0.69,0.69,1006893810,1007968422,https://www.sec.gov/Archives/edgar/data/1705696/000170569623000094/0001705696-23-000094-index.htm,https://www.sec.gov/Archives/edgar/data/1705696/000170569623000094/vici-20230630.htm,0.8920086617674211,0.6859730322505408,0.5267467082750266,0.5264199608099687,0.7350358028320781,23.91967728950484,23.91967728950484,23.55433687689469,17.527207759872912,31646672448.3,48358359448.3,11.45453192849449,35.23508385863067,59.668146959904064,59.70518281951291,1.3343614878341503,1.3343614878341503,53.8417065241305,53.80917507413479,91.17715940008824,91.23375281964498,0.0218254225978536,0.016748964709194,0.7357882094637386,0.4130231492515729,18.595380443551303,29.458153924087277,3.48660386622595,0.7559754326300171,0.0125225487971102,0.5737597400905166,0.0166117765471108,0.0,0.0,0.0006203123055632,0.0003663052603216,0.370913190529876,0.0044880744813273,19.06690581943277,0.016496176646578,0.0163477403048145,-4.520172042769833,17302956000.0,24084575000.0,-255065000.0,18179798000.0,17119349500.0,0.0,-654999.5,1720.221219429098,0.0,-17.8907435508346,0.0523188523565991,0.0,-5.030534351145038,0.0291230033702811,0.0003267474650579,2023-07-26,0.62,amc,888640000.0,2025-04-25,2023-06-30,0.1129032258064515,32.082419354838706,4868397.0322580645
2023-03-31,VICI,USD,1705696,2023-05-01,2023-05-01 16:26:52,2023,Q1,877647000.0,5952000.0,871695000.0,0.9932182301,0,15005000.0,0.0,15005000.0,1963000.0,145635000.0,151587000.0,3047000.0,198323000.0,814000.0,733164000.0,0.8353745868,732350000.0,0.8344471069,-199350000.0,528948000.0,0.6026887803,1087000.0,518740000.0,0.5910576804,0.52,0.52,1001526645,1003831325,https://www.sec.gov/Archives/edgar/data/1705696/000170569623000072/0001705696-23-000072-index.htm,https://www.sec.gov/Archives/edgar/data/1705696/000170569623000072/vici-20230331.htm,0.8763091869612715,0.517949275328566,0.521237255749696,0.5202507617757888,0.2472954676108492,23.63844748234332,23.63844748234332,23.275712250271685,16.778947503688233,32669799159.9,49028366159.9,15.744785036771791,37.22430448676973,62.58186582055156,62.70053289044132,1.4014608725719764,1.4014608725719764,55.86342363148281,66.87230436832687,93.91813574984722,94.09622232225622,0.0158782733086623,0.0159488277674981,0.7123703297541453,0.3967771533062784,22.312288928534407,29.450253038486142,3.69271340187472,0.9889592146417332,0.0117114891991632,0.7375795196051972,0.0170968510118532,0.0,0.0,0.0018926006593452,0.0011257373408671,1.2137592137592137,0.0039503353854112,16.469725607539733,0.0177237630210429,0.0123943879232203,-5.11901957386266,17567889000.0,23674535000.0,7106000.0,18446085000.0,16915673500.0,0.0,-3673999.5,1750.6497031266556,0.0,1.5120967741935486e-05,0.0514094851981297,0.0,5952000.0,0.0222527787660942,0.0009864939739072,2023-05-01,0.56,amc,856020000.0,2025-04-25,2023-03-31,-0.0714285714285714,33.08032258064516,6484568.806451613
2022-12-31,VICI,USD,1705696,2023-02-23,2023-02-23 16:20:46,2022,Q4,769906000.0,24090000.0,745816000.0,0.968710466,0,15029000.0,0.0,15029000.0,-30154000.0,-15125000.0,8965000.0,5633000.0,163292000.0,811000.0,789301000.0,1.025191387,788490000.0,1.0241380117,-145067000.0,615874000.0,0.7999340179,1032000.0,604053000.0,0.7845801955,0.63,0.63,962580619,965299406,https://www.sec.gov/Archives/edgar/data/1705696/000170569623000035/0001705696-23-000035-index.htm,https://www.sec.gov/Archives/edgar/data/1705696/000170569623000035/vici-20221231.htm,0.79983534345397,0.6275349701384336,0.5068863743661143,0.5061404628176915,0.4428460241001382,23.15661936260115,23.15661936260115,22.78628570642352,14.44343125715894,31187612055.6,44718354055.6,12.907647199666254,40.50833745366317,63.91965071169599,64.01385066040504,1.4219079150256748,1.4219079150256748,58.08287512449572,56.65564094762328,91.65118401947863,91.78625260539285,0.0193683632758775,0.0156216192227682,0.6264202785885442,0.3656519752885804,17.14268954429299,30.077258468308496,4.828711755627955,0.7935681036754157,0.0120371832037262,0.6214868562857895,0.0195205648481762,0.0,0.0,0.001471555729537,0.0009325813800645,0.8853267570900123,0.004710964715173,17.936883793117236,0.0212850364740197,0.0160755747591549,-2.3825248553025355,17259272000.0,22290113000.0,2567125000.0,18135998000.0,16609182500.0,0.0,-3673999.0,1959.159650658652,0.0,-27.452054794520546,0.045938063276131,0.0,-3.2784431137724552,0.0275400290430629,0.0007459115484227,2023-02-23,0.58,amc,747708255.0,2025-04-25,2022-12-31,0.0862068965517242,32.126666666666665,5918787.73015873
2022-09-30,VICI,USD,1705696,2022-10-27,2022-10-27 16:21:45,2022,Q3,751543000.0,23048000.0,728495000.0,0.9693324268,0,12063000.0,0.0,12063000.0,233579000.0,245642000.0,268690000.0,3024000.0,163317000.0,816000.0,509412000.0,0.6778214952,508596000.0,0.676735729,-145558000.0,337295000.0,0.4488033286,417000.0,330905000.0,0.4403008211,0.34,0.34,962573646,964134340,https://www.sec.gov/Archives/edgar/data/1705696/000170569622000130/0001705696-22-000130-index.htm,https://www.sec.gov/Archives/edgar/data/1705696/000170569622000130/vici-20220930.htm,0.7807641556810293,0.3437710988401608,0.523952636866603,0.5234622847756628,0.7543370868476904,22.92011327307833,22.92011327307833,22.55368105101851,15.297137067058244,28732823333.1,42775744333.100006,21.70775852064792,38.23177560445644,56.97079831206143,57.02416557630823,1.3235090064666846,1.3235090064666846,56.917228066923656,83.9708219144818,84.8147874226469,84.8942374796327,0.0115166197266385,0.0175364249506084,0.6707317539414284,0.3902999631553376,27.56692225546316,30.47793373603493,3.114164477672257,1.497108745599297,0.0120600052414902,1.047182726160076,0.0160509777883634,0.0,0.0,0.000935871024283,0.000628041243149,0.5784313725490197,0.0046477713184741,13.207926924785768,0.0138316766778718,0.0088695496851049,-2.2601345964961106,17187463000.0,22062297000.0,2524840000.0,18063442000.0,16482203500.0,0.0,1.0,1970.9904556359384,0.0,7.809788267962513e-06,0.0456623215717001,0.0,11524000.0,0.015242349932258,0.0004903520909401,2022-10-27,0.57,amc,726928331.0,2025-04-25,2022-09-30,-0.4035087719298245,33.01890625,6366834.046875
2022-06-30,VICI,USD,1705696,2022-07-27,2022-07-27 16:20:37,2022,Q2,662623000.0,5859000.0,656764000.0,0.991157868,0,11782000.0,0.0,11782000.0,568218000.0,580000000.0,585859000.0,780000.0,128969000.0,779000.0,93457000.0,0.1410409841,92678000.0,0.1398653533,-133878000.0,-57114000.0,-0.0861938085,1027000.0,-57706000.0,-0.0870872276,-0.0644,-0.0644,896545880,896545880,https://www.sec.gov/Archives/edgar/data/1705696/000170569622000111/0001705696-22-000111-index.htm,https://www.sec.gov/Archives/edgar/data/1705696/000170569622000111/vici-20220630.htm,0.7390843176926986,-0.064364804174885,0.7283074012899373,0.7280486303723799,0.684851733410453,24.666765520131552,24.666765520131552,24.27370922723999,16.382128709352834,26708101765.2,40652461765.2,-115.70764636779536,40.30663252739492,40.9030581691709,40.91759637644413,1.2272537221698947,1.2272537221698947,61.35081602238376,434.98573424355584,62.25863683313398,62.28076547112201,-0.0021606177970756,0.0244393632216307,0.6689656525580202,0.3904174496343005,149.20615898220572,33.96671471956329,0.7186067969822205,-11.23064618771607,0.010084018788296,-4.667192319689461,0.0177808497441229,0.0,0.0,0.0003553045281418,0.0003501236751516,0.2978177150192554,0.0048836216068563,,0.0025658736236644,-0.0015475251196612,-2.432734117299161,17151263000.0,22114887000.0,2497193000.0,18038067000.0,9583319500.0,0.0,-54747500.0,2241.866868490831,0.0,0.0,0.0401451135502019,0.0,0.0,-0.0026516262336476,0.0002587709175575,2022-07-27,0.48,amc,598132699.0,2025-04-25,2022-06-30,0.0,29.48596774193549,17028362.64516129
2022-03-31,VICI,USD,1705696,2022-05-04,2022-05-04 16:23:58,2022,Q1,416625000.0,5285000.0,411340000.0,0.9873147315,0,9466000.0,0.0,9466000.0,89982000.0,99448000.0,104733000.0,93000.0,68142000.0,776000.0,312761000.0,0.7507014701,311985000.0,0.7488388839,-68804000.0,243088000.0,0.583469547,400000.0,240383000.0,0.5769768977,0.35,0.35,684341045,687914683,https://www.sec.gov/Archives/edgar/data/1705696/000170569622000090/0001705696-22-000090-index.htm,https://www.sec.gov/Archives/edgar/data/1705696/000170569622000090/vici-20220331.htm,0.6087973285308351,0.3512619939375403,0.4357081928353428,0.4350447809249845,0.99102195455776,22.62583270889444,22.62583270889444,22.510235375404086,8.578466895844308,19476346140.7,24710099140.7,20.255536103530616,46.74790552823283,65.31894618459754,65.4185528659575,1.2643137455193807,1.2643137455193807,59.31016895457546,79.00633116245312,82.87168570158934,82.99805904460246,0.012342304776442,0.0152861834478209,0.3766683730747244,0.2668860369615995,16.73403333535831,3.868725589618501,4.578453817029145,1.2286268789556962,0.011699473728485,0.947916449998544,0.0227206720672067,0.0,0.0,0.001522606003897,0.001089708970897,0.5850515463917526,0.0063126312631263,13.33818873176847,0.0149940733286155,0.0110565038803299,-5.3166144666947455,2777896000.0,15483786000.0,-2511301000.0,3342776000.0,2656960500.0,0.0,-56577500.0,574.8213861386138,0.0,-1864.6263008514663,0.1565703750248032,0.0,-0.0482670441572674,0.0156045455802451,0.0006634119103582,2022-05-04,0.42,amc,411141156.0,2025-04-25,2022-03-31,-0.1666666666666666,28.04,7662312.532258064
2021-12-31,VICI,USD,1705696,2022-02-23,2022-02-23 16:26:13,2021,Q4,383154000.0,12792000.0,370362000.0,0.9666139464,0,9030000.0,0.0,9030000.0,5670000.0,14700000.0,27492000.0,45000.0,70437000.0,771000.0,355720000.0,0.9283995469,352675000.0,0.9204523508,-71105000.0,284557000.0,0.7426700491,759000.0,281479000.0,0.7346367257,0.45,0.44,628632771,637407750,https://www.sec.gov/Archives/edgar/data/1705696/000170569622000046/0001705696-22-000046-index.htm,https://www.sec.gov/Archives/edgar/data/1705696/000170569622000046/vici-20211231.htm,0.6095037002135544,0.4477638026287369,0.4540425080702641,0.4526871857910188,1.1779500435875303,19.386793947463488,19.386793947463488,19.261273924263804,7.579878459756595,18928132734.81,22883041734.81,16.81131872609502,49.40084857475063,66.3153767870131,66.5139216330726,1.5632403193264306,1.5632403193264306,59.72283138061981,64.3288028078545,80.17153915484224,80.41156864228637,0.0148709333320736,0.0150344465556631,0.3877121814614608,0.2667740804266637,11.118039469245474,11.424350942652255,5.006956571120292,1.0057364745347042,0.0119626168715301,0.8044294601018194,0.0235675472525407,0.0,0.0,0.0029850118769838,0.0022236489766516,1.105058365758755,0.0060132479368608,13.930228937657382,0.0203814930100645,0.0159955125120096,-4.266080888105657,3542601000.0,12187174000.0,-1527759000.0,3901897000.0,2650192000.0,257000.0,-1830000.0,623.1643934292738,0.0,-25.75046904315197,0.1444241695272895,0.0,-3.495081967213115,0.0232468425707128,0.0013553222792452,2022-02-23,0.45,amc,377115153.0,2025-04-25,2021-12-31,-0.0222222222222222,28.985625,5359213.28125
2021-09-30,VICI,USD,1705696,2021-10-27,2021-10-27 16:20:29,2021,Q3,375704000.0,12079000.0,363625000.0,0.9678496902,0,8379000.0,0.0,8379000.0,9802000.0,18181000.0,30260000.0,26000.0,100860000.0,771000.0,346038000.0,0.921038903,345444000.0,0.9194578711,-180872000.0,164572000.0,0.4380363265,388000.0,161862000.0,0.4308232012,0.29,0.28,555153692,571894545,https://www.sec.gov/Archives/edgar/data/1705696/000170569621000224/0001705696-21-000224-index.htm,https://www.sec.gov/Archives/edgar/data/1705696/000170569621000224/vici-20210930.htm,0.6767567349619644,0.2915625030194341,0.3610783876404446,0.3608442182529878,1.2059975636440512,21.84761837087809,21.84761837087809,21.70589365368032,9.16980301735974,15771916389.72,20092192389.72,24.36012836508878,41.97963393980368,78.68097613277858,78.73203605019867,1.3088611071851894,1.3088611071851894,53.47878220545962,58.063543280564566,100.23343205782874,100.29847841357002,0.0102626717007896,0.0127013100405838,0.4140867794783897,0.2843378956195533,12.484975638513689,11.131308041803129,3.4249851279000594,1.2209106855722849,0.0112290729689281,1.094166635776155,0.022302131465196,0.0,0.0,0.0006485278417991,0.0003460170772735,0.1686121919584954,0.0063746992313097,11.93289802976064,0.0200325603257358,0.0092235345497049,-4.98051042412954,3498675000.0,12128786000.0,-1576010000.0,3858359000.0,2650731000.0,452000.0,0.0,634.1870994186913,3.829787234042553,0.0,0.1419139558065684,23.5,0.0,0.0134324118449736,0.0002341693874567,2021-10-27,0.47,amc,369890000.0,2025-04-25,2021-09-30,-0.4042553191489361,30.47640625,6282253.265625
2021-06-30,VICI,USD,1705696,2021-07-28,2021-07-28 16:22:15,2021,Q2,376400000.0,12219000.0,364181000.0,0.9675371945,0,7628000.0,0.0,7628000.0,-28347000.0,-20719000.0,-8500000.0,30000.0,79806000.0,757000.0,384866000.0,1.0224920298,384900000.0,1.0225823592,-79776000.0,304333000.0,0.8085361318,1256000.0,300709000.0,0.7989080765,0.56,0.54,536692167,554438981,https://www.sec.gov/Archives/edgar/data/1705696/000170569621000126/0001705696-21-000126-index.htm,https://www.sec.gov/Archives/edgar/data/1705696/000170569621000126/vici-20210630.htm,0.701333134977541,0.5603007058606838,0.4746557070582325,0.4741414457796624,0.7593216839328307,18.13901822792953,18.13901822792953,17.992884177868017,13.32956849359048,16648191020.34,23314738020.34,13.840782135170548,44.230050532252925,65.35263252653644,65.42351502090636,1.7240148768453625,1.7240148768453625,61.941386876567485,60.57884567704084,91.52222631481015,91.62149276270492,0.0180625630516016,0.0152850240418975,0.7325600830102396,0.4108161840252717,17.32173535724122,13.909830606179815,4.822945643184723,0.8405256749934835,0.0106466822601594,0.5894336385010093,0.0202656748140276,0.0,0.0,0.0010834406305938,0.0007332624867162,0.3645970937912813,0.0063629117959617,15.060945467330464,0.0225971709816954,0.0174632342265894,-9.477342996138791,3314457000.0,9735069000.0,-3913283000.0,3678226000.0,2645508500.0,319500.0,0.0,634.6040116896919,2.8725754971765287,0.0,0.1418207233836525,31.33076923076923,0.0,0.0311401274149186,0.0005142612785701,2021-07-28,0.5,amc,369310000.0,2025-04-25,2021-06-30,0.08,31.012698412698413,4576018.19047619
2021-03-31,VICI,USD,1705696,2021-04-29,2021-04-29 16:21:54,2021,Q1,374310000.0,11480000.0,362830000.0,0.9693302343,0,8085000.0,0.0,8085000.0,-3588000.0,4497000.0,15977000.0,19000.0,77048000.0,792000.0,350404000.0,0.9361331517,358333000.0,0.9573161283,-77029000.0,272583000.0,0.7282279394,484000.0,269801000.0,0.7207955972,0.5,0.5,536480505,544801802,https://www.sec.gov/Archives/edgar/data/1705696/000170569621000099/0001705696-21-000099-index.htm,https://www.sec.gov/Archives/edgar/data/1705696/000170569621000099/vici-20210331.htm,0.6977140763018034,0.5029092343252994,0.2902733623097823,0.2879489535225515,0.6011961236131032,17.893831948283005,17.893831948283005,17.74819198695766,13.3234776163954,15150209461.2,21898417461.2,14.03831848399376,40.47503262322673,97.2876042613308,98.07293846542248,1.591147989651695,1.591147989651695,58.503426200742695,62.49477021152725,140.62145987953198,141.7565977330252,0.0178084006489128,0.0101964926884756,0.7426029707950137,0.4138564580710296,19.258364630540747,13.631721926475317,4.650776139549372,0.5723137534500311,0.0117495405232437,0.6597751676235447,0.0215997435280916,0.0,0.0,0.0080076544700306,0.0033314632256685,1.5744949494949494,0.0060831930752584,14.171411960825711,0.0212536425069556,0.0157916876914435,-9.66495045332542,3222327000.0,9599692000.0,-4007884000.0,3586718000.0,2631228500.0,491500.0,-1355000.0,634.0375090165905,1.952090592334495,0.0,0.1419474379987273,46.10441767068273,0.0,0.0283358008914296,0.0023244087872307,2021-04-29,0.49,amc,363390000.0,2025-04-25,2021-03-31,0.0204081632653061,27.13672131147541,5786058.360655738
2020-12-31,VICI,USD,1705696,2021-02-18,2021-02-18 16:20:48,2020,Q4,373018000.0,11542000.0,361476000.0,0.9690577935,0,8101000.0,0.0,8101000.0,-15822000.0,-7721000.0,3821000.0,52000.0,77420000.0,741000.0,368957000.0,0.9891131259,369197000.0,0.9897565265,-78349000.0,290848000.0,0.7797157242,436000.0,288010000.0,0.7721075122,0.54,0.53,536333632,541935681,https://www.sec.gov/Archives/edgar/data/1705696/000170569621000030/0001705696-21-000030-index.htm,https://www.sec.gov/Archives/edgar/data/1705696/000170569621000030/vici-20201231.htm,0.695496194428471,0.5369978364511737,0.6416136886974114,3.2701771721076778,0.6264123298536683,17.701192753095892,17.701192753095892,17.555936152816162,12.758759831044868,13676507616.0,20126046616.0,11.871556209853823,36.664470926336,39.74354108898376,7.797742647553518,1.4525001559606108,1.4525001559606108,53.95462582502721,54.54848834959088,58.48571748726458,11.47498589776191,0.0210587386843597,0.1282422420434383,0.7185267292696912,0.3964888326991476,17.48046249291923,11.01086815969824,4.768754843709636,1.184933818161784,0.0129437283969264,0.6146487969167738,0.0217174506324091,0.0,0.0,4.096800815996792,3.779407428059772,1902.5465587044537,0.0053965224198296,14.56429689158002,0.0220131173228441,0.0168786059552569,-9.818768460151311,3174176000.0,9493745000.0,-4078619000.0,3538369000.0,2615547500.0,529000.0,-1963500.0,633.4668836356423,5.723444810258187,-21.13151966730203,0.142075303895075,15.724795640326976,-4.259040590405904,0.0305878212233662,2.6285634834102667,2021-02-18,0.48,amc,334161958.0,2025-04-25,2020-12-31,0.1041666666666667,24.8303125,4045674.359375
2020-09-30,VICI,USD,1705696,2020-10-28,2020-10-28 16:23:22,2020,Q3,339653000.0,11935000.0,327718000.0,0.9648611966,0,8047000.0,0.0,8047000.0,333352000.0,186009000.0,197944000.0,214000.0,77399000.0,910000.0,140593000.0,0.4139312769,139683000.0,0.411252072,256167000.0,395850000.0,1.1654541547,-368000.0,398274000.0,1.1725908501,0.75,0.74,533407916,536180175,https://www.sec.gov/Archives/edgar/data/1705696/000170569620000181/0001705696-20-000181-index.htm,https://www.sec.gov/Archives/edgar/data/1705696/000170569620000181/vici-20200930.htm,0.6367603288437137,0.7466593352919044,0.4143620545743832,-2.2245189177132496,0.3075132465788153,17.565429231462698,17.565429231462698,17.420013316787745,12.821765097314378,12465742996.92,19083517996.92,7.824853616429896,36.70140701515959,56.39995202747213,-10.505642282432817,1.3415603980898354,1.3415603980898354,56.18533620171174,135.73590432610442,86.34138372719704,-16.08284509118674,0.0319494794733378,-0.0951869455589751,0.7277068067244706,0.4012520895356765,47.07044447447597,14.697036947909286,1.8047132391891367,0.5578343235289663,0.0127269589978871,0.3983463645630897,0.0236918266583837,0.0,0.0,6.368539163167801,4.1442295519250525,1546.8131868131868,0.0059295810724474,17.10711402275379,0.0084085652675295,0.023633872404362,-10.05734886769097,3073574000.0,9369539000.0,-4184320000.0,3438257000.0,1332782000.0,582500.0,-608499.5,690.4222839191764,2.443234185169669,-9.177209886887306,0.1303550046054651,36.83641975308642,-9.806902218570254,0.042862156401014,2.638880972287633,2020-10-28,0.34,amc,333783995.0,2025-04-25,2020-09-30,1.176470588235294,22.45203125,4571245.359375
2020-06-30,VICI,USD,1705696,2020-07-29,2020-07-29 16:32:33,2020,Q2,257902000.0,4875000.0,253027000.0,0.9810974711,0,7498000.0,0.0,7498000.0,-64267000.0,-56769000.0,-51894000.0,1009000.0,77693000.0,1213000.0,309849000.0,1.2014214702,308636000.0,1.1967181332,-76684000.0,231952000.0,0.8993803848,309000.0,229402000.0,0.8894929082,0.47,0.47,489012165,489213427,https://www.sec.gov/Archives/edgar/data/1705696/000170569620000153/0001705696-20-000153-index.htm,https://www.sec.gov/Archives/edgar/data/1705696/000170569620000153/vici-20200630.htm,0.5273938328303142,0.4691130741093118,0.3702382332349544,0.3684836756566168,3.4365934434371384,18.55661607109508,18.55661607109508,18.38962022550093,14.032949466604784,9873155611.35,14977209611.35,10.759666013537371,38.282586452799904,54.532455558654746,54.79211518399716,1.0979019551476368,1.0979019551476368,58.07325887876015,48.337124248746974,82.72370553794235,83.11759952578625,0.0232349219469693,0.0182508011716996,0.7544512533877298,0.4168044323886383,16.472714128494847,20.8277066303566,3.9725071756786328,0.7815949543046844,0.014118687630098,0.6076494537972642,0.0290730587587533,0.0,0.0,0.0047389961944424,0.0033268450806895,0.7073371805441055,0.0077975354979798,13.932094376043006,0.0191961762523479,0.0140930801122571,-11.20159045429882,4383093000.0,9074411000.0,-2599071000.0,4479811000.0,60436000.0,641500.0,1.0,20.925622911028217,15.526153846153846,1.846153846153846e-05,4.300947235007671,5.79667063020214,4875000.0,0.0255096662332804,0.0017545575783375,2020-07-29,0.36,amc,197541957.0,2025-04-25,2020-06-30,-0.0555555555555554,18.31746031746032,5948402.349206349
2020-03-31,VICI,USD,1705696,2020-04-30,2020-04-30 16:27:15,2020,Q1,255001000.0,5073000.0,249928000.0,0.9801059604,0,7015000.0,0.0,7015000.0,150375000.0,157390000.0,162463000.0,5520000.0,76093000.0,867000.0,88888000.0,0.3485790252,88021000.0,0.3451790385,-109632000.0,-21611000.0,-0.0847486873,454000.0,-24012000.0,-0.0941643366,-0.0516,-0.0516,465177425,465177425,https://www.sec.gov/Archives/edgar/data/1705696/000170569620000106/0001705696-20-000106-index.htm,https://www.sec.gov/Archives/edgar/data/1705696/000170569620000106/vici-20200331.htm,0.548180084190457,-0.051619013970852,0.2954700563983731,0.2926130819869429,0.7933575022476639,16.604483762297793,16.604483762297793,16.429361334548855,14.740670186219806,7740552352.0,14152434352.0,-80.59045843744794,30.354988223575592,56.31704343524002,56.866903854772,1.012820867540858,1.012820867540858,55.49952491166701,159.21647862478625,102.9672333279979,103.97257030348892,-0.003102104204979,0.0175849207924845,0.8872585759132271,0.4548760388678957,72.13439384393844,15.95986964210034,1.1567555491306691,-6.229141173804668,0.0177161775754371,-5.7110194902548725,0.0275096960404076,0.0,0.0,0.0096692519243921,0.0052117442676695,1.532871972318339,0.0052940968858945,,0.006112810842295,-0.0016107638631043,-14.550252518165514,3070977000.0,7724031000.0,-3906924000.0,3168284000.0,61322500.0,541000.0,-2438999.5,21.49685687507108,7.841513897102307,1.7740981667652277e-05,4.186658567019111,11.47737556561086,5073000.0,-0.003141875872089,0.0028569744114302,2020-04-30,0.37,amc,1683006600.0,2025-04-25,2020-03-31,-1.135135135135135,23.37532258064516,5649685.967741936
2019-12-31,VICI,USD,1705696,2020-02-20,2020-02-20 16:28:12,2019,Q4,237537000.0,4538000.0,232999000.0,0.9808956078,0,5109000.0,0.0,5109000.0,883000.0,5992000.0,10530000.0,4153000.0,71448000.0,883000.0,227641000.0,0.9583391219,226758000.0,0.9546218063,-125438000.0,101320000.0,0.4265440752,607000.0,98631000.0,0.4152237336,0.21,0.21,460689199,472642363,https://www.sec.gov/Archives/edgar/data/1705696/000170569620000048/0001705696-20-000048-index.htm,https://www.sec.gov/Archives/edgar/data/1705696/000170569620000048/vici2019form10-k.htm,0.5156122620534891,0.2140944485221152,0.5317250774095097,0.5310847324640663,2.52093385849057,17.471625159590513,17.471625159590513,17.289710757902967,10.555947503340532,11770609034.45,15460279034.45,29.834963232781785,49.552739297246326,48.0511472666966,48.1090839901498,1.4777575147300444,1.4777575147300444,65.08577204582865,67.91517799715342,63.11348397473057,63.18958181370446,0.0083794304705328,0.020786095204073,0.6015634543487576,0.361201614489305,16.20828409645011,5.103810607825128,3.173748740342627,2.432258000456744,0.0116475706226195,1.390019365108333,0.0215082281918185,0.0,0.0,0.0012042782495101,0.0012419117863743,0.334088335220838,0.0059022383881247,9.126154695212692,0.0172877972732826,0.0074350846349499,-8.707387233534858,933818000.0,8048989000.0,-4055263000.0,12754721000.0,32123500.0,973500.0,-2438999.5,23.39142954571288,12.692816218598502,-96.74305861613044,3.84756304971087,7.090625,-0.93029930299303,0.0123827663469878,0.0006403449454433,2020-02-20,0.33,amc,373272428.0,2025-04-25,2019-12-31,-0.3636363636363637,24.18,4330917.453125
2019-09-30,VICI,USD,1705696,2019-10-31,2019-10-31 16:21:26,2019,Q3,222513000.0,5423000.0,217090000.0,0.9756283903,0,6717000.0,0.0,6717000.0,1000000.0,7717000.0,13140000.0,6690000.0,68531000.0,1000000.0,209380000.0,0.9409787293,208380000.0,0.9364846099,-61841000.0,146539000.0,0.6585637693,24000.0,144435000.0,0.649108142,0.31,0.31,460666295,465771668,https://www.sec.gov/Archives/edgar/data/1705696/000170569619000163/0001705696-19-000163-index.htm,https://www.sec.gov/Archives/edgar/data/1705696/000170569619000163/viciq3201910-q.htm,0.4830242681418661,0.31353498523264,0.3782716510657676,0.3762137622853436,1.680587462992056,17.526936716739826,17.526936716739826,17.34512397960437,9.147046453659042,10434091581.75,14147873581.75,18.060185519005085,46.892053865392135,59.8776036644152,60.20513407699542,1.305842496521413,1.305842496521413,63.582233764993504,67.5703199051963,81.18970016556007,81.63380771771807,0.0138426042045315,0.0166098791295957,0.5187787363550419,0.3294691572508323,17.737042697487823,3.982516966656831,3.040667727014052,1.189345800771252,0.0126931030806408,0.9169591857929172,0.0301870003100942,0.0,0.0,0.0054402405642241,0.0042604252335818,0.948,0.006309743700368,11.061727794204677,0.0168317782310062,0.0114799817445757,-8.099842640972899,606465000.0,8074069000.0,-3697592000.0,697191000.0,1829500.0,879000.0,1.0,1.0152215825592212,21.690945970864835,1.65959800848239e-05,88.65059760956176,4.149196633511859,5423000.0,0.0180762608328033,0.002057888780424,2019-10-31,0.33,amc,244046516.0,2025-04-25,2019-09-30,-0.0606060606060606,21.81359375,4548439.328125
2019-06-30,VICI,USD,1705696,2019-07-31,2019-07-31 16:33:08,2019,Q2,220746000.0,4848000.0,215898000.0,0.9780381071,0,6518000.0,0.0,6518000.0,1018000.0,7536000.0,12384000.0,4004000.0,54819000.0,1018000.0,206513000.0,0.9355231805,205495000.0,0.9309115454,-50815000.0,154680000.0,0.7007148487,553000.0,152049000.0,0.688796173,0.37,0.37,412309577,412821400,https://www.sec.gov/Archives/edgar/data/1705696/000170569619000136/0001705696-19-000136-index.htm,https://www.sec.gov/Archives/edgar/data/1705696/000170569619000136/viciq2201910-q.htm,0.5353889706035133,0.368773874005842,0.3572558296408429,0.3565524746469811,3.160055144680765,19.5785483779825,19.5785483779825,19.375579529650363,10.163094028737538,9190380471.33,12120567471.33,15.110886081674328,41.63328201340001,62.39226389226069,62.515342298687166,1.1504172025352692,1.1504172025352692,54.90730283370933,58.691547124539376,82.28491155010184,82.4472312858309,0.0165443640200018,0.015996073335441,0.5176690633325393,0.3302592882984138,14.188874308154936,8.123983504602021,3.748609058902935,0.9557053598655654,0.0128478902879319,0.7765720261231577,0.0295271488498092,0.0,0.0,0.001968771215207,0.0013137270890525,0.2848722986247544,0.0061881075987786,12.679399405957394,0.0165692130610097,0.0121425045076499,-7.629801549576909,1169523000.0,8072423000.0,-3115933000.0,1251643000.0,2354000.0,839000.0,1.0,0.4684569595825065,8.372524752475249,1.8564356435643564e-05,192.1201044386423,10.749445676274943,4848000.0,0.0190329209736157,0.0007033549938618,2019-07-31,0.37,amc,220746000.0,2025-04-25,2019-06-30,0.0,22.333492063492063,3727606.0793650793
2019-03-31,VICI,USD,1705696,2019-05-01,2019-05-01 16:27:17,2019,Q1,214002000.0,4092000.0,209910000.0,0.9808786834,0,6225000.0,0.0,6225000.0,930000.0,7155000.0,11247000.0,5167000.0,53586000.0,930000.0,202796000.0,0.9476360034,201866000.0,0.9432902496,-48419000.0,153447000.0,0.7170353548,521000.0,150849000.0,0.7048952814,0.37,0.37,405733656,406035025,https://www.sec.gov/Archives/edgar/data/1705696/000170569619000094/0001705696-19-000094-index.htm,https://www.sec.gov/Archives/edgar/data/1705696/000170569619000094/viciq1201910-q.htm,0.5274445361762151,0.3717931647257776,0.2850194907173291,0.2820840674849019,2.3541404216168846,17.365796245406862,17.365796245406862,17.15970291604303,10.32214098600684,8840936364.24,12377114364.24,14.651963825149654,41.31240065158269,76.45091198906971,77.2464754719487,1.2698355039484972,1.2698355039484972,57.83644248296745,61.03233971202588,107.02957717991733,108.14334836952058,0.0170625591888837,0.0129455744600689,0.5938371528017662,0.3611296018550974,17.43711907532693,6.579134099821271,3.767140671070802,0.7561958071223991,0.0131593527208926,0.7712414401156124,0.0290885131914655,0.0,0.0,0.0102990263053215,0.0055653685479574,1.280645161290323,0.0049111690544948,11.981104109825202,0.0178056053349796,0.0131761145027226,-8.490692597362443,836580000.0,7045888000.0,-3416255000.0,919459000.0,1914000.0,1142000.0,240000.5,1.4967617125073598,26.986803519061585,2.1994134897360704e-05,60.12981174487216,3.334963325183374,4092000.0,0.0216666434462673,0.0029354232324271,2019-05-01,0.36,amc,208218162.0,2025-04-25,2019-03-31,0.0277777777777778,21.138032786885248,3316482.4426229508
2018-12-31,VICI,USD,1705696,2019-02-14,2019-02-14 16:34:34,2018,Q4,226039000.0,24752000.0,201287000.0,0.8904967727,0,4283000.0,0.0,4283000.0,929000.0,5212000.0,29964000.0,3803000.0,54297000.0,929000.0,196611000.0,0.869810077,195682000.0,0.8657001668,-50495000.0,145188000.0,0.642313937,557000.0,142541000.0,0.6306035684,0.37,0.37,385720716,385847082,https://www.sec.gov/Archives/edgar/data/1705696/000170569619000064/0001705696-19-000064-index.htm,https://www.sec.gov/Archives/edgar/data/1705696/000170569619000064/vici201810-k.htm,0.5860172674780579,0.3695445800219867,0.455160930480073,0.4547590853274263,2.8485895478841745,17.891240251664367,17.891240251664367,17.674573123005402,10.82794059731031,7243835046.48,10788216046.48,12.704827113742711,32.04683725587178,41.26013183994532,41.296591109286815,1.0625433423088315,1.0625433423088315,47.72723311676303,54.87086707498563,61.44855777905619,61.50285643053417,0.0196775601715647,0.0242150737661036,0.6046637092554707,0.3637280638906281,18.02737893607173,6.430088007536938,3.60391918522202,1.2138906174375994,0.0146864194611521,0.7463536806953789,0.0189480576360716,0.0,0.0,0.0008828638965625,0.0006857223753423,0.1668460710441335,0.0038046531793186,12.122694040134018,0.017468069170983,0.0125771085876678,-8.641341031836102,945248000.0,6901022000.0,-3313022000.0,1016761000.0,134500.0,540500.0,-4407538500.0,0.1071054110131437,3.8433257918552033,1.7453135100193922,840.2936802973977,23.41721854304636,51.56666666666667,0.0209082605531775,0.0004018451526466,2019-02-14,0.37,amc,232148162.0,2025-04-25,2018-12-31,0.0,21.02936507936508,4980300.476190476
2018-09-30,VICI,USD,1705696,2018-11-01,2018-11-01 16:30:28,2018,Q3,232687000.0,29646000.0,203041000.0,0.8725927963,0,5678000.0,0.0,5678000.0,929000.0,6607000.0,36253000.0,2027000.0,54051000.0,929000.0,185029000.0,0.7951840885,184100000.0,0.7911916007,-52024000.0,132076000.0,0.567612286,52000.0,129912000.0,0.5583122392,0.35,0.35,369935055,370127185,https://www.sec.gov/Archives/edgar/data/1705696/000170569618000086/0001705696-18-000086-index.htm,https://www.sec.gov/Archives/edgar/data/1705696/000170569618000086/viciq3201810-q.htm,0.6289941892638425,0.3511751542443038,0.2212658651665222,0.2207603710332344,1.2594075465489476,16.77935874446935,13.623464259152192,16.55373806086044,11.286316188661818,7857420568.2,11833350568.2,15.120659693099944,33.76819748503354,95.99311662472206,96.21292037420255,1.2830938801804366,1.2830938801804366,50.85522856111429,63.95403189878344,144.56655225401326,144.89757880416815,0.0165336701621611,0.0103936144554253,0.6729722747675956,0.3899467862093214,21.48814510157867,0.2088480875414205,3.406042441397939,0.6199933345452342,0.0123473090383687,0.746797832378841,0.024401878918891,0.0,0.1104675109554325,0.002284555427957,0.0008036546949335,0.201291711517761,0.0026774164435486,11.436712120577116,0.0220724777557002,0.0138189186817394,-22.44477074496225,-1765124000.0,5039797000.0,-3895271000.0,-525361000.0,0.0,670500.0,-4407778499.5,0.0,0.0728597449908925,-26762.468123861567,0.0,1235.25,-0.0033629185314098,0.0212142510019909,0.0005054941332878,2018-11-01,0.39,amc,259294285.0,2025-04-25,2018-09-30,-0.1025641025641026,20.75809523809524,2378088.698412698
2018-06-30,VICI,USD,1705696,2018-08-02,2018-08-02 16:34:02,2018,Q2,220975000.0,23445000.0,197530000.0,0.8939020251,0,7160000.0,0.0,7160000.0,922000.0,8082000.0,31527000.0,3799000.0,51440000.0,922000.0,190370000.0,0.8615001697,189448000.0,0.857327752,-47641000.0,141807000.0,0.6417332277,448000.0,139044000.0,0.6292295509,0.38,0.38,369932843,369991738,https://www.sec.gov/Archives/edgar/data/1705696/000170569618000033/0001705696-18-000033-index.htm,https://www.sec.gov/Archives/edgar/data/1705696/000170569618000033/viciq2201810-q.htm,0.5973381498327792,0.37586281572734,0.335682549818914,0.3351094728293697,2.650875742870984,16.686658448436276,13.49612799856216,16.461390534065124,11.276590005283742,7635413879.52,10814814879.52,13.728413091395533,34.55329281375722,61.48666354904171,61.59181304465669,1.2538430430459493,1.2538430430459493,48.94135028632199,56.80944938551242,87.08982830987277,87.23876225735674,0.0182104077387277,0.0162359240711903,0.6765854753564637,0.389991181010957,16.701166150128696,0.4402545404318014,3.6828926905132193,0.8784663271080928,0.0077635608148233,0.4263254797042662,0.0324018554135083,0.0,0.1117193734646397,0.0017071992269286,0.000959384545763,0.2299349240780911,0.00211788663876,11.79883695245954,0.0227368240665377,0.0148164708296867,-9.220900668989804,-1264362000.0,4992661000.0,-3397306000.0,-11051000.0,0.0,1887500.0,1.0,0.0,5.0556621880998085,3.838771593090211e-06,0.0,17.801822323462414,23445000.0,0.0228329930542338,0.0005730769895442,2018-08-02,0.37,amc,215184210.0,2025-04-25,2018-06-30,0.027027027027027,19.28265625,3257983.453125
2018-03-31,VICI,USD,1705696,2018-05-04,2018-05-04 16:12:43,2018,Q1,218276000.0,21338000.0,196938000.0,0.9022430318,0,7308000.0,0.0,7308000.0,906000.0,8214000.0,29552000.0,1678000.0,52875000.0,906000.0,189630000.0,0.8687624842,188724000.0,0.8646117759,-74237000.0,114487000.0,0.5245056717,384000.0,112122000.0,0.5136707655,0.33,0.33,342900842,343056532,https://www.sec.gov/Archives/edgar/data/1705696/000170569618000025/0001705696-18-000025-index.htm,https://www.sec.gov/Archives/edgar/data/1705696/000170569618000025/viciq1201810-q.htm,0.6365572004048914,0.3269808243865438,0.3571965565485546,0.3561904347846425,2.6777857839147563,17.891177998332243,14.44912754107498,17.649125515999753,12.167185054622877,6281943425.440001,9482991425.44,14.00693758905478,28.779817412083787,51.28828837830556,51.43316105912984,1.038011769103918,1.038011769103918,43.44495696017886,50.00786492348257,77.4229193066793,77.64161379292277,0.0178482982743746,0.0194427093223058,0.6806561575703498,0.392825587896671,16.880493592785953,6.022454412695951,3.5692482269503545,1.0734424160626803,0.0087336244541484,0.489325330622001,0.033480547563635,0.0,0.1125553213120547,0.0028167174220095,0.0015805677216001,0.3807947019867549,0.0017913100844801,11.394991278880894,0.0151658602193379,0.0120484115712118,-10.012002243785684,777265000.0,4954618000.0,-3419316000.0,2031286000.0,4134321500.0,3832500.0,240000.5,0.0,10.367419626956604,4.21782735026713e-06,0.0,8.681041497152156,21338000.0,0.018526743667278,0.0010061217639121,2018-05-03,0.34,amc,224915151.0,2025-04-25,2018-03-31,-0.0294117647058823,19.99032786885246,2933113.409836065
2017-12-31,VICI,USD,1705696,2018-03-28,2018-03-28 16:01:56,2017,Q4,187609000.0,23684000.0,163925000.0,0.8737587216,0,9939000.0,0.0,9939000.0,751000.0,10690000.0,34374000.0,282000.0,63354000.0,751000.0,154268000.0,0.8222846452,144196000.0,0.7685985214,-101560000.0,42636000.0,0.2272598863,-1901000.0,42662000.0,0.2273984724,0.19,0.19,227828844,227985982,https://www.sec.gov/Archives/edgar/data/1705696/000170569618000015/0001705696-18-000015-index.htm,https://www.sec.gov/Archives/edgar/data/1705696/000170569618000015/viciform10-k2017.htm,0.8234646531411097,0.1872546041624123,0.5681457963241915,0.5679219440713135,1.1707780073711826,20.96470278363876,20.96470278363876,20.59216435299123,21.28400388144005,4670491302.0,9272601302.0,27.36915347381745,24.89481475835381,36.0822875618047,36.09650976512687,0.9955242998544812,0.9955242998544812,49.42514112862389,60.10709480903363,71.63628941594561,71.66452559336574,0.0091343709347518,0.0277035094668933,1.0200931942928992,0.4913652477609194,29.83191588663884,263.2723594636427,2.276036240805632,2.9063475312661384,0.0,0.0,0.0529772025862298,0.0,0.0,0.0003940049443757,0.0002718419692019,0.0679094540612516,0.0073823750459732,9.314477744739692,0.0155162889843406,0.0043802116530755,6.606324394991883,8433892001.0,4776364000.0,3502701000.0,9692192001.0,4134424500.0,2700500.0,504000.0,3966.6426983780098,19.78677588245229,1.824016213477453,0.0226892127281344,4.548492414057999,49.34166666666667,0.0090934882294299,0.000223852252878,2018-03-08,0.33,bmo,301831894.0,2025-04-25,2017-12-31,-0.4242424242424242,18.919072958032693,554439.3269230769
2017-09-30,VICI,USD,1705696,2017-11-13,2017-11-13 16:10:05,2017,Q3,4102000.0,3008000.0,1094000.0,0.2666991711,0,293000.0,0.0,293000.0,801000.0,1094000.0,4102000.0,0.0,0.0,801000.0,801000.0,0.1952705997,-235000.0,-0.0572891273,0.0,0.0,0.0,0.0,0.0,0.0,0.0,0.0,360778938,360778938,https://www.sec.gov/Archives/edgar/data/1705696/000170569617000014/0001705696-17-000014-index.htm,https://www.sec.gov/Archives/edgar/data/1705696/000170569617000014/a2017q3viciform10-q.htm,0.0113698433249448,0.0,0.0016852425016008,-0.0036310323636464,0.0002328295561422,0.2300439168098,0.2300439168098,0.2300439168098,0.0021314991508733,6692449299.900001,6693134299.900001,0.0,1631.5088493174062,11007.317927467106,-5108.7399235877865,80.63677691306705,80.63677691306705,1631.6758410287666,8355.972908739077,11008.444572203947,-5109.262824351145,0.0,-0.0001957429845631,0.0092656184107476,0.0086162464985994,0.8551810237203495,0.9376947040498442,0.0,0.0,0.0,0.0,0.0714285714285714,0.0,0.0,3.1546052631578947,0.4675767918088737,2.394506866416979,0.0,0.0,,0.0,-0.0159446669250963,-60000.0,82995000.0,-5352000.0,88287000.0,103000.0,248500.0,439000.0,4.519746465138956,5.804521276595746,15.797872340425531,19.9126213592233,15.505154639175258,5.696969696969697,0.0,0.0053162748652472,2018-02-02,,bmo,,2025-04-25,2017-09-30,,,
2017-06-30,VICI,USD,1705696,2017-06-30,2017-06-29 20:00:00,2017,Q2,5092000.0,3798000.0,1294000.0,0.2541241163,0,498000.0,0.0,498000.0,0.0,1294000.0,5092000.0,0.0,0.0,796000.0,796000.0,0.1563236449,0.0,0.0,0.0,0.0,0.0,0.0,0.0,0.0,0.0,0.0,360778938,360778938,,,0.0141139059509067,0.0,0.0020150843728022,0.0020150843728022,0.0004850615752962,0.2419015934904714,0.2419015934904714,0.2272194725513605,0.0,6692449299.900001,6692274299.900001,0.0,1314.3066182050277,9205.569876066023,9205.569876066023,81.63912974407144,81.63912974407144,1314.272250569521,8407.37977374372,9205.3291607978,9205.3291607978,0.0,0.0001086298853262,0.0,0.0,-0.2198492462311558,0.8548983364140481,0.0,0.0,0.0,0.0,0.0978004713275726,0.0,0.0,0.0,0.0,0.0,0.0,0.0,,0.0,-0.0020289432749535,-157000.0,87273000.0,-157000.0,87273000.0,0.0,417000.0,395000.0,0.0,7.180094786729858,8.293838862559241,0.0,12.534653465346535,10.851428571428572,0.0,0.0,2018-03-28,,amc,,2025-04-25,2017-06-30,,,
2017-03-31,VICI,USD,1705696,2017-03-31,2017-03-30 20:00:00,2017,Q1,4633000.0,3278000.0,1355000.0,0.292467084,0,550000.0,0.0,550000.0,0.0,1355000.0,4633000.0,0.0,0.0,805000.0,805000.0,0.1737535074,0.0,0.0,0.0,0.0,0.0,0.0,0.0,0.0,0.0,0.0,360778938,360778938,,,0.0128416587334153,0.0,0.0025195484111104,0.0025195484111104,0.0002161988735606,0.2432736248034523,0.2432736248034523,0.2285942756447717,0.0,6692449299.900001,6692371299.900001,0.0,1444.5174400820204,7362.430472937294,7362.430472937294,81.14813876103405,81.14813876103405,1444.5006043384417,8313.504720372672,7362.344664356437,7362.344664356437,0.0,0.0001358247121892,0.0,0.0,-0.0968944099378882,0.7494217424826523,0.0,0.0,0.0,0.0,0.1187135765162961,0.0,0.0,0.0,0.0,0.0,0.0,0.0,,0.0,-0.0027690086498342,-325000.0,87768000.0,-325000.0,87768000.0,38500.0,418000.0,405500.0,0.0,14.579011592434412,12.08053691275168,0.0,6.173258003766478,7.45,0.0,0.0,2018-03-28,,amc,,2025-04-25,2017-03-31,,,
2016-12-31,VICI,USD,1705696,2016-12-31,2016-12-30 19:00:00,2016,Q4,4823000.0,3579000.0,1244000.0,0.2579307485,0,440000.0,0.0,440000.0,803000.0,1243000.0,4822000.0,0.0,1000.0,803000.0,804000.0,0.1667012233,1000.0,0.0002073398,-1000.0,0.0,0.0,0.0,0.0,0.0,0.0,0.0,360778938,360778938,,,0.0133682970151655,0.0,0.0009285464441385,0.0007178911314384,0.0025500379958433,0.2332259207437436,0.2332259207437436,0.2332259207437436,4.157670645396711e-05,6692449299.900001,6691543299.900001,0.0,1387.6113,19977.46059671642,25839.572586486487,79.53661385855034,79.53661385855034,1387.423450114037,8322.815049626866,19974.75611910448,25836.074516988418,0.0,3.870033053576813e-05,0.0001663834187038,0.0001547388781431,-1.126865671641791,1.60546875,1.0,0.0,0.0,0.0,0.0912295251917893,0.0,0.0,0.226865671641791,0.0157578270785817,0.0946450809464508,0.0,0.0,,0.0,-0.0143266400989295,620000.0,84143000.0,-4688000.0,89451000.0,,,,1.4368650217706822,7.669740150880134,9.329421626152556,62.63636363636363,11.734426229508196,9.64690026954178,0.0,0.0002106553127001,2016-12-30,,amc,,2025-04-25,2016-12-31,,,
2016-09-30,VICI,USD,1705696,2016-09-30,2016-09-29 20:00:00,2016,Q3,4283000.0,3047000.0,1236000.0,0.2885827691,0,459000.0,0.0,459000.0,776000.0,1235000.0,4282000.0,0.0,1000.0,776000.0,777000.0,0.1814148961,1000.0,0.0002334812,-1000.0,0.0,0.0,0.0,0.0,0.0,0.0,0.0,360778938,360778938,,,0.0118715355828227,0.0,0.0030129253276974,0.0030129253276974,,,,,,6692449299.900001,,0.0,1562.561125356059,6156.807083624655,6156.807083624655,0.0,0.0,,,,,0.0,0.0001624218505497,0.0,0.0,,0.0,1.0,0.0,0.0,0.0,0.1071678729862246,0.0,0.0,0.0,0.0,0.0,0.0,,0.0,0.0,,,,,,,,,,,,0.0,0.0,0.0,0.0,0.0,2016-12-30,,amc,,2025-04-25,2016-09-30,,,
2016-06-30,VICI,USD,1705696,2016-06-30,2016-06-29 20:00:00,2016,Q2,5044000.0,3716000.0,1328000.0,0.2632831086,0,601000.0,0.0,601000.0,0.0,1326000.0,5042000.0,2000.0,0.0,725000.0,727000.0,0.1441316416,2000.0,0.0003965107,-2000.0,0.0,0.0,0.0,0.0,0.0,0.0,0.0,360778938,360778938,,,0.013980860490254,0.0,0.0011003968308149,0.0011003968308149,,,,,,6692449299.900001,,0.0,1326.8138976804123,16857.5549115869,16857.554911586903,0.0,0.0,,,,,0.0,5.932058387142836e-05,0.0,0.0,,0.0,0.0,0.0,0.0,0.0,0.1191514670896114,0.0,0.0,0.0,0.0,0.0,0.0,,0.0,0.0,,,,,,,,,,,,0.0,0.0,0.0,0.0,0.0,2016-12-30,,amc,,2025-04-25,2016-06-30,,,
2016-03-31,VICI,USD,1705696,2016-03-31,2016-03-30 20:00:00,2016,Q1,4635000.0,3397000.0,1238000.0,0.2670981661,0,509000.0,0.0,509000.0,0.0,1235000.0,4632000.0,3000.0,0.0,726000.0,729000.0,0.1572815534,3000.0,0.0006472492,-3000.0,0.0,0.0,0.0,0.0,0.0,0.0,0.0,360778938,360778938,,,0.0128472022942758,0.0,0.0025001459480985,0.0025001459480985,0.0009728949310228,0.0,0.0,0.2366407542338294,0.0,6692449299.900001,6692800299.900001,0.0,1443.8941315857603,7419.566851330377,7419.566851330377,78.38886442049781,78.38886442049781,1443.9698597411004,9180.7960218107,7419.955986585366,7419.955986585366,0.0,0.0001347787573098,0.0,0.0,0.4814814814814814,0.0,0.0,0.0,0.0,0.0,0.109816612729234,0.0,0.0,0.0,0.0,0.0,0.0,0.0,0.0,0.0,0.0009728949310228,351000.0,0.0,351000.0,351000.0,,,,0.0,0.0,0.0,0.0,0.0,0.0,0.0,0.0,2016-12-30,,amc,,2025-04-25,2016-03-31,,,
