date,symbol,reportedCurrency,cik,fillingDate,acceptedDate,calendarYear,period,revenue,costOfRevenue,grossProfit,grossProfitRatio,researchAndDevelopmentExpenses,generalAndAdministrativeExpenses,sellingAndMarketingExpenses,sellingGeneralAndAdministrativeExpenses,otherExpenses,operatingExpenses,costAndExpenses,interestIncome,interestExpense,depreciationAndAmortization,ebitda,ebitdaratio,operatingIncome,operatingIncomeRatio,totalOtherIncomeExpensesNet,incomeBeforeTax,incomeBeforeTaxRatio,incomeTaxExpense,netIncome,netIncomeRatio,eps,epsdiluted,weightedAverageShsOut,weightedAverageShsOutDil,link,finalLink,revenuePerShare,netIncomePerShare,operatingCashFlowPerShare,freeCashFlowPerShare,cashPerShare,bookValuePerShare,tangibleBookValuePerShare,shareholdersEquityPerShare,interestDebtPerShare,marketCap,enterpriseValue,peRatio,priceToSalesRatio,pocfratio,pfcfRatio,pbRatio,ptbRatio,evToSales,enterpriseValueOverEBITDA,evToOperatingCashFlow,evToFreeCashFlow,earningsYield,freeCashFlowYield,debtToEquity,debtToAssets,netDebtToEBITDA,currentRatio,interestCoverage,incomeQuality,dividendYield,payoutRatio,salesGeneralAndAdministrativeToRevenue,researchAndDdevelopementToRevenue,intangiblesToTotalAssets,capexToOperatingCashFlow,capexToRevenue,capexToDepreciation,stockBasedCompensationToRevenue,grahamNumber,roic,returnOnTangibleAssets,grahamNetNet,workingCapital,tangibleAssetValue,netCurrentAssetValue,investedCapital,averageReceivables,averagePayables,averageInventory,daysSalesOutstanding,daysPayablesOutstanding,daysOfInventoryOnHand,receivablesTurnover,payablesTurnover,inventoryTurnover,roe,capexPerShare,report_date,epsEstimated,time,revenueEstimated,updatedFromDate,fiscalDateEnding,surprise(%),QuarterAvgPrice,QuarterAvgVolume
2025-03-31,VLO,USD,1035002,2025-04-24,2025-04-24 11:55:24,2025,Q1,30258000000.0,29762000000.0,496000000.0,0.016392359,0,261000000.0,0.0,261000000.0,1135000000.0,1396000000.0,31158000000.0,0.0,137000000.0,691000000.0,-89000000.0,-0.0029413709,-900000000.0,-0.0297441999,-17000000.0,-917000000.0,-0.0303060348,-265000000.0,-595000000.0,-0.019664221,-1.8980891719745223,-1.8980891719745223,314000000,314000000,https://www.sec.gov/Archives/edgar/data/1035002/000103500225000017/0001035002-25-000017-index.htm,https://www.sec.gov/Archives/edgar/data/1035002/000103500225000017/vlo-20250331.htm,96.36305732484075,-1.894904458598726,3.031847133757962,2.238853503184713,14.757961783439493,83.80573248407643,83.80573248407643,74.80891719745223,35.003184713375795,41469980000.0,47689980000.0,-17.424361344537814,1.3705459713133716,43.56090336134453,58.99001422475106,1.7654312473392932,1.7654312473392932,1.5761114416022208,-535.8424719101124,50.09451680672269,67.8378093883357,-0.0143477281638428,0.0169520216792966,0.4620689655172413,0.1834158541325177,-69.88764044943821,1.5578154923066765,-6.569343065693431,-1.460122699386503,0.0085845230694589,-0.5983193277310924,0.0086258179654967,0.0,0.0,0.0,0.0,0.0,0.0,,-0.0143555446652173,-0.0100545820166618,-51.71974522292994,8447000000.0,26315000000.0,-9272000000.0,36996000000.0,10973000000.0,12037000000.0,7440000000.0,33.426531826293875,36.23345205295343,21.52778711108125,2.6924719701014417,2.483892505424804,4.180643348784942,-0.0253299276287782,0.0,2025-04-24,0.4103,bmo,28758332229.0,2025-05-11,2025-03-31,1.1691445283938582,132.70483333333334,3300728.5
2024-12-31,VLO,USD,1035002,2025-02-26,2025-02-26 14:47:52,2024,Q4,30756000000.0,30138000000.0,618000000.0,0.0200936403,0,266000000.0,0.0,266000000.0,4000000.0,270000000.0,30408000000.0,0.0,135000000.0,698000000.0,1156000000.0,0.037586162,348000000.0,0.0113148654,-25000000.0,323000000.0,0.0105020159,-34000000.0,281000000.0,0.0091364287,0.89,0.88,315000000,316000000,https://www.sec.gov/Archives/edgar/data/1035002/000103500225000005/0001035002-25-000005-index.htm,https://www.sec.gov/Archives/edgar/data/1035002/000103500225000005/vlo-20241231.htm,97.63809523809525,0.8920634920634921,3.3968253968253967,2.4349206349206347,14.784126984126983,87.36825396825397,86.06349206349206,77.81587301587301,37.06349206349206,38615850000.0,45498850000.0,34.3557384341637,1.255555013655872,36.08957943925234,50.34661016949153,1.5753855254569191,1.5753855254569191,1.4793487449603329,39.35886678200692,42.522289719626166,59.32053455019557,0.0072768047317358,0.0198623104243464,0.470789817232376,0.1918760287980313,5.954152249134948,1.5319135204904808,2.577777777777778,2.9971988795518207,0.0087787786621296,1.206405693950178,0.0086487189491481,0.0,0.0068337129840546,0.2831775700934579,0.009851736246586,0.4340974212034384,0.0,39.52057359099753,0.0084037575421654,0.0047043460791535,-50.96349206349206,8242000000.0,27110000000.0,-8885000000.0,39065000000.0,10890500000.0,11804000000.0,7404500000.0,31.334373780725716,36.109894485367306,23.17638861238304,2.8722450504295853,2.492391663910023,3.883262466177039,0.011463772845953,0.961904761904762,2025-01-30,0.06888,bmo,30022863496.0,2025-04-30,2024-12-31,8.29152148664344,133.78515625,2663385.875
2024-09-30,VLO,USD,1035002,2024-10-30,2024-10-29 19:20:29,2024,Q3,32876000000.0,32132000000.0,744000000.0,0.0226304903,0,234000000.0,0.0,234000000.0,3000000.0,237000000.0,32369000000.0,0.0,141000000.0,685000000.0,1315000000.0,0.0399987833,507000000.0,0.0154215841,-18000000.0,489000000.0,0.0148740723,96000000.0,364000000.0,0.0110719066,1.14,1.14,318000000,318000000,https://www.sec.gov/Archives/edgar/data/1035002/000103500224000056/0001035002-24-000056-index.htm,https://www.sec.gov/Archives/edgar/data/1035002/000103500224000056/vlo-20240930.htm,103.38364779874212,1.1446540880503144,4.072327044025157,3.411949685534591,16.30188679245283,88.0503144654088,88.0503144654088,79.4119496855346,34.424528301886795,42939540000.0,48561540000.0,29.49144230769231,1.3061059739627692,33.15794594594595,39.5756129032258,1.7003738169722409,1.7003738169722409,1.4771121790972137,36.92892775665399,37.49925868725869,44.757179723502304,0.0084770353851019,0.0252680862440538,0.4279095553003603,0.1789606174025372,4.275285171102662,1.567263694600601,3.595744680851064,3.5674931129476586,0.0079646870925957,0.9395604395604396,0.0071176542158413,0.0,0.0,0.1621621621621621,0.0063876383988319,0.3065693430656934,0.0,45.22424448314028,0.0088387474548527,0.0060282865754695,-48.3309748427673,8678000000.0,28000000000.0,-8406000000.0,38359000000.0,12109000000.0,13040500000.0,7538000000.0,30.312994281542768,32.25569525706461,19.74106809411179,2.969023751467533,2.7902049322681486,4.559023836549375,0.0144141290143745,0.660377358490566,2024-10-24,0.98,bmo,31037596120.0,2025-04-25,2024-09-30,0.1632653061224489,145.20125,2761039.578125
2024-06-30,VLO,USD,1035002,2024-07-25,2024-07-25 17:02:48,2024,Q2,34490000000.0,33063000000.0,1427000000.0,0.0413743114,0,203000000.0,0.0,203000000.0,3000000.0,206000000.0,33269000000.0,0.0,140000000.0,696000000.0,2039000000.0,0.0591185851,1221000000.0,0.0354015657,-18000000.0,1203000000.0,0.0348796753,277000000.0,880000000.0,0.0255146419,2.71,2.71,324000000,324000000,https://www.sec.gov/Archives/edgar/data/1035002/000103500224000051/0001035002-24-000051-index.htm,https://www.sec.gov/Archives/edgar/data/1035002/000103500224000051/vlo-20240630.htm,106.45061728395062,2.716049382716049,7.62962962962963,6.333333333333333,16.191358024691358,87.19135802469135,87.19135802469135,78.52777777777777,33.583333333333336,51185520000.0,56680520000.0,14.541340909090907,1.4840684256306176,20.706116504854368,24.94421052631579,2.0117721966749205,2.0117721966749205,1.6433899681066977,27.798195193722417,22.929012944983818,27.622085769980508,0.0171923622149389,0.0400894628011984,0.4221593365562237,0.1688438261416332,2.69494850416871,1.4802380172507916,8.721428571428572,2.8187001140250856,0.0067792610097543,0.3943181818181818,0.0058857639895621,0.0,0.0,0.1699029126213592,0.0121774427370252,0.603448275862069,0.0,69.27423585350054,0.0203027599065931,0.0138332154366108,-50.14274691358025,8797000000.0,28250000000.0,-8250000000.0,38566000000.0,12647500000.0,13511500000.0,7970000000.0,34.30124673818498,39.64703747391344,21.85282642228473,2.6238113351084063,2.2700308959835223,4.118460388639761,0.0345871162991785,1.2962962962962965,2024-07-25,2.6,bmo,32968359516.0,2025-04-25,2024-06-30,0.0423076923076922,161.36095238095237,2827103.619047619
2024-03-31,VLO,USD,1035002,2024-04-25,2024-04-25 16:39:26,2024,Q1,31759000000.0,29788000000.0,1971000000.0,0.062061148,0,258000000.0,0.0,258000000.0,34000000.0,292000000.0,30080000000.0,0.0,140000000.0,695000000.0,2518000000.0,0.0792846122,1679000000.0,0.0528669039,4000000.0,1683000000.0,0.0529928524,353000000.0,1245000000.0,0.0392014862,3.75,3.75,331000000,331000000,https://www.sec.gov/Archives/edgar/data/1035002/000103500224000022/0001035002-24-000022-index.htm,https://www.sec.gov/Archives/edgar/data/1035002/000103500224000022/vlo-20240331.htm,95.94864048338368,3.761329305135951,5.577039274924472,3.580060422960725,15.148036253776436,87.08157099697885,87.08157099697885,78.72205438066466,33.34441087613293,57143839999.99999,63123839999.99999,11.474666666666666,1.799295947605403,30.955492957746475,48.22264978902953,2.1930321986414394,2.1930321986414394,1.9875890298812933,25.0690389197776,34.194929577464784,53.26906329113923,0.0217871252614455,0.0207371433211348,0.4181985646851134,0.1741458113593505,2.374900714853058,1.5898198030837822,11.992857142857142,1.4863123993558776,0.006229892845843,0.2859437751004016,0.008123681476117,0.0,0.0,0.3580715059588299,0.0208129978903617,0.9510791366906476,0.0,81.62254790991427,0.0280646173276248,0.0198964426119474,-47.333836858006045,9525000000.0,28824000000.0,-8076000000.0,39597000000.0,12337500000.0,12512500000.0,7747500000.0,34.43118486098429,37.639989257419096,23.904928158990195,2.6139094650205763,2.391074008669128,3.764914054600607,0.0477798672141842,1.996978851963746,2024-04-25,3.24,bmo,32237205846.0,2025-04-25,2024-03-31,0.1790123456790122,143.27590163934426,3479037.8360655736
2023-12-31,VLO,USD,1035002,2024-02-22,2024-02-22 14:17:34,2023,Q4,35414000000.0,33551000000.0,1863000000.0,0.0526063139,0,295000000.0,0.0,295000000.0,-15000000.0,310000000.0,33861000000.0,96000000.0,149000000.0,690000000.0,2265000000.0,0.0639577568,1553000000.0,0.0438527136,-4000000.0,1549000000.0,0.0437397639,331000000.0,1202000000.0,0.0339413791,3.56,3.55,337000000,338000000,https://www.sec.gov/Archives/edgar/data/1035002/000103500224000007/0001035002-24-000007-index.htm,https://www.sec.gov/Archives/edgar/data/1035002/000103500224000007/vlo-20231231.htm,105.0860534124629,3.5667655786350148,3.676557863501483,2.074183976261128,16.42433234421365,84.64094955489614,83.32640949554896,78.17804154302671,37.9406528189911,43810000000.0,51023000000.0,9.11189683860233,1.2370813802451008,35.359160613397904,62.67525035765379,1.662871024064374,1.662871024064374,1.440757892358954,22.52671081677704,41.18079096045198,72.99427753934192,0.0274366582971924,0.0159552613558548,0.4796553556517118,0.1959741327171502,3.1845474613686533,1.560588025235091,10.422818791946307,1.0333611342785656,0.0078977402419538,0.2878535773710483,0.0083300389676399,0.0,0.0068700277592543,0.4358353510895884,0.0152482069238154,0.782608695652174,0.0030214039645338,79.20834438723759,0.0246960433393983,0.0187695190505933,-51.153560830860535,9419000000.0,28081000000.0,-9738000000.0,41207000000.0,12545500000.0,12954500000.0,7548000000.0,31.83063195346473,33.71076868051623,20.34127149712378,2.8274650698602795,2.669770032625129,4.42450217591982,0.0456236240795566,1.602373887240356,2024-01-25,2.96,bmo,35874800000.0,2025-04-25,2023-12-31,0.1993243243243243,127.22984126984126,3242266.6825396824
2023-09-30,VLO,USD,1035002,2023-10-26,2023-10-26 16:23:47,2023,Q3,38404000000.0,34645000000.0,3759000000.0,0.0978804291,0,250000000.0,0.0,250000000.0,122000000.0,256000000.0,34901000000.0,74000000.0,149000000.0,682000000.0,4211000000.0,0.1096500365,3503000000.0,0.0912144568,-27000000.0,3476000000.0,0.0905114051,813000000.0,2622000000.0,0.0682741381,7.49,7.49,349000000,349000000,https://www.sec.gov/Archives/edgar/data/1035002/000103500223000110/0001035002-23-000110-index.htm,https://www.sec.gov/Archives/edgar/data/1035002/000103500223000110/vlo-20230930.htm,110.04011461318052,7.512893982808023,9.478510028653297,8.848137535816619,17.140401146131804,80.39255014326648,80.39255014326648,74.42693409742121,6.991404011461318,49456790000.0,45916790000.0,4.715559687261633,1.287803093427768,14.950662031438938,16.01579987046632,1.9040150144369583,1.9040150144369583,1.195625195292157,10.904010923771075,13.880529020556228,14.869426813471502,0.0530159761682875,0.0624383426421326,0.0882001924927815,0.0362643450732093,-0.8406554262645453,1.510743519781719,23.51006711409396,1.2422080360495682,0.0072790813961035,0.137299771167048,0.006509738568899,0.0,0.0,0.0665054413542926,0.0057285699406311,0.3225806451612903,0.0,112.1656697485274,0.0572006944761766,0.0415037593984962,-45.7163323782235,8985000000.0,28057000000.0,-8541000000.0,39238000000.0,11727000000.0,12083500000.0,7237000000.0,29.44849494844287,34.65954683215472,19.51710203492567,3.0561833519019577,2.5966871533503224,4.611340343404765,0.1009432146294514,0.6303724928366762,2023-10-26,7.47,bmo,38563300000.0,2025-04-25,2023-09-30,0.0026773761713521,131.00063492063492,3750313.111111111
2023-06-30,VLO,USD,1035002,2023-07-27,2023-07-27 16:14:04,2023,Q2,34509000000.0,31539000000.0,2970000000.0,0.0860645049,0,209000000.0,0.0,209000000.0,106000000.0,211000000.0,31750000000.0,62000000.0,148000000.0,669000000.0,3454000000.0,0.1000898316,2759000000.0,0.0799501579,-42000000.0,2717000000.0,0.0787330841,595000000.0,1944000000.0,0.0563331305,5.41,5.41,358000000,358000000,https://www.sec.gov/Archives/edgar/data/1035002/000103500223000103/0001035002-23-000103-index.htm,https://www.sec.gov/Archives/edgar/data/1035002/000103500223000103/vlo-20230630.htm,96.39385474860336,5.430167597765363,4.223463687150838,3.7486033519553073,14.740223463687151,78.19553072625699,78.19553072625699,72.20949720670392,6.941340782122905,41993400000.0,39255400000.0,5.400385802469136,1.2168825523776403,27.77341269841269,31.291654247391957,1.6244400603458278,1.6244400603458278,1.1375409313512417,11.365199768384482,25.96256613756614,29.251415797317435,0.0462929888982554,0.0319574028299685,0.0904026923523268,0.038521766363921,-0.7927041111754487,1.5851618945678352,18.64189189189189,0.7125353440150801,0.0087394685831583,0.1887860082304526,0.0060563910863832,0.0,0.0,0.1124338624338624,0.0049262511228954,0.2541106128550074,0.0,93.92799167241029,0.0459328605802182,0.0320437799792308,-43.99301675977654,8747000000.0,27994000000.0,-8978000000.0,39317000000.0,10288000000.0,10661500000.0,7208000000.0,28.3960705902808,30.890326262722347,19.863977932084087,3.169452608376194,2.9135334872979213,4.530814538141072,0.0752001856794708,0.4748603351955307,2023-07-27,5.08,bmo,34367400000.0,2025-04-25,2023-06-30,0.062992125984252,116.22290322580643,4491765.403225807
2023-03-31,VLO,USD,1035002,2023-04-27,2023-04-27 16:16:32,2023,Q1,36439000000.0,32142000000.0,4297000000.0,0.1179231044,0,244000000.0,0.0,244000000.0,10000000.0,254000000.0,32396000000.0,61000000.0,146000000.0,660000000.0,4727000000.0,0.1297236477,4043000000.0,0.1109525508,-17000000.0,4026000000.0,0.1104860177,880000000.0,3067000000.0,0.0841680617,8.28,8.28,369000000,369000000,https://www.sec.gov/Archives/edgar/data/1035002/000103500223000054/0001035002-23-000054-index.htm,https://www.sec.gov/Archives/edgar/data/1035002/000103500223000054/vlo-20230331.htm,98.75067750677506,8.311653116531165,8.590785907859079,7.872628726287263,15.56910569105691,73.35230352303523,73.35230352303523,67.68834688346884,6.883468834688347,51512400000.0,48385400000.0,4.198924029996739,1.4136611871895497,16.249968454258674,17.732323580034425,2.0623934019297754,2.0623934019297754,1.3278465380498916,10.235963613285382,15.263533123028392,16.65590361445783,0.0595390624393349,0.0563941885837196,0.0958481803258998,0.0397826412084351,-0.6615189337846414,1.5187113569801496,27.69178082191781,1.007628734901462,0.0073574517980136,0.1235735246168894,0.0066961222865611,0.0,0.0,0.083596214511041,0.0072724278931913,0.4015151515151515,0.0,112.51020546978656,0.068575735902007,0.0509663160343652,-44.36720867208672,7970000000.0,27067000000.0,-9775000000.0,38750000000.0,10803500000.0,11613000000.0,7103500000.0,23.928208787288344,29.39518387156991,20.87455665484413,3.7612510322047896,3.06172604305582,4.311468812877264,0.1227929695319694,0.7181571815718157,2023-04-27,7.23,bmo,35414100000.0,2025-04-25,2023-03-31,0.143845089903181,134.3409677419355,4191478.8870967743
2022-12-31,VLO,USD,1035002,2023-02-23,2023-02-23 14:28:38,2022,Q4,41746000000.0,37082000000.0,4664000000.0,0.1117232789,0,282000000.0,0.0,282000000.0,26000000.0,308000000.0,37390000000.0,137000000.0,137000000.0,633000000.0,5020000000.0,0.120251042,4295000000.0,0.1028841087,-45000000.0,4250000000.0,0.1018061611,1018000000.0,3113000000.0,0.0745700187,8.16,8.14,380000000,381000000,https://www.sec.gov/Archives/edgar/data/1035002/000103500223000027/0001035002-23-000027-index.htm,https://www.sec.gov/Archives/edgar/data/1035002/000103500223000027/vlo-20221231.htm,109.8578947368421,8.192105263157895,10.778947368421052,9.68157894736842,12.794736842105262,67.02105263157895,65.80526315789474,62.002631578947366,9.744736842105263,48206800000.0,46910800000.0,3.8714102152264696,1.1547645283380443,11.76923828125,13.103234574612667,2.046042188362124,2.046042188362124,1.1237196378096106,9.344780876494024,11.45283203125,12.750964936123946,0.0645759519403901,0.0763170341113701,0.1513518101948134,0.0584762716867272,-0.2581673306772908,1.3821086993872058,31.35036496350365,1.2673267326732671,0.0077997294987429,0.1207838098297462,0.0067551382168351,0.0,0.0075760060345675,0.101806640625,0.0099889809802136,0.6587677725118484,0.0024673022565036,106.90403126622274,0.0726779817198235,0.0514375413086583,-48.25460526315789,6672000000.0,25006000000.0,-11381000000.0,39226000000.0,11750000000.0,12865500000.0,6690000000.0,25.69611459780577,30.89153767326465,16.387465616741277,3.5024750398523365,2.913419233186675,5.492002369668247,0.1321251220236832,1.0973684210526315,2023-01-26,7.37,bmo,39518190015.0,2025-04-25,2022-12-31,0.1465400271370419,125.5263492063492,3956748.158730159
2022-09-30,VLO,USD,1035002,2022-10-26,2022-10-26 17:09:18,2022,Q3,44454000000.0,40442000000.0,4012000000.0,0.0902505961,0,214000000.0,0.0,214000000.0,6000000.0,220000000.0,40662000000.0,102000000.0,138000000.0,632000000.0,4428000000.0,0.0996085842,3792000000.0,0.0853016601,-64000000.0,3728000000.0,0.0838619697,816000000.0,2817000000.0,0.0633688757,7.22,7.22,390000000,390000000,https://www.sec.gov/Archives/edgar/data/1035002/000103500222000049/0001035002-22-000049-index.htm,https://www.sec.gov/Archives/edgar/data/1035002/000103500222000049/vlo-20220930.htm,113.98461538461538,7.223076923076923,5.243589743589744,4.056410256410256,10.176923076923076,60.80769230769231,60.80769230769231,60.80769230769231,7.438461538461539,41671500000.0,40465500000.0,3.69821618743344,0.9374072074503982,20.37726161369193,26.34102402022756,1.757179000632511,1.757179000632511,0.9102780402213524,9.138550135501356,19.78753056234719,25.578697850821744,0.0676001583816277,0.0379635962228381,0.1165085388994307,0.0465708169697786,-0.2723577235772357,1.3167024424203748,27.47826086956522,0.7022664835164835,0.0092629255006419,0.1370252041178558,0.0048139649975255,0.0,0.0,0.2264058679706601,0.0104152607189454,0.7325949367088608,0.0,99.41035850804596,0.0687268879370043,0.0474809958030642,-50.3724358974359,5459000000.0,23715000000.0,-12918000000.0,35967000000.0,13010000000.0,14823000000.0,6887500000.0,23.446484005938725,28.93699619207754,14.7500123633846,3.838528624471116,3.11020533722987,6.1016898008449,0.118785578747628,1.1871794871794872,2022-10-25,6.85,bmo,38780275087.0,2025-04-25,2022-09-30,0.0437956204379563,110.03609375,3975025.78125
2022-06-30,VLO,USD,1035002,2022-07-28,2022-07-28 15:19:01,2022,Q2,51641000000.0,45174000000.0,6467000000.0,0.1252299529,0,233000000.0,0.0,233000000.0,15000000.0,248000000.0,45422000000.0,10000000.0,142000000.0,602000000.0,6854000000.0,0.1327239984,6219000000.0,0.1204275672,-109000000.0,6110000000.0,0.1183168413,1342000000.0,4693000000.0,0.0908774036,11.62,11.62,404000000,404000000,https://www.sec.gov/Archives/edgar/data/1035002/000103500222000044/0001035002-22-000044-index.htm,https://www.sec.gov/Archives/edgar/data/1035002/000103500222000044/vlo-20220630.htm,127.82425742574256,11.616336633663366,14.467821782178218,13.435643564356436,13.346534653465346,56.26980198019802,56.26980198019802,51.90346534653465,32.23267326732673,42937120000.0,50425120000.0,2.287295972725336,0.8314540771867315,7.3459572284003425,7.91030213706706,2.047647479612762,2.047647479612762,0.9764551422319476,7.357035307849431,8.627052181351582,9.28981577008106,0.1092993661428619,0.1264174215690293,0.6142400686728027,0.2001709534540368,1.0925007295010214,1.247621648686786,43.79577464788732,1.2258808724832215,0.0092926586599194,0.0850202429149797,0.00451191882419,0.0,0.0,0.0713430282292557,0.0080749791832071,0.6926910299003323,0.0,116.4726698980414,0.1118267949475976,0.0729349599813505,-54.00309405940594,5440000000.0,22733000000.0,-14203000000.0,36194000000.0,13759500000.0,15939500000.0,7160500000.0,25.16430743014272,33.157789879134015,14.238942754681895,3.5764942170510423,2.7142942979030225,6.32069399748146,0.2238065716057036,1.0321782178217822,2022-07-28,9.58,bmo,41250118333.0,2025-04-25,2022-06-30,0.1858037578288099,118.3714516129032,5808667.467741936
2022-03-31,VLO,USD,1035002,2022-04-28,2022-04-27 18:41:30,2022,Q1,38542000000.0,36934000000.0,1608000000.0,0.0417207203,0,205000000.0,0.0,205000000.0,19000000.0,224000000.0,37158000000.0,0.0,145000000.0,606000000.0,2006000000.0,0.0520471174,758000000.0,0.0196668569,-165000000.0,1219000000.0,0.0316278346,252000000.0,905000000.0,0.023480878,2.22,2.22,408000000,408000000,https://www.sec.gov/Archives/edgar/data/1035002/000103500222000024/0001035002-22-000024-index.htm,https://www.sec.gov/Archives/edgar/data/1035002/000103500222000024/vlo-20220331.htm,94.4656862745098,2.218137254901961,1.4411764705882353,0.5,6.465686274509804,50.02450980392157,50.02450980392157,46.12990196078432,7.926470588235294,41428320000.0,41879320000.0,11.44428729281768,1.0748876550256865,70.45632653061224,203.08,2.201175282928644,2.201175282928644,1.086589175444969,20.87702891326022,71.22333333333333,205.29078431372548,0.0218449601625168,0.0049241678156391,0.1641251793209712,0.0511406907056057,0.2248255234297108,1.178316906747536,5.227586206896552,0.6080661840744571,0.0096793690885848,0.4430939226519337,0.0053188729178558,0.0,0.0,0.6530612244897959,0.0099631570753982,0.6336633663366337,0.0,47.981821738490616,0.014346751919448,0.014982947584517,-58.71813725490196,3528000000.0,20410000000.0,-16679000000.0,34404000000.0,11729000000.0,13865500000.0,6719500000.0,30.543303409267818,37.12676666486164,17.48145340336817,2.946636085626911,2.4241270674717774,5.14831335377753,0.0480845863662929,0.9411764705882352,2022-04-26,1.66,bmo,31639142333.0,2025-04-25,2022-03-31,0.391566265060241,86.74145161290323,4510320.822580645
2021-12-31,VLO,USD,1035002,2022-02-22,2022-02-22 14:55:26,2021,Q4,35903000000.0,34005000000.0,1898000000.0,0.0528646631,0,286000000.0,0.0,286000000.0,-163000000.0,304000000.0,34309000000.0,0.0,152000000.0,598000000.0,2029000000.0,0.0565133833,1594000000.0,0.0443974041,-315000000.0,1279000000.0,0.035623764,169000000.0,1009000000.0,0.0281035011,2.47,2.46,407000000,408000000,https://www.sec.gov/Archives/edgar/data/1035002/000103500222000007/0001035002-22-000007-index.htm,https://www.sec.gov/Archives/edgar/data/1035002/000103500222000007/vlo-20211231.htm,88.21375921375922,2.479115479115479,-0.4889434889434889,-1.7371007371007372,10.127764127764127,48.69041769041769,47.51597051597052,45.28255528255528,5.090909090909091,30569770000.0,28367770000.0,7.57427403369673,0.8514544745564437,-153.61693467336684,-43.23871287128713,1.6586961475854587,1.6586961475854587,0.7901225524329443,13.981158206012816,-142.55160804020102,-40.12414427157002,0.0330064635749631,-0.0231274229410296,0.1041779706999457,0.033167495854063,-1.0852636766880237,1.2560085454869148,10.486842105263158,-0.1792792792792792,0.0131175340867791,0.3974231912784935,0.0079659081413809,0.0,0.0082573244886677,-2.5527638190954773,0.0141492354399353,0.8494983277591973,0.0024510486588864,50.25798826092144,0.0324614613943189,0.0175753353074377,-56.59213759213759,4314000000.0,19339000000.0,-16906000000.0,36923000000.0,9502500000.0,11157500000.0,6246000000.0,26.01509623151269,33.07013674459638,16.58138509042788,3.4595297745230296,2.721488595438175,5.4277733439744615,0.054747693977211,1.2481572481572485,2022-01-27,1.84,bmo,28811800000.0,2025-04-25,2021-12-31,0.3423913043478261,74.47671875,3694614.125
2021-09-30,VLO,USD,1035002,2021-10-27,2021-10-27 17:14:39,2021,Q3,29520000000.0,28613000000.0,907000000.0,0.0307249322,0,195000000.0,0.0,195000000.0,32000000.0,214000000.0,28827000000.0,0.0,152000000.0,641000000.0,1395000000.0,0.0472560976,693000000.0,0.0234756098,-120000000.0,573000000.0,0.0194105691,65000000.0,463000000.0,0.0156842818,1.13,1.13,407000000,408000000,https://www.sec.gov/Archives/edgar/data/1035002/000103500221000118/0001035002-21-000118-index.htm,https://www.sec.gov/Archives/edgar/data/1035002/000103500221000118/vlo-20210930.htm,72.53071253071253,1.1375921375921376,0.42997542997543,-0.7076167076167076,8.594594594594595,45.67321867321867,45.67321867321867,42.93857493857494,35.34398034398034,28721990000.0,39456990000.0,15.508633909287257,0.9729671409214092,164.12565714285714,-99.72913194444445,1.6435105287251086,1.6435105287251086,1.3366189024390245,28.28458064516129,225.4685142857143,-137.0034375,0.016120052962904,-0.0100271603743333,0.8144312199588006,0.2602439158179591,7.695340501792114,1.3127925661985609,4.559210526315789,0.3444881889763779,0.0139266116310186,0.8639308855291576,0.0066056910569105,0.0,0.0,2.645714285714286,0.0156842818428184,0.7223088923556942,0.0,33.151895392488605,0.0147902608222189,0.0084657439066756,-56.560810810810814,4477000000.0,18589000000.0,-17312000000.0,34917000000.0,8879500000.0,9994000000.0,6165000000.0,26.30182926829268,30.888057875790725,19.58655156746933,3.4218152312507244,2.913747454175153,4.594989561586639,0.0264934767681391,1.1375921375921376,2021-10-21,0.92,bmo,24725000000.0,2025-04-25,2021-09-30,0.326086956521739,66.55671875,4001756.15625
2021-06-30,VLO,USD,1035002,2021-07-29,2021-07-29 15:48:32,2021,Q2,27748000000.0,27051000000.0,697000000.0,0.0251189275,0,176000000.0,0.0,176000000.0,102000000.0,188000000.0,27239000000.0,0.0,150000000.0,588000000.0,1199000000.0,0.0432103215,509000000.0,0.0183436644,-48000000.0,461000000.0,0.01661381,169000000.0,162000000.0,0.0058382586,0.39,0.39,407000000,407000000,https://www.sec.gov/Archives/edgar/data/1035002/000103500221000102/0001035002-21-000102-index.htm,https://www.sec.gov/Archives/edgar/data/1035002/000103500221000102/vlo-20210630.htm,68.17690417690417,0.398034398034398,4.933660933660934,4.061425061425061,8.776412776412776,45.95577395577396,45.95577395577396,43.368550368550366,36.437346437346434,31778560000.0,42886560000.0,49.040987654320986,1.1452558742972467,15.825976095617529,19.22477918935269,1.8003829811342134,1.8003829811342134,1.545573014271299,35.76860717264387,21.35784860557769,25.94468239564428,0.00509777661417,0.0520162021186611,0.8316809245935074,0.2647143681477207,9.26438698915763,1.3628816659631349,3.393333333333333,6.876712328767123,0.0126185705079147,2.4753086419753085,0.0063427994810436,0.0,0.0,0.1767928286852589,0.0127937148623324,0.6037414965986394,0.0,19.707839401881028,0.0076243548861522,0.0029212348528563,-57.197788697788695,5158000000.0,18704000000.0,-17380000000.0,35619000000.0,9073000000.0,9640500000.0,5992000000.0,29.61943203113738,33.8294332926694,20.3049794831984,3.0385457731055627,2.6604051927616053,4.432410290021301,0.0091779502577757,0.8722358722358723,2021-07-29,0.14,bmo,21747300000.0,2025-04-25,2021-06-30,2.428571428571428,77.44158730158729,3789900.031746032
2021-03-31,VLO,USD,1035002,2021-04-30,2021-04-30 11:21:31,2021,Q1,20806000000.0,21226000000.0,-420000000.0,-0.0201864847,0,208000000.0,0.0,208000000.0,45000000.0,246000000.0,21472000000.0,0.0,149000000.0,578000000.0,-43000000.0,-0.0020667115,-666000000.0,-0.0320099971,-104000000.0,-770000000.0,-0.0370085552,-148000000.0,-704000000.0,-0.0338363933,-1.73,-1.73,407000000,407000000,https://www.sec.gov/Archives/edgar/data/1035002/000103500221000068/0001035002-21-000068-index.htm,https://www.sec.gov/Archives/edgar/data/1035002/000103500221000068/vlo-20210331.htm,51.12039312039312,-1.7297297297297298,-0.1277641277641277,-0.9606879606879608,5.538083538083538,46.01228501228501,46.01228501228501,43.73710073710074,36.3955773955774,29141200000.0,41551200000.0,-10.3484375,1.400615207151783,-560.4076923076923,-74.52992327365727,1.637054098084377,1.637054098084377,1.99707776602903,-966.306976744186,-799.0615384615385,-106.2690537084399,-0.0241582364487392,-0.0134174296185469,0.8237739452839729,0.2735106502033051,-288.6046511627907,1.4293491508897376,-4.469798657718121,0.0836012861736334,0.0137262707095109,-0.5681818181818182,0.009997116216476,0.0,0.0,-6.519230769230769,0.0162933769105065,0.5865051903114187,0.0,,-0.0127967843388504,-0.013130898645876,-56.34398034398034,5284000000.0,18727000000.0,-17296000000.0,35663000000.0,7561500000.0,7597500000.0,5959500000.0,38.99163702778045,38.63987562423443,24.93592763591821,2.3081872642556025,2.32920004389334,3.609250127529332,-0.0395483399808999,0.8329238329238329,2021-04-22,-1.91,bmo,22567354497.0,2025-04-25,2021-03-31,-0.094240837696335,67.96311475409836,4065730.8360655736
2020-12-31,VLO,USD,1035002,2021-02-23,2021-02-23 15:43:21,2020,Q4,16604000000.0,16845000000.0,-241000000.0,-0.0145145748,0,224000000.0,0.0,224000000.0,25000000.0,229000000.0,17074000000.0,0.0,153000000.0,11000000.0,132000000.0,0.0079498916,-470000000.0,-0.0283064322,-128000000.0,-598000000.0,-0.036015418,-289000000.0,-359000000.0,-0.0216212961,-0.88,-0.88,407000000,407000000,https://www.sec.gov/Archives/edgar/data/1035002/000103500221000051/0001035002-21-000051-index.htm,https://www.sec.gov/Archives/edgar/data/1035002/000103500221000051/vlo-20201231.htm,40.7960687960688,-0.8820638820638821,0.3464373464373464,-0.8968058968058968,8.14004914004914,48.26044226044226,47.01228501228501,46.19410319410319,39.31203931203931,23023990000.0,35557990000.0,-16.03341922005571,1.3866532160925078,163.29070921985817,-63.07942465753425,1.2246151800436147,1.2246151800436147,2.141531558660564,269.3787121212121,252.1843262411348,-97.41915068493152,-0.0155924320675955,-0.0158530298180289,0.8428806978352216,0.3060802719511724,94.95454545454544,1.7067758267801358,-3.071895424836601,-0.4563106796116505,0.0173731833622234,-1.1142061281337048,0.0134907251264755,0.0,0.0098118746861358,3.588652482269504,0.0304745844374849,0.8769497400346621,0.0048181161165984,,-0.0055831060891646,-0.0070026918425467,-52.13329238329239,6561000000.0,19134000000.0,-16288000000.0,38662000000.0,5855000000.0,5659500000.0,5697500000.0,33.11310527583715,32.49510240427427,32.260017809439006,2.7179571124570305,2.769648142058533,2.7898310698906923,-0.0190947290037763,1.2432432432432432,2021-01-28,-1.48,bmo,21741070422.0,2025-04-25,2020-12-31,-0.2837837837837837,49.0625,5233281.390625
2020-09-30,VLO,USD,1035002,2020-10-28,2020-10-28 16:23:27,2020,Q3,15809000000.0,16219000000.0,-410000000.0,-0.0259345942,0,186000000.0,0.0,186000000.0,48000000.0,211000000.0,16430000000.0,0.0,143000000.0,12000000.0,41000000.0,0.0025934594,-621000000.0,-0.039281422,-95000000.0,-716000000.0,-0.0452906572,-337000000.0,-464000000.0,-0.02935037,-1.14,-1.14,407000000,407000000,https://www.sec.gov/Archives/edgar/data/1035002/000103500220000053/0001035002-20-000053-index.htm,https://www.sec.gov/Archives/edgar/data/1035002/000103500220000053/vlo-20200930.htm,38.842751842751845,-1.1400491400491402,0.4054054054054054,-0.5945945945945946,9.943488943488944,49.17936117936118,49.17936117936118,47.23095823095823,37.729729729729726,17631240000.0,28797240000.0,-9.499590517241378,1.1152659877285092,106.856,-72.85636363636364,0.9171950267908237,0.9171950267908237,1.82157252198115,702.3717073170732,174.52872727272728,-118.99685950413225,-0.026316923823849,-0.013725636994335,0.7913957238724445,0.2940733008582695,272.3414634146341,1.8987934006402365,-4.342657342657343,-0.4353562005277044,0.0226302857881805,-0.8599137931034483,0.0117654500600923,0.0,0.0,2.466666666666667,0.0257448288949332,0.6628664495114006,0.0,,-0.0074292294704795,-0.0089693033325601,-51.08046683046683,7300000000.0,20016000000.0,-16294000000.0,38029000000.0,4876500000.0,4944500000.0,5388500000.0,31.88626731608577,29.060361304642704,29.726246994265985,2.8225316907695053,3.0970021004391826,3.027627403397424,-0.0241377516516672,1.0,2020-10-22,-1.35,bmo,20817612068.0,2025-04-25,2020-09-30,-0.1407407407407408,52.3753125,4272276.890625
2020-06-30,VLO,USD,1035002,2020-07-31,2020-07-30 19:44:19,2020,Q2,10397000000.0,8436000000.0,1961000000.0,0.1886120996,0,169000000.0,0.0,169000000.0,27000000.0,172000000.0,8608000000.0,0.0,142000000.0,12000000.0,2377000000.0,0.2286236414,1789000000.0,0.172068866,-115000000.0,1674000000.0,0.1610079831,339000000.0,1253000000.0,0.1205155333,3.07,3.07,406000000,407000000,https://www.sec.gov/Archives/edgar/data/1035002/000103500220000041/0001035002-20-000041-index.htm,https://www.sec.gov/Archives/edgar/data/1035002/000103500220000041/vloform10-qx6302020.htm,25.60837438423645,3.086206896551724,1.812807881773399,0.729064039408867,5.711822660098522,50.82266009852217,50.82266009852217,48.88423645320197,31.573891625615765,23880920000.0,34238920000.0,4.764748603351955,2.296904876406656,32.446902173913045,80.67878378378379,1.2032508691489898,1.2032508691489898,3.293153794363759,14.404257467395878,46.52027173913043,115.67202702702704,0.0524686653613009,0.0123948323598923,0.6387363329470449,0.258192631214485,4.357593605384939,1.7482191780821918,12.598591549295774,0.5513108614232209,0.0167497734593139,0.3192338387869114,0.0162546888525536,0.0,0.0,0.5978260869565217,0.0423198999711455,0.7612456747404844,0.0,58.262376562212815,0.0336599695544295,0.0255198680217519,-50.05418719211823,5462000000.0,20634000000.0,-15703000000.0,36115000000.0,4772000000.0,5279000000.0,4547500000.0,35.94113686640377,49.63015647226174,57.82361308677098,2.5040944123314066,1.8134135855546,1.5564575645756458,0.0631329671990729,1.083743842364532,2020-07-30,-1.42,bmo,11727815999.0,2025-04-25,2020-06-30,-0.1197183098591548,59.73301587301587,5108790.857142857
2020-03-31,VLO,USD,1035002,2020-04-29,2020-04-29 16:58:03,2020,Q1,22102000000.0,24200000000.0,-2098000000.0,-0.0949235363,0,177000000.0,0.0,177000000.0,32000000.0,179000000.0,24379000000.0,0.0,125000000.0,582000000.0,-1663000000.0,-0.0752420595,-2277000000.0,-0.1030223509,-93000000.0,-2370000000.0,-0.1072301149,-616000000.0,-1851000000.0,-0.0837480771,-4.54,-4.54,407592411,408000000,https://www.sec.gov/Archives/edgar/data/1035002/000103500220000016/0001035002-20-000016-index.htm,https://www.sec.gov/Archives/edgar/data/1035002/000103500220000016/vloform10-qx3312020.htm,54.2257397427353,-4.541301432621619,-0.1202181362498429,-1.1874607743862042,3.716948498336982,48.29579616486039,48.29579616486039,46.22755353509268,28.423002213355733,18488391762.96,28433391762.96,-2.497081545510535,0.8365031111646004,-377.31411761142857,-38.19915653504132,0.9812329775480312,0.9812329775480312,1.2864623908677948,-17.09764988752856,-580.2733012848979,-58.74667719619835,-0.1001168746168787,-0.0261785885005776,0.6082156883558009,0.2400150794814333,-5.980156343956705,1.3129867155290884,-18.216,0.0279361459521094,0.0216892851006852,-0.2166396542409508,0.008008325038458,0.0,0.0,-8.877551020408163,0.0196814767894308,0.7474226804123711,0.0,,-0.0422338325329875,-0.0387668335183362,-50.70138560553327,2733000000.0,19685000000.0,-16597000000.0,33259000000.0,7148000000.0,8055500000.0,5344000000.0,21.95638403764365,21.96446280991735,13.667355371900824,4.099035608308605,4.097527937690484,6.585034013605442,-0.0982379789831228,1.067242638136361,2020-04-29,-0.15,bmo,9750882352.0,2025-04-25,2020-03-31,-3.2666666666666666,72.64645161290322,5356303.774193549
2019-12-31,VLO,USD,1035002,2020-02-26,2020-02-26 14:08:29,2019,Q4,27879000000.0,25890000000.0,1989000000.0,0.0713440224,0,243000000.0,0.0,243000000.0,36000000.0,250000000.0,26140000000.0,0.0,119000000.0,14000000.0,2323000000.0,0.083324366,1739000000.0,0.0623766993,-83000000.0,1656000000.0,0.059399548,326000000.0,1060000000.0,0.0380214498,2.58,2.58,409000000,410000000,https://www.sec.gov/Archives/edgar/data/1035002/000103500220000007/0001035002-20-000007-index.htm,https://www.sec.gov/Archives/edgar/data/1035002/000103500220000007/vloform10-kx12312019.htm,68.1638141809291,2.5916870415647923,0.2151589242053789,-1.2224938875305624,6.315403422982885,55.10024449877751,53.77261613691932,53.3080684596577,27.09290953545232,38302850000.0,46681850000.0,9.03369103773585,1.3738961225295026,435.2596590909091,-76.6057,1.7567697105902855,1.7567697105902855,1.674444922701675,20.09550150667241,530.4755681818182,-93.3637,0.0276741809029876,-0.0130538589165036,0.5027748474980507,0.2035125501262438,3.606973740852346,1.4414133738601824,14.61344537815126,0.0661654135338345,0.0096337478803796,0.3481132075471698,0.0087162380286236,0.0,0.0100809446012178,6.681818181818182,0.0210911438717314,1.0297723292469352,0.0031923670145988,55.75438261113859,0.0336309718033018,0.0198795971568425,-45.380195599022,5809000000.0,21993000000.0,-12359000000.0,36945000000.0,8449000000.0,9854500000.0,6694500000.0,28.744216076616805,35.475086906141364,24.37891077636153,3.131064690026954,2.5369916707496327,3.6917153857122487,0.0486171627757648,1.4376528117359413,2020-01-30,1.62,bmo,21203746478.0,2025-04-25,2019-12-31,0.3148148148148146,94.501875,2944738.78125
2019-09-30,VLO,USD,1035002,2019-11-07,2019-11-07 12:48:00,2019,Q3,27249000000.0,26141000000.0,1108000000.0,0.0406620426,0,217000000.0,0.0,217000000.0,34000000.0,227000000.0,26368000000.0,0.0,111000000.0,11000000.0,1459000000.0,0.0535432493,881000000.0,0.0323314617,-77000000.0,804000000.0,0.0295056699,165000000.0,609000000.0,0.022349444,1.48,1.48,412000000,413000000,https://www.sec.gov/Archives/edgar/data/1035002/000103500219000047/0001035002-19-000047-index.htm,https://www.sec.gov/Archives/edgar/data/1035002/000103500219000047/vloform10-qx9302019.htm,66.1383495145631,1.4781553398058251,3.468446601941748,2.412621359223301,5.186893203883495,52.398058252427184,52.398058252427184,51.230582524271846,23.50242718446602,35118880000.0,42553880000.0,14.416617405582922,1.288813534441631,24.57584324702589,35.330865191146884,1.6638499076135878,1.6638499076135878,1.5616675841315275,29.16647018505826,29.77878236529041,42.810744466800806,0.017341099716164,0.0283038639045436,0.4534988392476429,0.1868472935251517,5.095956134338588,1.404204451772465,7.936936936936937,2.236306729264476,0.0105925929300706,0.6108374384236454,0.0079635949943117,0.0,0.0,0.3044086773967809,0.0159638885830672,0.7671957671957672,0.0,41.27774315767938,0.0177260768384099,0.0118877979269554,-44.467233009708735,4903000000.0,21588000000.0,-12608000000.0,33793000000.0,8522000000.0,9819500000.0,6328500000.0,26.403170758559945,32.721012968134346,21.951723346467237,3.40868151113335,2.7505260942760943,4.099905897114178,0.0288529871606576,1.055825242718447,2019-10-24,1.35,bmo,24855506756.0,2025-04-25,2019-09-30,0.0962962962962962,80.8446875,3233081.4375
2019-06-30,VLO,USD,1035002,2019-08-06,2019-08-06 11:49:14,2019,Q2,28933000000.0,27824000000.0,1109000000.0,0.0383299347,0,199000000.0,0.0,199000000.0,12000000.0,201000000.0,28025000000.0,0.0,112000000.0,14000000.0,1483000000.0,0.0512563509,908000000.0,0.03138285,-100000000.0,808000000.0,0.027926589,160000000.0,612000000.0,0.0211523174,1.47,1.47,415000000,417000000,https://www.sec.gov/Archives/edgar/data/1035002/000103500219000040/0001035002-19-000040-index.htm,https://www.sec.gov/Archives/edgar/data/1035002/000103500219000040/vloform10-qx6302019.htm,69.71807228915662,1.4746987951807229,3.655421686746988,2.424096385542169,4.898795180722892,52.619277108433735,52.619277108433735,51.43373493975904,23.137349397590363,34963750000.0,42420750000.0,14.282577614379084,1.2084384612725954,23.047956493078445,34.75521868787276,1.6380299836027172,1.6380299836027172,1.4661718452977568,28.60468644639245,27.963579433091628,42.1677435387674,0.01750384326624,0.0287726573951592,0.4446006090419302,0.182422821114144,5.02832097100472,1.41942939113803,8.107142857142858,2.341049382716049,0.0107539952093239,0.6143790849673203,0.0068779594234956,0.0,0.0,0.3368490441661173,0.0176614937960114,0.9028268551236748,0.0,41.31111843456207,0.0182978118903932,0.0117642535850217,-43.9132530120482,5263000000.0,21837000000.0,-12374000000.0,34047000000.0,8669500000.0,10070000000.0,6417500000.0,28.151245982096565,32.7828493387004,20.316633122484184,3.197016574585635,2.745337937839172,4.429867855437032,0.0286718200983836,1.231325301204819,2019-07-25,1.37,bmo,26250470198.0,2025-04-25,2019-06-30,0.1021897810218977,82.55904761904762,3575105.4285714286
2019-03-31,VLO,USD,1035002,2019-05-07,2019-05-07 11:57:02,2019,Q1,24263000000.0,23744000000.0,519000000.0,0.0213905947,0,209000000.0,0.0,209000000.0,22000000.0,211000000.0,23955000000.0,0.0,112000000.0,14000000.0,878000000.0,0.0361867865,308000000.0,0.0126942258,-90000000.0,218000000.0,0.0089848741,51000000.0,141000000.0,0.0058113176,0.34,0.34,416000000,418000000,https://www.sec.gov/Archives/edgar/data/1035002/000103500219000025/0001035002-19-000025-index.htm,https://www.sec.gov/Archives/edgar/data/1035002/000103500219000025/vloform10-qx3312019.htm,58.32451923076923,0.3389423076923077,2.108173076923077,0.9951923076923076,6.675480769230769,52.35336538461539,53.08173076923077,51.22355769230769,24.58653846153846,35954880000.0,43293880000.0,63.74978723404256,1.4818810534558793,40.997582668187,86.84753623188406,1.6873095874982402,1.6873095874982402,1.7843580760829243,49.3096583143508,49.36588369441277,104.57458937198068,0.0039215817157504,0.0115144314207139,0.4747289877516542,0.1941837028505614,8.35876993166287,1.431115929683265,2.75,5.251497005988024,0.0104297386057191,2.6595744680851063,0.0086139389193422,0.0,-0.0058162971494385,0.5279361459521095,0.0190825536825619,0.8402903811252269,0.0,19.764645055753437,0.0058558759587124,0.0026909424023817,-43.37800480769231,5567000000.0,22082000000.0,-11836000000.0,33672000000.0,7817000000.0,9299500000.0,6543000000.0,30.746816139801343,37.92326482479785,24.84248652291105,2.927132344070454,2.3732133933033484,3.622825755263961,0.0066169224271434,1.1129807692307692,2019-04-25,0.23,bmo,16413205882.0,2025-04-25,2019-03-31,0.4782608695652174,82.62622950819672,3837971.540983607
2018-12-31,VLO,USD,1035002,2019-02-28,2019-02-28 16:06:55,2018,Q4,28730000000.0,27197000000.0,1533000000.0,0.0533588583,0,230000000.0,0.0,230000000.0,42000000.0,234000000.0,27431000000.0,0.0,114000000.0,13000000.0,1872000000.0,0.065158371,1299000000.0,0.045214062,-72000000.0,1227000000.0,0.0427079708,205000000.0,952000000.0,0.0331360947,2.26,2.24,421000000,422000000,https://www.sec.gov/Archives/edgar/data/1035002/000103500219000008/0001035002-19-000008-index.htm,https://www.sec.gov/Archives/edgar/data/1035002/000103500219000008/vloform10-kx12312018.htm,68.24228028503563,2.261282660332541,3.985748218527316,2.0498812351543942,7.083135391923991,53.99287410926366,52.64608076009501,51.465558194774346,21.90736342042755,31562370000.0,37689370000.0,8.2884375,1.098585798816568,18.809517282479145,36.57285052143685,1.456702358425255,1.456702358425255,1.311847198050818,20.13321047008547,22.46088796185936,43.67250289687138,0.030162500471289,0.0273426868768093,0.4204089167858956,0.1816169873392483,3.2729700854700856,1.6481723237597912,11.394736842105264,1.6418786692759295,0.0107089549992601,0.3550420168067227,0.0080055690915419,0.0,0.011304954640614,0.4856972586412396,0.0283675600417681,1.5348399246704332,0.0029933867037939,51.17136819432345,0.0272749668543875,0.0191981931112365,-37.21437054631829,6951000000.0,22164000000.0,-9749000000.0,36366000000.0,7797000000.0,9409000000.0,7016500000.0,23.009049773755656,28.43916608449461,21.61561936978343,3.911504424778761,3.164649755643472,4.163655848132272,0.0439377855725296,1.9358669833729216,2019-01-31,1.07,bmo,22708887580.0,2025-04-25,2018-12-31,0.9813084112149532,87.84492063492063,4532788.952380952
2018-09-30,VLO,USD,1035002,2018-11-06,2018-11-06 12:26:32,2018,Q3,30849000000.0,29411000000.0,1438000000.0,0.0466141528,0,209000000.0,0.0,209000000.0,42000000.0,219000000.0,29630000000.0,0.0,111000000.0,13000000.0,1744000000.0,0.0565334371,1219000000.0,0.0395150572,-69000000.0,1150000000.0,0.0372783559,276000000.0,856000000.0,0.0277480631,2.01,2.01,425000000,427000000,https://www.sec.gov/Archives/edgar/data/1035002/000103500218000047/0001035002-18-000047-index.htm,https://www.sec.gov/Archives/edgar/data/1035002/000103500218000047/vloform10-qx9302018.htm,72.58588235294117,2.014117647058824,1.1670588235294117,0.1341176470588235,8.355294117647059,54.02352941176471,54.02352941176471,51.55294117647059,21.61647058823529,48399000000.0,53924000000.0,14.13522196261682,1.5689001264222504,97.57862903225806,849.1052631578947,2.208991328160657,2.208991328160657,1.7479983143699958,30.9197247706422,108.71774193548389,946.0350877192982,0.0176863158329717,0.0011777102832703,0.4142400730260155,0.1748949782248429,3.1680045871559632,1.593574747636597,10.98198198198198,0.5675057208237986,0.0070456001157048,0.3983644859813084,0.0067749359784758,0.0,0.0,0.8850806451612904,0.0142306071509611,0.8491295938104448,0.0,48.33485277808949,0.0233884527025321,0.0164951632173276,-36.34294117647059,7409000000.0,22960000000.0,-9043000000.0,35837000000.0,7892000000.0,9593500000.0,6960500000.0,24.065934065934066,31.28625344258951,22.95365679507667,3.73972602739726,2.876662754303599,3.9209438741501135,0.0390689183021451,1.0329411764705885,2018-10-25,1.95,bmo,29928134328.0,2025-04-25,2018-09-30,0.0307692307692306,113.56539682539682,2791402.4285714286
2018-06-30,VLO,USD,1035002,2018-08-06,2018-08-06 13:39:43,2018,Q2,31015000000.0,29493000000.0,1522000000.0,0.0490730292,0,248000000.0,0.0,248000000.0,-5000000.0,269000000.0,29762000000.0,0.0,124000000.0,13000000.0,1793000000.0,0.0578107367,1253000000.0,0.0403998065,-129000000.0,1124000000.0,0.0362405288,249000000.0,845000000.0,0.0272448815,1.96,1.96,429000000,431000000,https://www.sec.gov/Archives/edgar/data/1035002/000103500218000041/0001035002-18-000041-index.htm,https://www.sec.gov/Archives/edgar/data/1035002/000103500218000041/vloform10-qx6302018.htm,72.2960372960373,1.9696969696969693,4.799533799533799,3.787878787878788,10.375291375291376,53.15617715617716,53.15617715617716,50.74358974358975,21.405594405594407,47546070000.0,52154070000.0,14.066884615384614,1.5330024181847492,23.091826129188927,29.25912,2.184118241536129,2.184118241536129,1.6815756891826537,29.08760178471835,25.32980573093735,32.09481230769231,0.0177722364855812,0.034177377856887,0.4161422205889108,0.1787560677216938,2.5699944227551588,1.6707521382594128,10.10483870967742,2.353142857142857,0.0072561202219237,0.408284023668639,0.007996130904401,0.0,0.0,0.2107819329771733,0.0139932290827019,0.8298279158699808,0.0,47.42218506525861,0.0246817458973878,0.0166739018903666,-33.9434731934732,7607000000.0,22804000000.0,-8926000000.0,35787000000.0,7174500000.0,8464500000.0,6487500000.0,21.865226503304857,27.35123588648154,19.59108941104669,4.116124751161247,3.290527725092045,4.59392523364486,0.0388166659010519,1.0116550116550116,2018-07-26,1.98,bmo,28562651162.0,2025-04-25,2018-06-30,0.0858585858585858,112.17546875,3698307.140625
2018-03-31,VLO,USD,1035002,2018-05-07,2018-05-07 11:57:22,2018,Q1,26439000000.0,25390000000.0,1049000000.0,0.0396762359,0,238000000.0,0.0,238000000.0,51000000.0,248000000.0,25638000000.0,0.0,121000000.0,13000000.0,1307000000.0,0.0494345474,801000000.0,0.0302961534,-70000000.0,731000000.0,0.0276485495,149000000.0,469000000.0,0.0177389463,1.09,1.09,431000000,432000000,https://www.sec.gov/Archives/edgar/data/1035002/000103500218000015/0001035002-18-000015-index.htm,https://www.sec.gov/Archives/edgar/data/1035002/000103500218000015/vloform10-qx3312018.htm,61.34338747099768,1.088167053364269,0.3201856148491879,-0.5707656612529002,10.807424593967518,53.19025522041763,53.19025522041763,50.75870069605568,21.062645011600928,39983870000.0,44282870000.0,21.31336353944563,1.5123064412421046,289.7381884057971,-162.5360569105691,1.827666956164008,1.827666956164008,1.6749071447482886,33.88130833970926,320.8903623188406,-180.01166666666666,0.0117297300136279,-0.0061524809879583,0.4094254239612378,0.2174820929950224,3.289211935730681,1.6982886904761905,6.619834710743802,0.2371134020618556,0.0086284794343318,0.7356076759061834,0.0090018533227429,0.0,0.0,2.782608695652174,0.0145239986383751,0.7710843373493976,0.0,35.25285491705715,0.0161471546814788,0.0113876411314799,-12.097447795823664,7508000000.0,22925000000.0,0.0,35239000000.0,6868000000.0,8157000000.0,6469500000.0,23.195279700442526,28.23710122095313,23.235525797558093,3.880099794540651,3.1872960080341453,3.8733790999237225,0.021438039950633,0.8909512761020881,2018-04-26,0.94,bmo,24852660000.0,2025-04-25,2018-03-31,0.0638297872340426,93.3439344262295,3434366.081967213
2017-12-31,VLO,USD,1035002,2018-02-28,2018-02-28 14:24:13,2017,Q4,26392000000.0,25284000000.0,1108000000.0,0.0419824189,0,238000000.0,0.0,238000000.0,26000000.0,255000000.0,25539000000.0,0.0,114000000.0,13000000.0,1344000000.0,0.0509245226,853000000.0,0.0323204001,-88000000.0,765000000.0,0.0289860564,-1635000000.0,2371000000.0,0.0898378296,5.43,5.42,435000000,437000000,https://www.sec.gov/Archives/edgar/data/1035002/000103500218000010/0001035002-18-000010-index.htm,https://www.sec.gov/Archives/edgar/data/1035002/000103500218000010/vloform10-kx12312017.htm,60.67126436781609,5.450574712643678,3.816091954022988,2.7448275862068967,13.448275862068966,52.64367816091954,52.317241379310346,50.55402298850575,20.657471264367818,39980850000.0,43002850000.0,4.215610501897934,1.5148851924825706,24.08484939759036,33.484798994974874,1.8180551134555043,1.8180551134555043,1.6293895877538649,31.996168154761904,25.905331325301205,36.015787269681745,0.0593033914986799,0.0298642975324436,0.4034377699968168,0.1768810558634714,2.2485119047619047,1.7443772016981305,7.482456140350878,0.6916666666666667,0.0076536641917317,0.1290594685786588,0.0090178842073355,0.0,0.0028310538697715,0.280722891566265,0.0176568657168839,0.9510204081632652,0.0029175507729615,78.73906771596945,0.0682516369040921,0.0474048304542546,-29.94137931034483,8241000000.0,22758000000.0,-7946000000.0,35863000000.0,6440500000.0,7512500000.0,6260500000.0,23.6048802667475,29.715234931181776,22.72425249169435,3.8127708754695178,3.028749401054145,3.960526315789474,0.1078168341594288,1.071264367816092,2018-02-01,1.06,bmo,24571862068.0,2025-04-25,2017-12-31,0.0943396226415093,82.49968253968254,3313376.9206349207
2017-09-30,VLO,USD,1035002,2017-11-07,2017-11-07 16:54:56,2017,Q3,23562000000.0,21951000000.0,1611000000.0,0.0683728037,0,229000000.0,0.0,229000000.0,17000000.0,273000000.0,22224000000.0,0.0,114000000.0,13000000.0,1838000000.0,0.0780069604,1338000000.0,0.0567863509,-91000000.0,1241000000.0,0.0526695527,378000000.0,841000000.0,0.0356930651,1.91,1.91,439000000,441000000,https://www.sec.gov/Archives/edgar/data/1035002/000103500217000062/0001035002-17-000062-index.htm,https://www.sec.gov/Archives/edgar/data/1035002/000103500217000062/vloform10-qx9302017.htm,53.67198177676538,1.9157175398633253,2.3621867881548977,1.5854214123006831,11.790432801822323,48.34624145785877,48.34624145785877,46.40091116173121,19.5876993166287,33772270000.000004,37081270000.0,10.039319262782405,1.433336304218657,32.5672806171649,48.52337643678162,1.6579415807560138,1.6579415807560138,1.573774297597827,20.174793253536453,35.75821600771456,53.2776867816092,0.0249020868304084,0.0206086235837863,0.4165439371624939,0.1768150370926065,1.8003264417845484,1.910405257393209,11.736842105263158,1.20162224797219,0.0091495182290085,0.3674197384066587,0.0097190391308038,0.0,0.0,0.3288331726133076,0.0144724556489262,0.6861167002012073,0.0,44.72190051874797,0.0238706604120125,0.0175252146369925,-32.00512528473804,8312000000.0,21224000000.0,-9322000000.0,35586000000.0,5266000000.0,6066500000.0,5905500000.0,22.76165011459129,27.3759737597376,25.161951619516195,3.954019130726632,3.287554290849184,3.5768290695779696,0.0412862052037309,0.7767653758542141,2017-10-26,1.83,bmo,22575109947.0,2025-04-25,2017-09-30,0.0437158469945354,68.86507936507937,3734966.0
2017-06-30,VLO,USD,1035002,2017-08-07,2017-08-07 16:38:21,2017,Q2,22254000000.0,21205000000.0,1049000000.0,0.0471375932,0,178000000.0,0.0,178000000.0,16000000.0,178000000.0,21383000000.0,0.0,119000000.0,499000000.0,1349000000.0,0.0606183158,871000000.0,0.0391390312,-92000000.0,768000000.0,0.0345106498,196000000.0,548000000.0,0.0246247866,1.23,1.23,444000000,446000000,https://www.sec.gov/Archives/edgar/data/1035002/000103500217000044/0001035002-17-000044-index.htm,https://www.sec.gov/Archives/edgar/data/1035002/000103500217000044/vloform10-qx6302017.htm,50.12162162162162,1.2342342342342345,4.047297297297297,3.387387387387387,11.727477477477477,46.76801801801802,46.76801801801802,44.87162162162162,19.38288288288288,29952240000.0,33232240000.0,13.664343065693428,1.345926125640334,16.667913188647745,19.91505319148936,1.503400090347839,1.503400090347839,1.4933153590365775,24.634722016308373,18.49317751808569,22.095904255319148,0.0182957935700301,0.0502132728637324,0.4259900617376901,0.1846043415843737,2.431430689399555,2.0475074840557075,7.319327731092437,3.141608391608392,0.0104165832004551,0.5693430656934306,0.0079985620562595,0.0,0.0,0.1630495269894268,0.0131661723735058,0.5871743486973948,0.0,35.300099998409856,0.0168883042191676,0.0119197807456388,-30.93524774774775,8048000000.0,20765000000.0,-9478000000.0,35102000000.0,4838500000.0,5746500000.0,5849500000.0,18.49420328929631,23.156802640886585,24.082056118839898,4.866389678547999,3.8865469208211145,3.737222418047233,0.0275058977061687,0.6599099099099099,2017-07-27,1.1,bmo,19901951219.0,2025-04-25,2017-06-30,0.118181818181818,64.85825396825398,4191952.365079365
2017-03-31,VLO,USD,1035002,2017-05-08,2017-05-08 16:47:05,2017,Q1,21772000000.0,21045000000.0,727000000.0,0.033391512,0,190000000.0,0.0,190000000.0,17000000.0,190000000.0,21235000000.0,0.0,121000000.0,500000000.0,1038000000.0,0.047675914,537000000.0,0.024664707,-95000000.0,433000000.0,0.0198879295,112000000.0,305000000.0,0.0140088187,0.68,0.68,448000000,451000000,https://www.sec.gov/Archives/edgar/data/1035002/000103500217000032/0001035002-17-000032-index.htm,https://www.sec.gov/Archives/edgar/data/1035002/000103500217000032/vloform10-qx3312017.htm,48.598214285714285,0.6808035714285714,2.205357142857143,1.5825892857142858,9.962053571428571,46.095982142857146,46.095982142857146,44.252232142857146,19.21875,29697920000.000004,33723920000.000004,24.342557377049182,1.3640418886643395,30.05862348178138,41.88705218617772,1.498003530895334,1.498003530895334,1.5489582950578726,32.48932562620424,34.13352226720648,47.56547249647391,0.0102700795207206,0.0238737258366915,0.4281967213114754,0.1843551154255434,3.878612716763006,2.0139258133941005,4.43801652892562,3.0778816199376946,0.0106068034394327,1.0327868852459017,0.008726805070733,0.0,0.0,0.2823886639676113,0.0128146242880764,0.558,0.0,26.035730217284588,0.0104029295275256,0.0066236671227224,-31.456473214285715,8009000000.0,20651000000.0,-9488000000.0,35000000000.0,5502500000.0,6197000000.0,5867000000.0,21.098658827852287,25.81753385602281,25.766215253029223,4.265673981191223,3.486002981613384,3.4929460580912863,0.0153846153846153,0.6227678571428571,2017-04-25,0.6,bmo,19210588235.0,2025-04-25,2017-03-31,0.1333333333333334,66.92306451612905,4671538.0322580645
2016-12-31,VLO,USD,1035002,2017-02-23,2017-02-23 15:34:55,2016,Q4,20712000000.0,19884000000.0,828000000.0,0.039976825,0,208000000.0,0.0,208000000.0,21000000.0,208000000.0,20092000000.0,0.0,112000000.0,468000000.0,1088000000.0,0.0525299343,620000000.0,0.0299343376,-91000000.0,529000000.0,0.0255407493,113000000.0,367000000.0,0.0177191966,0.81,0.81,451000000,453000000,https://www.sec.gov/Archives/edgar/data/1035002/000103500217000009/0001035002-17-000009-index.htm,https://www.sec.gov/Archives/edgar/data/1035002/000103500217000009/vloform10-kx12312016.htm,45.92461197339246,0.8137472283813747,2.212860310421286,1.401330376940133,10.678492239467849,46.23946784922395,45.91130820399113,44.39911308203991,17.98891352549889,30812320000.0,33997320000.0,20.989318801089915,1.487655465430668,30.87406813627254,48.753670886075945,1.5387694766280462,1.5387694766280462,1.6414310544611816,31.24753676470588,34.0654509018036,53.79322784810126,0.0119108200875493,0.0205112760090768,0.3995705153815421,0.1732830875186797,2.927389705882353,2.0172910662824206,5.535714285714286,2.3990384615384617,0.0087951832254111,0.7384196185286104,0.0100424874468906,0.0,0.003205336452039,0.3667334669338677,0.0176709154113557,0.782051282051282,0.0032831208960988,28.51170360211359,0.0128440842116166,0.0079739272134709,-29.318736141906875,8472000000.0,20706000000.0,-8519000000.0,35092000000.0,5311500000.0,5862500000.0,5844000000.0,25.641657010428737,28.77338563669282,25.840374170187083,3.5099135739705134,3.127890514393582,3.482921702574882,0.0183280063923292,0.811529933481153,2017-01-31,0.77,bmo,19689185185.0,2025-04-25,2016-12-31,0.0519480519480519,61.54714285714285,5269524.206349206
2016-09-30,VLO,USD,1035002,2016-11-08,2016-11-08 13:11:14,2016,Q3,19649000000.0,18565000000.0,1084000000.0,0.0551682019,0,192000000.0,0.0,192000000.0,12000000.0,192000000.0,18757000000.0,0.0,115000000.0,470000000.0,1362000000.0,0.0693165047,892000000.0,0.0453967123,-103000000.0,789000000.0,0.0401547153,144000000.0,613000000.0,0.0311975164,1.33,1.33,458000000,460000000,https://www.sec.gov/Archives/edgar/data/1035002/000103500216000123/0001035002-16-000123-index.htm,https://www.sec.gov/Archives/edgar/data/1035002/000103500216000123/vloform10-qx9302016.htm,42.90174672489083,1.3384279475982532,1.8842794759825328,1.224890829694323,12.989082969432314,46.1353711790393,46.1353711790393,44.40829694323144,19.79694323144105,24274000000.0,27277000000.0,9.89967373572594,1.2353809354165606,28.127462340672075,43.26916221033868,1.1934706721077732,1.1934706721077732,1.388213140617843,20.02716593245228,31.6071842410197,48.62210338680927,0.0252533575018538,0.0231111477300815,0.4401396332169723,0.193494001945315,2.2048458149779737,2.052285992217899,7.756521739130434,1.337984496124031,0.0113701903270989,0.4502446982055464,0.0097714896432388,0.0,0.0,0.3499420625724218,0.015369738918011,0.6425531914893617,0.0,36.5696510650077,0.0186472707048343,0.0132497568356208,-27.631004366812228,8654000000.0,21130000000.0,-8257000000.0,35172000000.0,4825000000.0,5655500000.0,6058000000.0,21.62858160720647,26.023161863722056,28.985187180177757,4.161160525201186,3.458457526080477,3.105034286670012,0.0301391415507153,0.6593886462882096,2016-10-25,0.93,bmo,14736750000.0,2025-04-25,2016-09-30,0.3333333333333332,53.329375,6381034.4375
2016-06-30,VLO,USD,1035002,2016-08-04,2016-08-04 10:38:35,2016,Q2,19584000000.0,18138000000.0,1446000000.0,0.0738357843,0,159000000.0,0.0,159000000.0,14000000.0,159000000.0,18297000000.0,0.0,111000000.0,471000000.0,1758000000.0,0.0897671569,1231000000.0,0.0628574346,-97000000.0,1134000000.0,0.0579044118,291000000.0,814000000.0,0.0415645425,1.74,1.73,467000000,470000000,https://www.sec.gov/Archives/edgar/data/1035002/000103500216000113/0001035002-16-000113-index.htm,https://www.sec.gov/Archives/edgar/data/1035002/000103500216000113/vloform10-qx6302016.htm,41.93576017130621,1.7430406852248397,4.965738758029978,4.336188436830835,10.546038543897216,45.83297644539615,45.83297644539615,44.059957173447536,16.319057815845824,23817000000.0,26402000000.0,7.314803439803439,1.2161458333333333,10.270375161707634,11.761481481481482,1.1575136080870918,1.1575136080870918,1.348141339869281,15.018202502844142,11.385079775765416,13.038024691358023,0.0341772683377419,0.0850233026829575,0.3649883359253499,0.1652292528381589,1.4704209328782707,1.8700878409616275,11.09009009009009,2.750889679715302,0.0118402821514044,0.3464373464373464,0.0081188725490196,0.0,0.0,0.1267787839586028,0.0150122549019607,0.6242038216560509,0.0,41.56875874630032,0.0242966351319155,0.0179090029041626,-26.463597430406853,7528000000.0,21404000000.0,-7868000000.0,34117000000.0,4810000000.0,5461500000.0,6096500000.0,22.647058823529413,29.488918293086336,30.45153820707906,3.9740259740259742,3.0519939424533065,2.955515724295258,0.0395606531881804,0.6295503211991434,2016-07-26,1.01,bmo,18302803738.0,2025-04-25,2016-06-30,0.0594059405940594,56.58578125,5807280.8125
2016-03-31,VLO,USD,1035002,2016-05-05,2016-05-05 12:38:47,2016,Q1,15714000000.0,13699000000.0,2015000000.0,0.1282296042,0,156000000.0,0.0,156000000.0,9000000.0,1186000000.0,14885000000.0,0.0,108000000.0,485000000.0,1314000000.0,0.0836197022,829000000.0,0.0527555046,-99000000.0,730000000.0,0.0464553901,217000000.0,495000000.0,0.0315005727,1.05,1.05,469000000,471000000,https://www.sec.gov/Archives/edgar/data/1035002/000103500216000087/0001035002-16-000087-index.htm,https://www.sec.gov/Archives/edgar/data/1035002/000103500216000087/vloform10-qx3312016.htm,33.505330490405115,1.0554371002132197,1.3646055437100213,0.6908315565031983,8.05543710021322,45.83155650319829,45.83155650319829,44.04264392324094,15.869936034115138,30081660000.0,33638660000.0,15.192757575757575,1.9143222604047343,47.00259375,92.84462962962964,1.4563158404337724,1.4563158404337724,2.1406809214712994,25.60019786910198,52.56040625,103.82302469135804,0.0164552089213161,0.0107706822030433,0.3551026336173509,0.1657290042703179,2.707001522070015,2.1935055350553507,7.675925925925926,1.2475633528265109,0.0093744826582043,0.5696969696969697,0.0099274532264222,0.0,0.0,0.49375,0.0201094565355733,0.6515463917525773,0.0,32.340306255994975,0.0154889724789086,0.0111841659323527,-26.52238805970149,8086000000.0,21495000000.0,-7903000000.0,34831000000.0,4687000000.0,4943500000.0,5977000000.0,26.872852233676976,32.71771662165121,39.78684575516461,3.3491048593350383,2.7508032128514057,2.262054161162484,0.0239639814097598,0.673773987206823,2016-05-03,0.73,bmo,17285400000.0,2025-04-25,2016-03-31,-0.1780821917808219,63.59901639344263,6810314.7049180325
2015-12-31,VLO,USD,1035002,2016-02-25,2016-02-25 14:49:47,2015,Q4,18777000000.0,17925000000.0,852000000.0,0.0453746605,0,206000000.0,0.0,206000000.0,11000000.0,206000000.0,18131000000.0,0.0,107000000.0,494000000.0,1151000000.0,0.061298397,646000000.0,0.0344037919,-96000000.0,550000000.0,0.0292911541,155000000.0,298000000.0,0.0158704798,0.62,0.62,479000000,481000000,https://www.sec.gov/Archives/edgar/data/1035002/000103500216000069/0001035002-16-000069-index.htm,https://www.sec.gov/Archives/edgar/data/1035002/000103500216000069/vloform10-kx12312015.htm,39.200417536534445,0.6221294363256785,1.0167014613778709,0.1148225469728601,8.588726513569938,44.580375782881,44.25469728601253,42.85386221294363,15.624217118997912,33870090000.0,37133090000.0,28.41450503355704,1.8038073174628533,69.54843942505133,615.8198181818182,1.6500263068154135,1.6500263068154135,1.9775837460723225,32.26158992180712,76.24864476386037,675.1470909090909,0.0087983232403574,0.0016238516047639,0.3593803283480294,0.1663622217711927,2.834926151172893,2.0582510774363967,6.037383177570093,1.2329113924050632,0.0070858979116973,0.8053691275167785,0.0109708686158598,0.0,0.0035180299032541,0.8870636550308009,0.0230068701070458,0.8744939271255061,0.0031421419822122,24.49213354764404,0.012501898532618,0.0067440649964921,-25.917536534446764,7612000000.0,21198000000.0,-8184000000.0,34471000000.0,4494500000.0,5293000000.0,6227500000.0,22.44128455024764,24.63765690376569,29.613389121338912,4.010465612985904,3.652944772773589,3.0391658189216684,0.0145174648024553,0.9018789144050104,2016-01-28,1.54,bmo,15210418994.0,2025-04-25,2015-12-31,0.1623376623376623,68.1346875,5434830.453125
2015-09-30,VLO,USD,1035002,2015-11-04,2015-11-04 16:21:22,2015,Q3,22579000000.0,20261000000.0,2318000000.0,0.1026617654,0,179000000.0,0.0,179000000.0,3000000.0,179000000.0,20440000000.0,0.0,112000000.0,482000000.0,2624000000.0,0.1162141813,2139000000.0,0.0947340449,-109000000.0,2030000000.0,0.0899065503,657000000.0,1377000000.0,0.0609858718,2.79,2.79,491000000,494000000,https://www.sec.gov/Archives/edgar/data/1035002/000103500215000063/0001035002-15-000063-index.htm,https://www.sec.gov/Archives/edgar/data/1035002/000103500215000063/vloform10-qx9302015.htm,45.98574338085539,2.804480651731161,2.773930753564154,2.044806517311609,10.79633401221996,44.537678207739305,44.537678207739305,43.42362525458248,15.260692464358453,29509100000.0,31589100000.0,5.357498184458969,1.306926790380442,21.666005873715125,29.39153386454183,1.3840392101683787,1.3840392101683787,1.3990477877673946,12.038528963414636,23.193171806167403,31.46324701195219,0.0466635715762256,0.0340234029502763,0.3461845129215327,0.1610692853246044,0.7926829268292683,2.030039811798769,19.098214285714285,0.9919883466860888,0.0067436824572758,0.1445170660856935,0.007927720448204,0.0,0.0,0.2628487518355359,0.0158554408964081,0.7427385892116183,0.0,52.34564097636285,0.0384102657665876,0.0300490998363338,-24.739816700611,8538000000.0,21868000000.0,-7130000000.0,35226000000.0,5050500000.0,6497000000.0,6587500000.0,17.167722219761725,25.22629682641528,29.12640047381669,5.242396099373114,3.5677055819686565,3.089980173859997,0.0645842127479949,0.7291242362525459,2015-10-28,2.66,bmo,21526931899.0,2025-04-25,2015-09-30,0.0488721804511277,63.50578125,7137676.640625
2015-06-30,VLO,USD,1035002,2015-08-06,2015-08-06 15:53:03,2015,Q2,25118000000.0,22862000000.0,2256000000.0,0.0898160682,0,178000000.0,0.0,178000000.0,8000000.0,178000000.0,23040000000.0,0.0,113000000.0,425000000.0,2503000000.0,0.0996496536,2078000000.0,0.0827295167,-105000000.0,1973000000.0,0.0785492476,608000000.0,1351000000.0,0.0537861295,2.67,2.66,505000000,508000000,https://www.sec.gov/Archives/edgar/data/1035002/000103500215000055/0001035002-15-000055-index.htm,https://www.sec.gov/Archives/edgar/data/1035002/000103500215000055/vloform10-qx6302015.htm,49.73861386138614,2.6752475247524754,4.611881188118812,3.879207920792079,11.413861386138612,43.57623762376237,43.57623762376237,42.48118811881188,14.776237623762375,31613000000.0,33198000000.0,5.849925980754996,1.2585795047376382,13.573636753971662,16.137314956610517,1.473593436815364,1.473593436815364,1.321681662552751,13.263284059129044,14.254186346071275,16.946401225114855,0.0427355834624996,0.0619681776484357,0.3425628117279634,0.1543939998739469,0.6332401118657611,1.8745058286872784,18.38938053097345,1.7062271062271062,0.00626324613292,0.1465581051073279,0.0070865514770284,0.0,0.0,0.158866466294547,0.0147304721713512,0.8705882352941177,0.0,50.56751032705095,0.0379485583087872,0.0283829492216223,-24.10792079207921,8627000000.0,22006000000.0,-7101000000.0,35361000000.0,4123500000.0,6662500000.0,6642000000.0,20.76041086073732,28.796693202694428,26.052838771761003,4.335174318260269,3.1253588516746413,3.4545179812632214,0.0629748753088146,0.7326732673267327,2015-07-30,2.42,bmo,22851714285.0,2025-04-25,2015-06-30,0.0991735537190083,59.0515873015873,6017291.0
2015-03-31,VLO,USD,1035002,2015-05-07,2015-05-07 16:26:13,2015,Q1,21330000000.0,19688000000.0,1642000000.0,0.0769807782,0,147000000.0,0.0,147000000.0,24000000.0,147000000.0,19835000000.0,0.0,101000000.0,441000000.0,1936000000.0,0.0907641819,1495000000.0,0.0700890764,-77000000.0,1418000000.0,0.0664791374,450000000.0,964000000.0,0.0451945617,1.87,1.87,513000000,516000000,https://www.sec.gov/Archives/edgar/data/1035002/000103500215000036/0001035002-15-000036-index.htm,https://www.sec.gov/Archives/edgar/data/1035002/000103500215000036/vloform10-qx3312015.htm,41.578947368421055,1.879142300194932,2.793372319688109,1.9005847953216377,9.49317738791423,41.60233918128655,41.60233918128655,40.49512670565302,14.668615984405458,32637060000.0,35191060000.0,8.463967842323651,1.5301012658227848,22.77533845080251,33.47390769230769,1.571053239626456,1.571053239626456,1.6498387248007502,18.17720041322314,24.55761339846476,36.09339487179487,0.0295369742250067,0.0298740143873253,0.3573697891595263,0.1623051529262587,1.3192148760330578,1.9444058373870745,14.801980198019802,1.4803719008264462,0.0064650431135647,0.2188796680497925,0.0068917018284106,0.0,0.0,0.319609211444522,0.0214721050164088,1.038548752834467,0.0,41.37828385455087,0.0273558360332971,0.0210751841892394,-27.98489278752437,8154000000.0,21342000000.0,-7611000000.0,34750000000.0,3962500000.0,6385000000.0,6644500000.0,10.350210970464136,27.47358797236896,30.47236895570906,8.695474928658784,3.275873544093178,2.9534953495349536,0.04640415904496,0.8927875243664717,2015-04-28,1.67,bmo,19048716577.0,2025-04-25,2015-03-31,0.1197604790419162,55.80081967213115,8232267.770491803
2014-12-31,VLO,USD,1035002,2015-02-26,2015-02-26 14:18:54,2014,Q4,27859000000.0,25849000000.0,2010000000.0,0.0721490362,0,214000000.0,0.0,214000000.0,9000000.0,214000000.0,26063000000.0,0.0,101000000.0,425000000.0,2221000000.0,0.0797228903,1796000000.0,0.064467497,-92000000.0,1704000000.0,0.0611651531,484000000.0,1155000000.0,0.0414587745,2.22,2.22,517000000,521000000,https://www.sec.gov/Archives/edgar/data/1035002/000103500215000009/0001035002-15-000009-index.htm,https://www.sec.gov/Archives/edgar/data/1035002/000103500215000009/vloform10-kx12312014.htm,53.88588007736944,2.234042553191489,1.9284332688588008,0.574468085106383,7.1353965183752415,41.09090909090909,40.79303675048356,39.99419729206963,12.547388781431335,25591500000.0,28288500000.0,5.539285714285715,0.9186079902365484,25.668505516549647,86.16666666666667,1.2376795473231126,1.2376795473231126,1.0154169209232204,12.736830256641152,28.373620862587764,95.24747474747475,0.0451321727917472,0.011605415860735,0.3088455772113943,0.1401975850713501,1.2143178748311572,1.6647294589178356,17.782178217821784,0.8172131147540984,0.0057440947189496,0.1272727272727272,0.0076815391794393,0.0,0.0033809001097694,0.7021063189568706,0.0251265300262033,1.6470588235294117,0.0021537025736745,44.83688904465202,0.0355447961245283,0.0254427702881311,-25.534816247582206,6634000000.0,21090000000.0,-7692000000.0,33523000000.0,6132000000.0,8349500000.0,6741500000.0,17.67759072472092,23.53669387597199,23.05969283144416,5.091191520467836,3.8238165680473375,3.902914087271629,0.0558591671905982,1.3539651837524178,2015-01-29,1.33,bmo,20247251366.0,2025-04-25,2014-12-31,0.3759398496240601,48.4340625,7654545.28125
2014-09-30,VLO,USD,1035002,2014-11-06,2014-11-06 15:48:36,2014,Q3,34408000000.0,32558000000.0,1850000000.0,0.0537665659,0,180000000.0,0.0,180000000.0,11000000.0,180000000.0,32738000000.0,0.0,98000000.0,430000000.0,2100000000.0,0.0610323181,1670000000.0,0.0485352244,-87000000.0,1583000000.0,0.0460067426,521000000.0,1059000000.0,0.0307777261,2.01,2.0,526000000,530000000,https://www.sec.gov/Archives/edgar/data/1035002/000103500214000059/0001035002-14-000059-index.htm,https://www.sec.gov/Archives/edgar/data/1035002/000103500214000059/vloform10-qx9302014.htm,65.41444866920152,2.0133079847908744,3.547528517110266,2.598859315589354,7.967680608365019,40.04182509505704,40.04182509505704,39.07604562737642,12.3212927756654,24338020000.0,26530020000.0,5.745519357884798,0.707336084631481,13.04288317256163,17.80396488661302,1.184101391456651,1.184101391456651,0.7710421994884911,12.633342857142855,14.2175884244373,19.4074762253109,0.0435121673825561,0.0561672642228085,0.310547825240829,0.1317304715715612,1.0438095238095235,1.4610698365527488,17.040816326530614,1.7570621468926553,0.0061221085363558,0.1406987724268177,0.005231341548477,0.0,0.0,0.2674169346195069,0.0145024412927226,1.1604651162790698,0.0,42.07282472335454,0.0314753867937863,0.0218553296873387,-27.90494296577947,6206000000.0,21062000000.0,-7727000000.0,32655000000.0,6768000000.0,9647000000.0,6693000000.0,17.765635898628226,27.47435346151483,18.9630812703483,5.065959952885748,3.275782271858336,4.746064139941691,0.0515228179429794,0.9486692015209124,2014-11-04,1.58,bmo,27182320000.0,2025-04-25,2014-09-30,0.2658227848101265,50.45109375,7193267.109375
2014-06-30,VLO,USD,1035002,2014-08-07,2014-08-07 16:20:32,2014,Q2,34914000000.0,33659000000.0,1255000000.0,0.035945466,0,170000000.0,0.0,170000000.0,12000000.0,170000000.0,33829000000.0,0.0,98000000.0,414000000.0,1499000000.0,0.0429340666,1085000000.0,0.0310763591,-86000000.0,999000000.0,0.0286131638,343000000.0,588000000.0,0.0168413817,1.11,1.1,529000000,534000000,https://www.sec.gov/Archives/edgar/data/1035002/000103500214000052/0001035002-14-000052-index.htm,https://www.sec.gov/Archives/edgar/data/1035002/000103500214000052/vloform10-qx6302014.htm,66.0,1.111531190926276,2.143667296786389,1.0737240075614367,6.578449905482041,39.168241965973536,39.168241965973536,38.20604914933838,12.255198487712663,26502900000.0,29407900000.0,11.268239795918369,0.759090909090909,23.37116402116402,46.660035211267605,1.3113106724061154,1.3113106724061154,0.842295354299135,19.618345563709138,25.932892416225748,51.77447183098592,0.0221862513158937,0.0214316169173939,0.3159170748602246,0.1358134983940612,1.9379586390927288,1.4732891479677397,11.071428571428571,1.912310286677909,0.0051315139097985,0.2312925170068027,0.004869106948502,0.0,0.0,0.4991181657848324,0.0162112619579538,1.3671497584541064,0.0,30.91136270871793,0.0203035670819433,0.0125071788654202,-27.39508506616257,5927000000.0,20720000000.0,-7843000000.0,32049000000.0,7263500000.0,9486000000.0,6816000000.0,17.384430314487027,25.014112124543217,17.449716272022343,5.177046263345196,3.5979690005344733,5.157676984370212,0.0290930681312156,1.0699432892249527,2014-07-30,1.21,bmo,34627819672.0,2025-04-25,2014-06-30,0.0082644628099173,55.12952380952381,7263725.111111111
2014-03-31,VLO,USD,1035002,2014-05-08,2014-05-08 16:40:54,2014,Q1,33663000000.0,32153000000.0,1510000000.0,0.0448563705,0,160000000.0,0.0,160000000.0,15000000.0,160000000.0,32313000000.0,0.0,100000000.0,421000000.0,1772000000.0,0.0526393964,1350000000.0,0.0401033776,-85000000.0,1265000000.0,0.0375783501,429000000.0,828000000.0,0.0245967383,1.55,1.54,531000000,536000000,https://www.sec.gov/Archives/edgar/data/1035002/000103500214000036/0001035002-14-000036-index.htm,https://www.sec.gov/Archives/edgar/data/1035002/000103500214000036/vloform10-qx3312014.htm,63.3954802259887,1.5593220338983051,0.4595103578154426,-0.2711864406779661,6.868173258003766,38.433145009416194,38.433145009416194,37.50470809792843,12.54990583804143,28196100000.0,31113100000.0,8.513315217391304,0.8375991444612779,115.5577868852459,-195.80625,1.415822244539292,1.415822244539292,0.9242521462733564,17.55818284424379,127.51270491803278,-216.06319444444443,0.0293657633502505,-0.0051070892783044,0.3296008034145117,0.1393660162636149,1.6461625282167045,1.4722265201918614,13.5,0.291866028708134,0.0047524303006444,0.1618357487922705,0.0047529929002168,0.0,0.0,1.5901639344262295,0.0115260077830258,0.9216152019002376,0.0,36.274552354516246,0.0255805806991277,0.0175799910826132,-25.71327683615819,6104000000.0,20408000000.0,-7661000000.0,31870000000.0,8159500000.0,9774000000.0,6432000000.0,20.80830585509313,26.919105526700463,19.89052343482723,4.325195939868945,3.343350317146719,4.524767801857585,0.0415767009791614,0.7306967984934086,2014-04-29,1.38,bmo,30165545454.0,2025-04-25,2014-03-31,0.1159420289855073,51.20049180327869,8496726.37704918
2013-12-31,VLO,USD,1035002,2014-02-27,2014-02-27 15:12:04,2013,Q4,34429000000.0,32688000000.0,1741000000.0,0.0505678353,0,179000000.0,0.0,179000000.0,17000000.0,179000000.0,32867000000.0,0.0,102000000.0,437000000.0,1999000000.0,0.0580615179,1562000000.0,0.0453687298,240000000.0,1802000000.0,0.0523395974,515000000.0,1288000000.0,0.0374103227,2.39,2.38,536000000,542000000,https://www.sec.gov/Archives/edgar/data/1035002/000103500214000008/0001035002-14-000008-index.htm,https://www.sec.gov/Archives/edgar/data/1035002/000103500214000008/vloform10-kx12312013.htm,64.23320895522389,2.4029850746268657,4.718283582089552,3.914179104477612,8.007462686567164,37.21268656716418,36.92164179104478,36.30597014925373,12.436567164179104,27014400000.0,29286400000.0,5.243478260869565,0.7846408550930901,10.681850533807827,12.87626310772164,1.3882014388489208,1.3882014388489208,0.8506317348746696,14.650525262631316,11.580229339659944,13.959199237368924,0.0476782752902155,0.0776622838190002,0.3373072970195272,0.1388912399492171,1.136568284142071,1.468947649165587,15.31372549019608,1.965034965034965,0.0044420753375977,0.093167701863354,0.0051991054053269,0.0,0.003300888700804,0.1704230921312771,0.0125185163670161,0.9862700228832952,0.0009584942926021,44.305314001159815,0.0323922896355965,0.02734375,-25.636194029850746,6154000000.0,19790000000.0,-8037000000.0,32017000000.0,8148500000.0,10464500000.0,6410500000.0,22.313747131778445,27.34306167400881,15.853524229074887,4.033388003748828,3.291511428859128,5.676971170545328,0.0661870503597122,0.8041044776119403,2014-01-29,1.66,bmo,32107943820.0,2025-04-25,2013-12-31,0.072289156626506,42.146875,8504911.15625
2013-09-30,VLO,USD,1035002,2013-11-05,2013-11-05 16:12:19,2013,Q3,36137000000.0,35435000000.0,702000000.0,0.019426073,0,170000000.0,0.0,170000000.0,17000000.0,170000000.0,35605000000.0,0.0,102000000.0,448000000.0,980000000.0,0.0271190193,532000000.0,0.0147217533,-85000000.0,447000000.0,0.0123695935,123000000.0,312000000.0,0.0086338102,0.58,0.57,540000000,545000000,https://www.sec.gov/Archives/edgar/data/1035002/000103500213000066/0001035002-13-000066-index.htm,https://www.sec.gov/Archives/edgar/data/1035002/000103500213000066/vloform10-qx9302013.htm,66.92037037037036,0.5777777777777777,0.4092592592592592,-0.4777777777777778,3.533333333333333,34.05,33.75370370370371,33.833333333333336,12.344444444444443,18441000000.0,23097000000.0,14.776442307692308,0.5103079945761961,83.44343891402714,-71.47674418604652,1.00935960591133,1.00935960591133,0.6391510086614827,23.56836734693877,104.51131221719456,-89.52325581395348,0.016918822189686,-0.0139905645030095,0.3592775041050903,0.1417924956256885,4.751020408163265,1.3603306994439568,5.215686274509804,0.6820987654320988,0.0066156932921208,0.391025641025641,0.0047043196723579,0.0,0.0034562460847212,2.167420814479638,0.0132551124885851,1.0691964285714286,0.0001660348119655,20.97220382633483,0.0117107245582796,0.0067630546463486,-30.825462962962963,4925000000.0,18227000000.0,-9313000000.0,30727000000.0,7651500000.0,10252500000.0,6754500000.0,19.328942634972467,27.933399181600112,17.939043318752645,4.656229867285144,3.2219494453537005,5.016989947614328,0.0170771756978653,0.8870370370370371,2013-10-29,0.41,bmo,25993280701.0,2025-04-25,2013-09-30,0.3902439024390243,35.346875,6795567.609375
2013-06-30,VLO,USD,1035002,2013-08-07,2013-08-07 09:59:35,2013,Q2,34034000000.0,32993000000.0,1041000000.0,0.03058706,0,233000000.0,0.0,233000000.0,11000000.0,233000000.0,33226000000.0,0.0,78000000.0,405000000.0,1221000000.0,0.0358758888,808000000.0,0.0237409649,-67000000.0,741000000.0,0.0217723453,276000000.0,466000000.0,0.0136921902,0.86,0.85,543000000,548000000,https://www.sec.gov/Archives/edgar/data/1035002/000103500213000060/0001035002-13-000060-index.htm,https://www.sec.gov/Archives/edgar/data/1035002/000103500213000060/vloform10-qx6302013.htm,62.67771639042357,0.858195211786372,2.3296500920810312,1.1620626151012892,4.416206261510129,33.195211786372006,32.90239410681399,33.00184162062615,12.232044198895029,18597750000.0,22763750000.0,9.977333690987123,0.5464462008579656,14.701778656126482,29.473454833597465,1.037820870535714,1.037820870535714,0.6688532056179115,18.64352989352989,17.99505928853755,36.0756735340729,0.0250567945047115,0.0339288354774099,0.3662946428571428,0.1485841048509405,3.411957411957412,1.3932696302451184,10.35897435897436,2.720430107526881,0.0058609240365097,0.2339055793991416,0.0068460950813891,0.0,0.0035991579328609,0.5011857707509881,0.0186284303931362,1.565432098765432,0.0003819709702062,25.24372209731472,0.0156278173651704,0.0105865782180017,-27.39318600368324,4733000000.0,17866000000.0,-9384000000.0,30278000000.0,7645000000.0,9664000000.0,6691500000.0,19.94417347358524,25.933682902433848,17.5837298820962,4.512596128347918,3.470390238771432,5.118367980142724,0.0260044642857142,1.167587476979742,2013-07-23,0.93,bmo,37237200000.0,2025-04-25,2013-06-30,-0.0860215053763441,38.09859375,9277704.0625
2013-03-31,VLO,USD,1035002,2013-05-08,2013-05-08 10:02:23,2013,Q1,33474000000.0,32237000000.0,1237000000.0,0.0369540539,0,176000000.0,0.0,176000000.0,14000000.0,176000000.0,32413000000.0,0.0,83000000.0,430000000.0,1505000000.0,0.0449602677,1061000000.0,0.0316962419,-69000000.0,992000000.0,0.0296349406,340000000.0,654000000.0,0.0195375515,1.18,1.18,550000000,556000000,https://www.sec.gov/Archives/edgar/data/1035002/000103500213000037/0001035002-13-000037-index.htm,https://www.sec.gov/Archives/edgar/data/1035002/000103500213000037/vloform10-qx3312013.htm,60.86181818181818,1.1890909090909092,2.8163636363636364,1.767272727272727,3.3763636363636365,33.487272727272725,33.11818181818182,33.35090909090909,12.64,22594000000.0,27606000000.0,8.636850152905197,0.6749716197645934,14.586184635248546,23.244855967078188,1.2317505315379162,1.2317505315379162,0.8246997669833304,18.34285714285714,17.821820529373788,28.40123456790123,0.0289457378064973,0.0430202708683721,0.3744752766723001,0.1509637150831849,3.3302325581395347,1.3542699724517906,12.783132530120485,2.375766871165644,0.004912808710277,0.1697247706422018,0.0052578120332198,0.0,0.0044614404079031,0.3724983860555197,0.017237258767999,1.341860465116279,0.0003584871840831,29.87119705038853,0.0210032771053434,0.0144377235198021,-28.99363636363636,4501000000.0,18215000000.0,-9877000000.0,31102000000.0,7957500000.0,9584500000.0,6455000000.0,20.83169026707295,27.41849427676273,19.36687657040047,4.320340733092411,3.282455961714693,4.647109701600115,0.0356539279289102,1.049090909090909,2013-04-30,1.0,bmo,28367796610.0,2025-04-25,2013-03-31,0.1799999999999999,38.91516666666666,11426580.366666667
2012-12-31,VLO,USD,1035002,2013-02-28,2013-02-28 14:42:22,2012,Q4,34695000000.0,32864000000.0,1831000000.0,0.052774175,0,189000000.0,0.0,189000000.0,10000000.0,189000000.0,33053000000.0,0.0,70000000.0,402000000.0,1996000000.0,0.0575299034,1584000000.0,0.0456549935,-60000000.0,1524000000.0,0.0439256377,515000000.0,1010000000.0,0.0291108229,1.83,1.82,551000000,556000000,https://www.sec.gov/Archives/edgar/data/1035002/000103500213000008/0001035002-13-000008-index.htm,https://www.sec.gov/Archives/edgar/data/1035002/000103500213000008/vlo12311210k.htm,62.96733212341198,1.8330308529945551,0.2958257713248639,-1.159709618874773,3.127041742286752,32.84029038112523,32.45372050816697,32.72595281306715,12.920145190562613,17174670000.0,22500670000.0,4.251155940594059,0.4950185905750108,105.3660736196319,-26.877417840375585,0.95245507985803,0.95245507985803,0.6485277417495316,11.272880761523046,138.04092024539878,-35.21231611893584,0.0588075345843617,-0.0372059550489179,0.390916149068323,0.1584864087056231,2.6683366733466936,1.3798306647665353,22.62857142857143,0.1615460852329038,0.0056478523313693,0.096039603960396,0.0054474708171206,0.0,0.0047889920633136,4.920245398773006,0.0231157227266176,1.9950248756218905,0.0008358553105634,36.73857410134355,0.0316510052951294,0.0228176396168443,-28.216424682395644,4531000000.0,17882000000.0,-9922000000.0,31044000000.0,7829000000.0,9317000000.0,5880000000.0,21.185473411154344,25.60004868549172,16.357412366114897,4.248193951267295,3.515618314077878,5.502092750711535,0.0560115350488021,1.455535390199637,2013-01-29,1.18,bmo,21776648936.0,2025-04-25,2012-12-31,0.5932203389830508,28.393870967741936,8769486.483870968
2012-09-30,VLO,USD,1035002,2012-11-06,2012-11-06 10:18:03,2012,Q3,34726000000.0,32898000000.0,1828000000.0,0.0526406727,0,174000000.0,0.0,174000000.0,-2000000.0,174000000.0,33072000000.0,0.0,70000000.0,402000000.0,1709000000.0,0.0492138455,1309000000.0,0.0376950988,-72000000.0,1237000000.0,0.0356217244,564000000.0,674000000.0,0.0194090883,1.22,1.21,549000000,556000000,https://www.sec.gov/Archives/edgar/data/1035002/000103500212000059/0001035002-12-000059-index.htm,https://www.sec.gov/Archives/edgar/data/1035002/000103500212000059/vlo9301210q.htm,63.25318761384335,1.2276867030965393,3.848816029143898,3.0382513661202184,4.6429872495446265,31.66848816029144,31.27504553734062,31.57012750455373,12.965391621129326,16113150000.0,20612150000.0,5.9766876854599404,0.4640082359039336,7.625721722669191,9.660161870503597,0.9296763212554812,0.9296763212554812,0.5935653400909982,12.060942071386776,9.754921911973495,12.357404076738607,0.0418291892026078,0.1035179341097178,0.4066466651280868,0.1609426379247351,2.632533645406671,1.327809974695943,18.7,3.139673105497771,0.0060199278229272,0.1439169139465875,0.0050106548407533,0.0,0.0049324077457069,0.2106010411736867,0.0128146057708921,1.1069651741293531,0.0002591718021079,29.53066337604129,0.0221680940915194,0.0154672296677069,-27.95127504553734,4016000000.0,17170000000.0,-10139000000.0,30105000000.0,7201000000.0,8642000000.0,5615000000.0,19.414559695905087,25.403975925588185,15.83166149917928,4.635696168735817,3.5427525306913634,5.68481078278901,0.0388876067389799,0.8105646630236795,2012-10-30,1.75,bmo,31984473684.0,2025-04-25,2012-09-30,0.0857142857142856,26.186190476190475,9905081.857142856
2012-06-30,VLO,USD,1035002,2012-08-08,2012-08-08 09:22:45,2012,Q2,34662000000.0,33130000000.0,1532000000.0,0.0441982575,0,171000000.0,0.0,171000000.0,-5000000.0,171000000.0,33301000000.0,0.0,74000000.0,386000000.0,1742000000.0,0.0502567653,1361000000.0,0.039264901,-79000000.0,1282000000.0,0.0369857481,452000000.0,831000000.0,0.0239743812,1.5,1.5,550000000,555000000,https://www.sec.gov/Archives/edgar/data/1035002/000103500212000052/0001035002-12-000052-index.htm,https://www.sec.gov/Archives/edgar/data/1035002/000103500212000052/vlo6301210q.htm,63.02181818181818,1.510909090909091,2.345454545454545,0.8909090909090909,2.3545454545454545,30.223636363636363,29.827272727272728,30.14,12.938181818181818,12133000000.0,17880000000.0,3.6501203369434414,0.3500375050487566,9.405426356589148,24.76122448979592,0.7319177173191771,0.7319177173191771,0.5158386705902718,10.26406429391504,13.86046511627907,36.48979591836735,0.0684908926069397,0.0403857248825517,0.4248054533389636,0.1709721278042148,3.299081515499426,1.2995925171328024,18.39189189189189,1.5542168674698795,0.006840847276024,0.0998796630565583,0.0049333564133633,0.0,0.0052928037292415,0.6201550387596899,0.023080030004039,2.0725388601036268,0.0002885003750504,32.00973289485559,0.0284497819277358,0.0202831340004881,-27.936818181818182,3235000000.0,16405000000.0,-10532000000.0,28974000000.0,7277500000.0,8969500000.0,5794000000.0,17.944434827765278,21.72713552671295,14.786296408089346,5.0154825640283605,4.142285571392848,6.086716884071285,0.0501296977740242,1.4545454545454546,2012-07-31,1.43,bmo,33044439999.0,2025-04-25,2012-06-30,0.0489510489510489,21.03,9419651.142857144
2012-03-31,VLO,USD,1035002,2012-05-08,2012-05-08 09:38:21,2012,Q1,35167000000.0,34636000000.0,531000000.0,0.0150993829,0,164000000.0,0.0,164000000.0,6000000.0,164000000.0,34800000000.0,0.0,99000000.0,384000000.0,146000000.0,0.0041516194,-244000000.0,-0.0069383229,-93000000.0,-337000000.0,-0.0095828476,95000000.0,-432000000.0,-0.0122842438,-0.78,-0.78,551000000,551000000,https://www.sec.gov/Archives/edgar/data/1035002/000103500212000032/0001035002-12-000032-index.htm,https://www.sec.gov/Archives/edgar/data/1035002/000103500212000032/vlo3311210q.htm,63.82395644283122,-0.7840290381125227,3.092558983666062,1.4882032667876588,2.82940108892922,29.02359346642468,28.611615245009077,28.96370235934664,13.978221415607983,12970540000.0,19014540000.0,-7.506099537037037,0.3688270253362527,7.611819248826291,15.817731707317073,0.8127413998370825,0.8127413998370825,0.5406926948559729,130.23657534246576,11.158767605633804,23.188463414634143,-0.0333062463089431,0.0632201897530866,0.4764082962591641,0.1783318478209879,41.397260273972606,1.210156011012542,-2.4646464646464645,-3.9444444444444446,0.0063991167676904,-0.1921296296296296,0.0046634629055648,0.0,0.0053243889853168,0.5187793427230047,0.0251372024909716,2.302083333333333,0.0002843574942417,,-0.0101880519458427,-0.0101869974296696,-29.54174228675136,2748000000.0,15765000000.0,-10818000000.0,28130000000.0,8175000000.0,9706500000.0,5884000000.0,19.56265817385617,25.83121607575933,15.967490472340918,4.600601779173208,3.4841565234885827,5.636452400325468,-0.0270693652484491,1.6043557168784028,2012-05-01,0.29,bmo,32898161290.0,2025-04-25,2012-03-31,0.0689655172413793,22.65790322580645,11857289.91935484
2011-12-31,VLO,USD,1035002,2012-02-24,2012-02-24 09:40:24,2011,Q4,34673000000.0,34377000000.0,296000000.0,0.0085369019,0,129000000.0,0.0,129000000.0,15000000.0,129000000.0,34506000000.0,0.0,89000000.0,393000000.0,575000000.0,0.0165835088,167000000.0,0.0048164278,-74000000.0,93000000.0,0.0026822023,48000000.0,45000000.0,0.0012978398,0.08,0.08,555000000,560000000,https://www.sec.gov/Archives/edgar/data/1035002/000103500212000008/0001035002-12-000008-index.htm,https://www.sec.gov/Archives/edgar/data/1035002/000103500212000008/vlo12311110k.htm,62.47387387387387,0.081081081081081,-0.5225225225225225,-1.9117117117117115,1.845045045045045,29.63063063063063,29.221621621621622,29.590990990990992,14.108108108108109,10672650000.0,17389650000.0,59.2925,0.3078086695699824,-36.802241379310345,-10.059048067860507,0.6498599525056323,0.6498599525056323,0.5015328930291582,30.24286956521739,-59.96431034482759,-16.389868049010367,0.004216384871611,-0.0994129855284301,0.4713511538695731,0.1809363532244115,11.681739130434783,1.2568460812086877,1.8764044943820224,-6.444444444444445,0.007870585093674,1.8666666666666667,0.0037204741441467,0.0,0.0053058457798658,-2.6586206896551725,0.0222363222103654,1.9618320610687023,0.0006921812361203,7.347350859032582,0.0025996156097317,0.0010574302096061,-28.78018018018018,3264000000.0,16218000000.0,-10366000000.0,28668000000.0,8110000000.0,8996000000.0,5393500000.0,22.597986906238283,24.797975390522733,14.721179858626408,3.982655639788652,3.629328547297298,6.113640405477503,0.0027400596724106,1.3891891891891892,2012-01-31,-0.19,bmo,31370809523.0,2025-04-25,2011-12-31,0.1052631578947368,20.38174603174603,11953115.634920634
2011-09-30,VLO,USD,1035002,2011-11-09,2011-11-09 10:18:02,2011,Q3,33713000000.0,31183000000.0,2530000000.0,0.0750452348,0,139000000.0,22000000.0,161000000.0,390000000.0,551000000.0,31734000000.0,0.0,88000000.0,390000000.0,2370000000.0,0.0702992911,1979000000.0,0.0587013912,-87000000.0,1892000000.0,0.0561207843,689000000.0,1203000000.0,0.0356835642,2.12,2.11,564000000,569000000,https://www.sec.gov/Archives/edgar/data/1035002/000103500211000064/0001035002-11-000064-index.htm,https://www.sec.gov/Archives/edgar/data/1035002/000103500211000064/vlo9301110q.htm,59.77482269503546,2.132978723404255,2.436170212765957,1.3457446808510638,5.01595744680851,29.55673758865248,29.111702127659573,29.52836879432624,13.71631205673759,9159360000.0,13978360000.0,1.903441396508728,0.2716862931213478,6.6662008733624445,12.067667984189724,0.5499795844842079,0.5499795844842079,0.4146281849731557,5.898042194092827,10.173478893740905,18.416811594202898,0.1313410543968137,0.0828660517765433,0.4592290140506785,0.1834800758102823,2.033333333333333,1.3583839767183086,22.488636363636363,1.14214463840399,0.0030569821472242,0.0232751454696591,0.0041230385904547,0.0,0.0060216395173092,0.4475982532751091,0.0182422211016521,1.5769230769230769,0.0003262836294604,37.644735401387415,0.040765790432402,0.0290355280942266,-24.763297872340427,4187000000.0,16419000000.0,-9143000000.0,28657000000.0,6829500000.0,8081000000.0,4576000000.0,20.059324296265537,24.590321649616776,14.904274765096366,4.486691509182859,3.659976525821597,6.03853601859024,0.0722348985228773,1.0904255319148937,2011-11-01,1.94,bmo,30996786729.0,2025-04-25,2011-09-30,0.0876288659793814,20.44734375,12563532.25
2011-06-30,VLO,USD,1035002,2011-08-09,2011-08-09 08:46:56,2011,Q2,31293000000.0,29466000000.0,1827000000.0,0.0583836641,0,151000000.0,0.0,151000000.0,386000000.0,537000000.0,30003000000.0,0.0,107000000.0,386000000.0,1686000000.0,0.0538778641,1290000000.0,0.0412232768,-97000000.0,1193000000.0,0.038123542,449000000.0,744000000.0,0.0237752852,1.31,1.3,567000000,574000000,https://www.sec.gov/Archives/edgar/data/1035002/000103500211000057/0001035002-11-000057-index.htm,https://www.sec.gov/Archives/edgar/data/1035002/000103500211000057/vlo6301110q.htm,55.19047619047619,1.312169312169312,1.5802469135802468,1.1710758377425043,7.243386243386244,28.20458553791887,27.81305114638448,28.18694885361552,13.6331569664903,13245120000.0,16761120000.0,4.450645161290323,0.4232614322691976,14.7825,19.94746987951807,0.8287523463896884,0.8287523463896884,0.535618828491995,9.94135231316726,18.70660714285714,25.24265060240964,0.0561716315140972,0.0501316711362373,0.47697409585784,0.1928603956889136,2.0854092526690398,1.4355390479913988,12.05607476635514,1.205921938088829,0.0021894856369742,0.0389784946236559,0.0048253603042213,0.0,0.0056165561908617,0.2589285714285714,0.0074137986131083,0.6010362694300518,0.0003515163135525,28.84763610785996,0.0266777051036204,0.018929371056381,-22.617724867724867,4456000000.0,15770000000.0,-8847000000.0,27884000000.0,6159500000.0,8147500000.0,4163000000.0,17.673281564567155,23.341478313989004,12.180818570555894,5.092432872253865,3.8557969118031927,7.388665997993982,0.046552371417845,0.4091710758377425,2011-07-26,1.44,bmo,34663015384.0,2025-04-25,2011-06-30,-0.0972222222222221,24.357936507936508,11233609.0
2011-03-31,VLO,USD,1035002,2011-05-09,2011-05-09 16:53:31,2011,Q1,26308000000.0,25569000000.0,739000000.0,0.0280903147,0,130000000.0,0.0,130000000.0,365000000.0,495000000.0,26064000000.0,0.0,117000000.0,365000000.0,626000000.0,0.0237950433,244000000.0,0.0092747453,-100000000.0,144000000.0,0.0054736202,40000000.0,98000000.0,0.0037251026,0.17,0.17,566000000,573000000,https://www.sec.gov/Archives/edgar/data/1035002/000103500211000035/0001035002-11-000035-index.htm,https://www.sec.gov/Archives/edgar/data/1035002/000103500211000035/vlo3311110q.htm,46.48056537102474,0.1731448763250883,3.636042402826855,2.333922261484099,7.302120141342755,26.897526501766784,26.5,26.897526501766784,14.03886925795053,15417840000.0,19113840000.0,39.33122448979592,0.5860513912117987,7.491661807580174,11.671339894019685,1.0127325275880188,1.0127325275880188,0.7265409761289342,30.53329073482428,9.287580174927111,14.469220287660862,0.0063562729928446,0.0856799655464059,0.514253809774041,0.1977419680743584,5.904153354632588,1.446857582164136,2.0854700854700856,21.0,0.0018160779979556,0.2857142857142857,0.0049414626729511,0.0,0.0056829662558092,0.358114674441205,0.0280142922305002,2.0191780821917806,0.0004561350159647,10.236517974437492,0.0059740396712394,0.0024893946706632,-23.73763250883392,4650000000.0,14999000000.0,-9312000000.0,27770000000.0,5550000000.0,7547000000.0,4642500000.0,21.121331914246618,30.457585357268567,15.269271383315736,4.261094914156138,2.954928926383913,5.894190871369295,0.006437204414083,1.302120141342756,2011-04-26,0.3,bmo,43846666666.0,2025-04-25,2011-03-31,-0.4,24.62741935483871,13206441.596774194
2010-12-31,VLO,USD,1035002,2011-02-25,2011-02-25 10:32:13,2010,Q4,18605000000.0,18268000000.0,337000000.0,0.0181134104,0,164000000.0,-552000000.0,-388000000.0,309000000.0,-79000000.0,18189000000.0,0.0,122000000.0,377000000.0,869000000.0,0.0467078742,416000000.0,0.0223595808,-46000000.0,370000000.0,0.0198871271,168000000.0,-438000000.0,-0.0235420586,-0.77,-0.76,566000000,573000000,https://www.sec.gov/Archives/edgar/data/1035002/000103500211000013/0001035002-11-000013-index.htm,https://www.sec.gov/Archives/edgar/data/1035002/000103500211000013/vlo12311010k.htm,32.871024734982335,-0.773851590106007,0.7473498233215548,0.5812720848056537,5.890459363957597,26.54593639575972,26.15017667844523,26.54593639575972,14.945229681978798,11953920000.0,16956920000.0,-6.823013698630138,0.6425111529158828,28.25985815602837,36.334103343465046,0.795601996672213,0.795601996672213,0.9114173609244828,19.5131415420023,40.08728132387707,51.54079027355623,-0.0366407002891101,0.0275223525002676,0.5548752079866889,0.2216049546795672,5.757192174913694,1.5389344262295082,3.4098360655737703,-0.9657534246575342,0.0024259824392333,-0.0662100456621004,0.0088148347218489,0.0,0.0059541213683846,0.2222222222222222,0.0050524052674012,0.2493368700265252,0.0011824778285407,,0.0076574905935302,-0.0117121694253549,-23.13427561837456,4734000000.0,14801000000.0,-9078000000.0,27627000000.0,4633000000.0,6268500000.0,4875500000.0,23.829078204783663,31.73253777096562,24.372126122180862,3.7768980917580186,2.8362055581431456,3.692743076612088,-0.0291514143094841,0.166077738515901,2011-01-26,0.34,bmo,23549250000.0,2025-04-25,2010-12-31,-0.0588235294117647,17.9921875,7553067.140625
2010-09-30,VLO,USD,1035002,2010-11-03,2010-11-03 16:44:00,2010,Q3,22210000000.0,20936000000.0,1274000000.0,0.0573615489,0,139000000.0,192000000.0,331000000.0,372000000.0,703000000.0,21639000000.0,0.0,119000000.0,372000000.0,943000000.0,0.0424583521,571000000.0,0.02570914,-83000000.0,470000000.0,0.0211616389,178000000.0,292000000.0,0.013147231,0.52,0.51,564000000,568000000,https://www.sec.gov/Archives/edgar/data/1035002/000095012310100154/0000950123-10-100154-index.htm,https://www.sec.gov/Archives/edgar/data/1035002/000095012310100154/d76133e10vq.htm,39.37943262411348,0.5177304964539007,1.5106382978723405,0.00177304964539,4.170212765957447,27.30496453900709,26.90780141843972,27.30496453900709,14.459219858156027,9018360000.0,14702360000.0,7.721198630136987,0.406049527239982,10.584929577464788,9018.36,0.5856077922077922,0.5856077922077922,0.6619702836560108,15.591049840933191,17.256291079812208,14702.36,0.0323783925236961,0.000110884905903,0.5218181818181818,0.2155810709303573,6.0275715800636265,1.4461220017046146,4.798319327731092,2.9178082191780823,0.0031047773652859,0.0958904109589041,0.0062584421431787,0.0,0.006009228457989,0.9988262910798122,0.0383160738406123,2.2876344086021505,0.0004502476361999,17.834623322201583,0.0119904325076121,0.0078808161502752,-24.586879432624112,3664000000.0,15176000000.0,-9999000000.0,27478000000.0,4270500000.0,5976000000.0,4785500000.0,17.586672669968483,26.20557890714559,20.651509361864733,5.117511520737327,3.434383202099738,4.358034970857618,0.0189610389610389,1.5088652482269505,2010-10-26,0.48,bmo,19778823529.0,2025-04-25,2010-09-30,0.0625,15.61765625,9709498.453125
2010-06-30,VLO,USD,1035002,2010-08-06,2010-08-06 09:50:33,2010,Q2,21775000000.0,20167000000.0,1608000000.0,0.0738461538,0,131000000.0,187000000.0,318000000.0,367000000.0,685000000.0,20852000000.0,0.0,116000000.0,367000000.0,1272000000.0,0.0584156142,921000000.0,0.0422962113,-115000000.0,806000000.0,0.0370149254,276000000.0,583000000.0,0.0267738232,1.03,1.03,563000000,567000000,https://www.sec.gov/Archives/edgar/data/1035002/000095012310073857/0000950123-10-073857-index.htm,https://www.sec.gov/Archives/edgar/data/1035002/000095012310073857/d71740e10vq.htm,38.676731793960926,1.0355239786856127,1.399644760213144,0.6838365896980462,3.5541740674955595,26.733570159857905,26.337477797513323,26.733570159857905,14.47602131438721,9244460000.000002,15277460000.000002,3.96417667238422,0.4245446613088405,11.731548223350256,24.01158441558442,0.614209022656302,0.614209022656302,0.7016055109070035,12.010581761006293,19.38763959390863,39.68171428571429,0.0630647977275038,0.0416465645370308,0.5337851305561092,0.2202483756887902,4.742924528301887,1.433914581753854,7.939655172413793,1.3516295025728988,0.0031370139521399,0.0497427101200686,0.00601607347876,0.0,0.0061134413466019,0.5114213197969543,0.0185074626865671,1.098092643051771,0.000459242250287,24.957427573152607,0.0208217131057739,0.0160809841672643,-24.67273534635879,3434000000.0,14828000000.0,-10078000000.0,27020000000.0,4103000000.0,5921000000.0,4745500000.0,17.36349024110218,26.133782912679127,21.273863241929885,5.183289692930255,3.443818306010929,4.230543318649046,0.0387349677762274,0.7158081705150977,2010-07-27,0.71,bmo,15697107526.0,2025-04-25,2010-06-30,0.3098591549295776,17.32111111111111,13201816.174603175
2010-03-31,VLO,USD,1035002,2010-05-07,2010-05-07 14:03:48,2010,Q1,19643000000.0,19048000000.0,595000000.0,0.0302906888,0,97000000.0,173000000.0,270000000.0,357000000.0,627000000.0,19675000000.0,0.0,127000000.0,357000000.0,325000000.0,0.0165453342,-32000000.0,-0.0016290791,-80000000.0,-148000000.0,-0.0075344907,-47000000.0,-113000000.0,-0.0057526854,-0.2,-0.2,562000000,562000000,https://www.sec.gov/Archives/edgar/data/1035002/000095012310046222/0000950123-10-046222-index.htm,https://www.sec.gov/Archives/edgar/data/1035002/000095012310046222/d71712e10vq.htm,34.95195729537367,-0.2010676156583629,1.7473309608540926,1.0676156583629892,3.357651245551601,26.09608540925267,25.693950177935942,26.09608540925267,15.088967971530248,10116000000.0,16582000000.0,-22.38053097345133,0.5149926182355038,10.30142566191446,16.86,0.6897586253920632,0.6897586253920632,0.8441684060479561,51.02153846153846,16.885947046843178,27.636666666666667,-0.0111704230921312,0.059311981020166,0.5695486158461748,0.2290689702454408,19.89538461538461,1.3983940704138358,-0.2519685039370078,-8.690265486725664,0.0027678924476077,-0.247787610619469,0.0049381459043934,0.0,0.0061977238447826,0.3890020366598778,0.0194471312935905,1.0700280112044818,0.0006109046479661,,-0.0007528990807735,-0.0031181875879577,-25.88300711743772,3225000000.0,14440000000.0,-10479000000.0,26786000000.0,4335500000.0,5905500000.0,4793500000.0,18.350048363284632,28.283284334313315,22.32045359092818,4.904619225967541,3.1820915469428668,4.032176121930568,-0.0077048956770762,0.6797153024911032,2010-04-27,-0.3,bmo,30821666666.0,2025-04-25,2010-03-31,-0.4,17.23688524590164,12457778.918032788
2009-12-31,VLO,USD,1035002,2010-02-26,2010-02-26 15:55:06,2009,Q4,16906000000.0,16217000000.0,689000000.0,0.0407547616,0,137000000.0,180000000.0,317000000.0,272000000.0,589000000.0,16806000000.0,0.0,117000000.0,371000000.0,849000000.0,0.0502188572,445000000.0,0.0263220159,-84000000.0,361000000.0,0.0213533657,139000000.0,-1408000000.0,-0.0832840412,-2.51,-2.51,562000000,562000000,https://www.sec.gov/Archives/edgar/data/1035002/000095012310018097/0000950123-10-018097-index.htm,https://www.sec.gov/Archives/edgar/data/1035002/000095012310018097/d70408e10vk.htm,30.081850533807827,-2.505338078291815,-0.2081850533807829,-1.1103202846975089,1.4679715302491103,26.201067615658364,25.797153024911037,26.201067615658364,13.375444839857652,8598600000.0,15173600000.0,-1.526740056818182,0.5086123269845025,-73.49230769230769,-13.779807692307692,0.5839456706281834,0.5839456706281834,0.8975275050278008,17.872320376914015,-129.6888888888889,-24.316666666666663,-0.1637475868164584,-0.0725699532482032,0.5025466893039049,0.2076959779954531,7.744405182567727,1.4007437804565273,3.8034188034188032,0.0830965909090909,0.0098853301700276,-0.0603693181818181,0.0081036318466816,0.0,0.0063712144601307,-4.333333333333333,0.0299893528924642,1.366576819407008,0.001833668520052,,0.009749768764974,-0.0397717643071013,-25.17437722419929,3125000000.0,14498000000.0,-9981000000.0,26364000000.0,4335000000.0,5790500000.0,4719500000.0,24.839701880989,32.3271875192699,26.988345563297777,3.6232318902700382,2.7840343347639487,3.334772774007814,-0.0956196943972835,0.902135231316726,2010-01-27,-0.49,bmo,31296999999.0,2025-04-25,2009-12-31,-0.4285714285714285,16.15328125,11753006.203125
2009-09-30,VLO,USD,1035002,2009-11-05,2009-11-05 17:03:36,2009,Q3,19489000000.0,19027000000.0,462000000.0,0.0237056801,0,167000000.0,182000000.0,349000000.0,389000000.0,738000000.0,19765000000.0,0.0,130000000.0,389000000.0,159000000.0,0.0081584484,-693000000.0,-0.0355585202,-576000000.0,-814000000.0,-0.0417671507,-185000000.0,-629000000.0,-0.0322746165,-1.12,-1.12,561000000,561000000,https://www.sec.gov/Archives/edgar/data/1035002/000095012309058514/0000950123-09-058514-index.htm,https://www.sec.gov/Archives/edgar/data/1035002/000095012309058514/d68789e10vq.htm,34.7397504456328,-1.121212121212121,0.9500891265597148,0.1140819964349376,2.86096256684492,28.324420677361857,27.91622103386809,28.324420677361857,13.37789661319073,9935310000.0,15705310000.0,-3.948851351351352,0.5097906511365385,18.6403564727955,155.23921875,0.6252555066079295,0.6252555066079295,0.8058550977474472,98.77553459119495,29.465872420262663,245.39546875,-0.0633095494755573,0.0064416711708039,0.4641283826305852,0.2003803831001222,36.28930817610063,1.4006703622534484,-5.330769230769231,-0.8473767885532592,0.0084546934116801,-0.1335453100158982,0.008568936323054,0.0,0.0062219807091427,0.8799249530956847,0.0240648570988762,1.205655526992288,0.0006157319513571,,-0.0183008099518129,-0.0171970691163604,-24.989304812834224,3108000000.0,15661000000.0,-10050000000.0,27568000000.0,4124000000.0,5798000000.0,4568500000.0,18.49043049925599,27.226572765018133,21.64503074578231,4.867382617382617,3.305594162612925,4.157998251748252,-0.0395846444304594,0.8360071301247772,2009-10-27,-0.33,bmo,13547769230.0,2025-04-25,2009-09-30,0.1818181818181818,16.66859375,13004033.46875
2009-06-30,VLO,USD,1035002,2009-08-07,2009-08-07 13:15:54,2009,Q2,17925000000.0,17558000000.0,367000000.0,0.020474198,0,124000000.0,171000000.0,295000000.0,389000000.0,684000000.0,18242000000.0,0.0,82000000.0,389000000.0,174000000.0,0.009707113,-317000000.0,-0.0176847978,18000000.0,-423000000.0,-0.0235983264,-169000000.0,-254000000.0,-0.0141701534,-0.48,-0.48,525000000,525000000,https://www.sec.gov/Archives/edgar/data/1035002/000095012309031901/0000950123-09-031901-index.htm,https://www.sec.gov/Archives/edgar/data/1035002/000095012309031901/d68560e10vq.htm,34.142857142857146,-0.4838095238095238,1.1923809523809523,0.019047619047619,3.091428571428572,31.251428571428573,30.83047619047619,31.251428571428573,14.19047619047619,8100750000.0,13845750000.0,-7.973179133858268,0.4519246861924686,12.940495207667732,810.075,0.4937374291460961,0.4937374291460961,0.7724267782426778,79.57327586206897,22.117811501597444,1384.575,-0.0313551214393729,0.0012344535999753,0.4490766136405193,0.1979527685983718,33.01724137931034,1.5255324959038776,-3.8658536585365857,-2.4645669291338583,0.0096287380798074,-0.3070866141732283,0.0069177126917712,0.0,0.005937508395798,0.9840255591054312,0.0343654114365411,1.583547557840617,0.0006136680613668,,-0.006337813204924,-0.0068648648648648,-26.14761904761905,3849000000.0,16186000000.0,-9641000000.0,28354000000.0,3743000000.0,5189500000.0,4615000000.0,21.308786610878663,29.93507233170065,23.37908645631621,4.223609802073516,3.0065068493150684,3.8495943871957903,-0.0154811970500396,1.1733333333333331,2009-07-28,-0.5,bmo,18100000000.0,2025-04-25,2009-06-30,-0.04,18.13095238095238,14424310.349206349
2009-03-31,VLO,USD,1035002,2009-05-07,2009-05-07 15:52:42,2009,Q1,13824000000.0,12625000000.0,1199000000.0,0.0867332176,0,145000000.0,169000000.0,314000000.0,378000000.0,692000000.0,13317000000.0,0.0,79000000.0,378000000.0,970000000.0,0.0701678241,507000000.0,0.0366753472,5000000.0,427000000.0,0.0308883102,118000000.0,309000000.0,0.0223524306,0.6,0.59,514000000,519000000,https://www.sec.gov/Archives/edgar/data/1035002/000095013409009899/0000950134-09-009899-index.htm,https://www.sec.gov/Archives/edgar/data/1035002/000095013409009899/d67545e10vq.htm,26.89494163424125,0.6011673151750972,1.519455252918288,0.0894941634241245,3.336575875486381,30.745136186770427,30.330739299610897,30.745136186770427,14.892996108949417,8403900000.000001,14264900000.0,6.799271844660195,0.6079210069444445,10.76043533930858,182.6934782608696,0.5317914320065811,0.5317914320065811,1.0318938078703703,14.706082474226804,18.26491677336748,310.1065217391304,0.0367686431299753,0.0054736491390901,0.4794026450673923,0.2117620751341681,6.042268041237113,1.678371011704345,6.417721518987341,2.527508090614887,0.0091624126893466,0.2491909385113268,0.0104890046296296,0.0,0.0059537119856887,0.941101152368758,0.0531684027777777,1.9444444444444444,0.0008680555555555,20.392813610733167,0.0122907866290162,0.0086888057812895,-26.249027237354085,4231000000.0,15590000000.0,-9505000000.0,27976000000.0,3167000000.0,4431000000.0,4653000000.0,21.10677083333333,32.35722772277227,33.2839603960396,4.264034546576188,2.781449658515092,2.704005140287,0.0195532493830285,1.4299610894941637,2009-04-28,0.5,bmo,11294915254.0,2025-04-25,2009-03-31,0.1799999999999999,19.345573770491804,14095040.409836063
2008-12-31,VLO,USD,1035002,2009-02-27,2009-02-27 13:06:11,2008,Q4,18569000000.0,16710000000.0,1859000000.0,0.1001130917,0,559000000.0,768000000.0,327000000.0,4439000000.0,4766000000.0,21476000000.0,0.0,0.0,370000000.0,-2537000000.0,-0.1366255587,-2907000000.0,-0.1565512413,-37000000.0,-2944000000.0,-0.1585438096,334000000.0,-3278000000.0,-0.1765307771,-6.38,-6.32,514000000,519000000,https://www.sec.gov/Archives/edgar/data/1035002/000095013409003971/0000950134-09-003971-index.htm,https://www.sec.gov/Archives/edgar/data/1035002/000095013409003971/d66469e10vk.htm,36.12645914396887,-6.377431906614786,-0.943579766536965,-2.7704280155642023,1.828793774319066,30.38910505836576,29.95330739299611,30.38910505836576,12.793774319066149,10161780000.0,15797780000.0,-0.7749984746796826,0.5472443319511013,-20.952123711340207,-7.136081460674157,0.650562099871959,0.650562099871959,0.850760945662125,-6.226953094205755,-32.57274226804124,-11.093946629213484,-0.3225812800513296,-0.1401329294670815,0.4209987195902689,0.1910683673765871,-2.221521482065432,1.5219842164599775,0.0,0.1479560707748627,0.0076758205747418,-0.0237949969493593,0.0301039366686412,0.0,0.0065084115408083,-1.936082474226804,0.0505681512197748,2.537837837837838,0.0031773385750444,,-0.113492367103177,-0.0958675752346971,-25.71887159533074,3241000000.0,15396000000.0,-9347000000.0,26678000000.0,4836500000.0,7122000000.0,4748000000.0,14.986267434972266,23.283662477558348,24.974865350089768,6.005498059508409,3.865371269951422,3.6036230321328446,-0.2098591549295774,1.8268482490272373,2009-01-27,0.89,bmo,15870480000.0,2025-04-25,2008-12-31,0.1235955056179775,17.8509375,16042329.875
2008-09-30,VLO,USD,1035002,2008-11-07,2008-11-07 11:08:12,2008,Q3,35960000000.0,33685000000.0,2275000000.0,0.0632647386,0,169000000.0,201000000.0,370000000.0,65000000.0,435000000.0,34120000000.0,0.0,0.0,370000000.0,2210000000.0,0.0614571746,1840000000.0,0.0511679644,-45000000.0,1795000000.0,0.049916574,643000000.0,1152000000.0,0.0320355951,2.21,2.18,522000000,529000000,https://www.sec.gov/Archives/edgar/data/1035002/000095013408019808/0000950134-08-019808-index.htm,https://www.sec.gov/Archives/edgar/data/1035002/000095013408019808/d64946e10vq.htm,68.88888888888889,2.206896551724138,3.2088122605363987,1.9195402298850577,5.300766283524904,37.76628352490422,29.511494252873565,37.76628352490422,12.404214559386974,14448960000.0,18156960000.0,3.135625,0.4018064516129032,8.626244776119403,14.42011976047904,0.7329288830272902,0.7329288830272902,0.5049210233592881,8.215819004524887,10.839976119402984,18.12071856287425,0.0797289216663344,0.0693475516576971,0.3284467890838998,0.1478074280366151,1.6778280542986426,1.25964316057774,0.0,1.4539930555555556,0.0053983124044913,0.0677083333333333,0.0046996662958843,0.0,0.0983632752756408,0.4017910447761194,0.0187152391546162,1.818918918918919,0.0,43.30463393053119,0.0366187119462052,0.0291660337232264,-26.744731800766285,3056000000.0,15405000000.0,-9267000000.0,30108000000.0,7151000000.0,10442000000.0,4881500000.0,16.47080088987764,26.507050616001187,12.982336351491762,5.464215164868561,3.3953230521116824,6.932496398435892,0.0584356295018768,1.289272030651341,2008-10-28,1.54,bmo,25434010752.0,2025-04-25,2008-09-30,0.2077922077922078,30.72546875,14511460.3125
2008-06-30,VLO,USD,1035002,2008-08-08,2008-08-08 10:51:32,2008,Q2,36640000000.0,34806000000.0,1834000000.0,0.0500545852,0,117000000.0,190000000.0,307000000.0,369000000.0,676000000.0,35482000000.0,0.0,0.0,369000000.0,1527000000.0,0.0416757642,1158000000.0,0.0316048035,-68000000.0,1090000000.0,0.0297489083,356000000.0,734000000.0,0.0200327511,1.4,1.37,526000000,534000000,https://www.sec.gov/Archives/edgar/data/1035002/000095013408014673/0000950134-08-014673-index.htm,https://www.sec.gov/Archives/edgar/data/1035002/000095013408014673/d59107e10vq.htm,69.65779467680608,1.3954372623574145,2.2319391634980987,1.0133079847908746,3.1254752851711025,35.51330798479088,27.325095057034225,35.51330798479088,12.309885931558936,19788120000.0,24619120000.0,6.739822888283378,0.5400687772925764,16.855298126064735,37.1259287054409,1.0593211991434688,1.0593211991434688,0.6719192139737992,16.122540929927965,20.97028960817717,46.18971857410882,0.0370929628484161,0.0269353531310705,0.346627408993576,0.148318673263698,3.163719711853308,1.1871108343711083,0.0,1.5994550408719346,0.0039922943665189,0.1076294277929155,0.003193231441048,0.0,0.098657687374015,0.5459965928449745,0.0174945414847161,1.7371273712737128,0.0,33.3919653301498,0.0251383244902667,0.0186535871305496,-28.686787072243344,2404000000.0,14373000000.0,-9724000000.0,28986000000.0,6865000000.0,9799000000.0,4773500000.0,18.9653384279476,28.34769867264265,12.680572315118084,4.745499287657039,3.174860895740217,7.09747145187602,0.0392933618843683,1.2186311787072244,2008-07-29,1.33,bmo,35570218978.0,2025-04-25,2008-06-30,0.0300751879699248,44.01234375,11879939.671875
2008-03-31,VLO,USD,1035002,2008-05-09,2008-05-09 13:00:06,2008,Q1,27945000000.0,26783000000.0,1162000000.0,0.0415816783,0,135000000.0,188000000.0,323000000.0,367000000.0,690000000.0,27473000000.0,0.0,0.0,367000000.0,839000000.0,0.03002326,472000000.0,0.0168903203,-77000000.0,395000000.0,0.0141349079,134000000.0,261000000.0,0.0093397746,0.49,0.48,532000000,541000000,https://www.sec.gov/Archives/edgar/data/1035002/000095013408009050/0000950134-08-009050-index.htm,https://www.sec.gov/Archives/edgar/data/1035002/000095013408009050/d56597e10vq.htm,52.528195488721806,0.4906015037593985,1.1804511278195489,0.1710526315789473,2.6898496240601504,34.27067669172932,26.12218045112781,34.27067669172932,12.169172932330827,23865520000.0,28908520000.0,22.85969348659004,0.8540175344426553,38.0024203821656,262.2584615384615,1.3089907854322071,1.3089907854322071,1.0344791554839865,34.455923718712754,46.03267515923567,317.67604395604394,0.0109362796201381,0.0038130323579792,0.3550899517332163,0.1591875875974329,6.01072705601907,1.2320567096583637,0.0,2.4061302681992336,0.0026816930869304,0.2452107279693486,0.0048309178743961,0.0,0.1065922447072709,0.8550955414012739,0.0192163177670424,1.4632152588555858,0.0004294149221685,19.449884940426458,0.010220497493451,0.0071833544338635,-26.64990601503759,2357000000.0,13897000000.0,-9923000000.0,28676000000.0,6850000000.0,9115500000.0,4413500000.0,19.35265700483092,29.01654034275473,15.602061008848896,4.650524213679481,3.101679212507238,5.768468662502692,0.0143154892496709,1.0093984962406015,2008-04-29,0.29,bmo,22511250000.0,2025-04-25,2008-03-31,0.2413793103448276,51.54983606557377,11206716.114754098
2007-12-31,VLO,USD,1035002,2008-02-29,2008-02-29 10:30:03,2007,Q4,29277000000.0,27076000000.0,2201000000.0,0.0751784677,0,638000000.0,750000000.0,353000000.0,964000000.0,1317000000.0,28393000000.0,0.0,0.0,357000000.0,1232000000.0,0.0420808143,884000000.0,0.0301943505,-85000000.0,799000000.0,0.0272910476,232000000.0,1173000000.0,0.0400655805,2.2,2.17,532000000,541000000,https://www.sec.gov/Archives/edgar/data/1035002/000095013408003802/0000950134-08-003802-index.htm,https://www.sec.gov/Archives/edgar/data/1035002/000095013408003802/d54294e10vk.htm,55.03195488721804,2.204887218045113,2.3533834586466167,1.0244360902255638,4.631578947368421,34.787593984962406,26.60902255639098,34.787593984962406,12.898496240601505,34032040000.0,38430040000.0,7.253205456095481,1.1624155480411245,27.18214057507987,62.44411009174312,1.8388739395904248,1.8388739395904248,1.3126358574990606,31.193214285714287,30.694920127795527,70.51383486238532,0.0344675194316884,0.0160143206225662,0.3707786243043173,0.1606198211694209,3.5698051948051948,1.241564545912372,0.0,2.208112874779541,0.00193934891943,0.0562659846547314,0.0217918502578816,0.0,0.1018444829361921,0.5646964856230032,0.024148649110223,1.9803921568627447,0.0034156505106397,41.54288422569743,0.0201063829787234,0.0305699616898178,-26.110432330827063,2878000000.0,14156000000.0,-9423000000.0,28938000000.0,7077000000.0,8870500000.0,4400000000.0,23.642791269597296,31.89688284827892,13.907519574530951,3.806657131712391,2.821592330137557,6.47131931166348,0.0633814232452585,1.3289473684210529,2008-01-29,0.63,bmo,17708558823.0,2025-04-25,2007-12-31,0.6190476190476191,62.71203125,8361748.71875
2007-09-30,VLO,USD,1035002,2007-11-07,2007-11-07 17:18:33,2007,Q3,23492000000.0,21846000000.0,1646000000.0,0.0700664056,0,136000000.0,185000000.0,342000000.0,136000000.0,478000000.0,22324000000.0,0.0,0.0,344000000.0,1512000000.0,0.0643623361,1168000000.0,0.0497190533,22000000.0,1190000000.0,0.0506555423,342000000.0,1067000000.0,0.0454197174,2.31,2.09,551000000,564000000,https://www.sec.gov/Archives/edgar/data/1035002/000095013407023179/0000950134-07-023179-index.htm,https://www.sec.gov/Archives/edgar/data/1035002/000095013407023179/d51166e10vq.htm,42.63520871143376,1.9364791288566243,-0.6261343012704175,-1.5535390199637025,5.642468239564428,34.42468239564428,26.513611615245008,34.42468239564428,12.548094373865698,33941600000.0,37746600000.0,7.952577319587629,1.4448152562574494,-98.38144927536231,-39.65140186915888,1.7894137494727964,1.7894137494727964,1.606785288608888,24.96468253968254,-109.41043478260868,-44.0964953271028,0.0314363494944257,-0.025219789285125,0.3645086461408688,0.1651656673275841,2.516534391534392,1.4307752392110915,0.0,-0.2708006279434851,0.0019445164635727,0.0618556701030927,0.0057892048356887,0.0,0.1041303361123719,-1.481159420289855,0.0217520858164481,1.4854651162790695,0.0,38.728675125485154,0.0262736414999094,0.0284518159031518,-22.919691470054445,4412000000.0,14609000000.0,-8239000000.0,29995000000.0,5578000000.0,7746500000.0,4597000000.0,24.760343946875533,33.55534193902774,19.01675363911013,3.634844499458456,2.6821362799263357,4.732668977469671,0.0562526360185575,0.9274047186932848,2007-11-06,1.36,bmo,23021885714.0,2025-04-25,2007-09-30,0.0294117647058822,63.34063492063492,11168212.349206349
2007-06-30,VLO,USD,1035002,2007-08-08,2007-08-08 14:37:05,2007,Q2,23999000000.0,20295000000.0,3704000000.0,0.1543397642,0,177000000.0,200000000.0,377000000.0,134000000.0,511000000.0,20806000000.0,0.0,0.0,341000000.0,3534000000.0,0.1472561357,3193000000.0,0.1330472103,-76000000.0,3117000000.0,0.1298804117,1055000000.0,2046000000.0,0.0852535522,3.99,3.89,563000000,578000000,https://www.sec.gov/Archives/edgar/data/1035002/000095013407017331/0000950134-07-017331-index.htm,https://www.sec.gov/Archives/edgar/data/1035002/000095013407017331/d48841e10vq.htm,42.62699822380107,3.634103019538189,4.378330373001776,3.5062166962699823,4.149200710479573,32.175843694493786,24.38721136767317,32.175843694493786,12.293072824156306,37985610000.0,42570610000.0,4.641447947214076,1.5827996999874996,15.409983772819473,19.242963525835865,2.096914711565001,2.096914711565001,1.773849327055294,12.046013016411996,17.270024340770792,21.56565856129686,0.0538625021422586,0.0519670475214166,0.3820590670714877,0.1715241635687732,1.2973967176004528,1.4333861595351294,0.0,1.0960426856380614,0.0017375000691051,0.032258064516129,0.007375307304471,0.0,0.1086741016109045,0.1991886409736308,0.0204591857994083,1.439882697947214,0.0,51.29261585591872,0.0682458255940934,0.0568886417350201,-25.02708703374778,4102000000.0,13730000000.0,-8668000000.0,29272000000.0,4433000000.0,7159000000.0,4706500000.0,17.599483311804658,32.58536585365854,20.301552106430155,5.113786490517793,2.7619760479041915,4.433158584534731,0.1129450731438034,0.872113676731794,2007-07-31,3.76,bmo,23393192802.0,2025-04-25,2007-06-30,0.0345744680851064,65.91285714285715,14198334.23809524
2007-03-31,VLO,USD,1035002,2007-05-09,2007-05-09 10:46:30,2007,Q1,19502000000.0,17283000000.0,2219000000.0,0.1137832017,0,145000000.0,171000000.0,316000000.0,138000000.0,454000000.0,17737000000.0,0.0,0.0,334000000.0,2099000000.0,0.1076299867,1765000000.0,0.0905035381,-54000000.0,1711000000.0,0.0877345913,567000000.0,948000000.0,0.0486103989,1.91,1.86,599000000,615000000,https://www.sec.gov/Archives/edgar/data/1035002/000095013407010813/0000950134-07-010813-index.htm,https://www.sec.gov/Archives/edgar/data/1035002/000095013407010813/d46347e10vq.htm,32.5575959933222,1.5826377295492486,3.1485809682804677,2.228714524207012,2.8313856427378963,31.26878130217028,23.75292153589315,31.26878130217028,8.257095158597663,35287090000.0,38537090000.0,9.305667194092829,1.809408778586812,18.710015906680805,26.43227715355805,1.883987720234917,1.883987720234917,1.9760583529894369,18.359737970462124,20.43323966065748,28.866734082397,0.0268653493388091,0.03783253308788,0.2640683395621996,0.1295205174535836,1.5483563601715102,1.2170688510073058,0.0,1.6486013986013983,0.0020687452549926,0.0770042194092827,0.0074351348579632,0.0,0.1178935239741273,0.292152704135737,0.0282535124602604,1.6497005988023952,0.0015383037637165,33.36856220353781,0.0400714839265354,0.0281430903963188,-20.390233722871457,1961000000.0,14228000000.0,-8462000000.0,27757000000.0,4294500000.0,6905500000.0,4632500000.0,19.25802481796739,36.29578198229474,25.17792049991321,4.673376467768991,2.4796269727403155,3.5745604963805584,0.0506139882541377,0.9198664440734556,2007-04-26,1.81,bmo,18250833333.0,2025-04-25,2007-03-31,0.0276243093922652,51.475901639344265,13516128.081967212
2006-12-31,VLO,USD,1035002,2007-02-26,2007-02-26 10:19:22,2006,Q4,19791800000.0,17662000000.0,2129800000.0,0.1076102224,0,558000000.0,758000000.0,342000000.0,307800000.0,649800000.0,18311800000.0,0.0,0.0,308000000.0,1788000000.0,0.090340444,1480000000.0,0.0747784436,161000000.0,1641000000.0,0.0829131256,527000000.0,1113800000.0,0.0562758314,1.86,1.81,599000000,615000000,https://www.sec.gov/Archives/edgar/data/1035002/000119312507039165/0001193125-07-039165-index.htm,https://www.sec.gov/Archives/edgar/data/1035002/000119312507039165/d10k.htm,33.04140233722872,1.859432387312187,2.030050083472454,0.6010016694490818,2.654424040066778,31.06010016694491,23.524207011686144,31.06010016694491,8.569282136894826,27991270000.0,31534270000.0,6.282831298258214,1.4142862195454684,23.019136513157896,77.75352777777778,1.5045025530771297,1.5045025530771297,1.5932997504016817,17.636616331096196,25.93278782894737,87.59519444444445,0.0397909776869716,0.0128611527808491,0.2758935769954313,0.1359627049505999,1.981543624161073,1.219678077533439,0.0,1.0915619389587077,0.0017148203707798,0.0430957083857065,0.0281934942754069,0.0,0.1195666569544142,0.7039473684210527,0.0432502349457856,2.779220779220779,0.0054568053436271,36.04814162450688,0.034166647912229,0.0335088299888685,-20.08514190317195,1938000000.0,14091000000.0,-8388000000.0,27550000000.0,4044000000.0,6492500000.0,4548000000.0,20.081043664547945,34.859585550900235,22.5738874419658,4.481838768115942,2.581786288554305,3.986907449209932,0.059865627519484,1.4290484140233723,2007-02-01,1.37,bmo,16228899371.0,2025-04-25,2006-12-31,0.1605839416058394,48.20095238095238,13304629.793650793
2006-09-30,VLO,USD,1035002,2006-11-09,2006-11-09 14:28:09,2006,Q3,24318800000.0,21348000000.0,2970800000.0,0.1221606329,0,136000000.0,208000000.0,344000000.0,293800000.0,637800000.0,21985800000.0,0.0,0.0,294000000.0,2555000000.0,0.1050627498,2333000000.0,0.0959340099,106000000.0,2439000000.0,0.1002927776,836000000.0,1602800000.0,0.0659078573,2.63,2.55,609000000,628000000,https://www.sec.gov/Archives/edgar/data/1035002/000119312506230085/0001193125-06-230085-index.htm,https://www.sec.gov/Archives/edgar/data/1035002/000119312506230085/d10q.htm,39.932348111658456,2.6318555008210183,2.090311986863711,0.8702791461412152,1.6896551724137931,29.623973727422005,22.11658456486043,29.25287356321839,8.431855500821017,28635180000.0,32741180000.0,4.466430621412528,1.1774914880668454,22.494249803613517,54.02864150943396,1.6073634577603144,1.6073634577603144,1.3463320558580194,12.814551859099804,25.719701492537315,61.77581132075472,0.0559731072058914,0.0185087015342665,0.2882402469828796,0.1401397303640631,1.6070450097847355,1.210775164862511,0.0,0.7941359950093575,0.0017111818399604,0.0305714998752183,0.0055923812030198,0.0,0.1247748485344686,0.5836606441476826,0.0305524943664983,2.527210884353741,0.0,41.620428452251744,0.0531613536500791,0.0499781727471156,-20.5008210180624,1694000000.0,13469000000.0,-8870000000.0,26830000000.0,3953000000.0,6523000000.0,4646000000.0,13.589486323338322,25.902192242833053,19.67116357504216,6.622766884531591,3.474609375,4.57522503214745,0.0899691271400505,1.2200328407224958,2006-10-31,2.3,bmo,22085702479.0,2025-04-25,2006-09-30,0.0521739130434783,54.94825396825397,12607792.349206349
2006-06-30,VLO,USD,1035002,2006-08-09,2006-08-09 13:48:14,2006,Q2,26780800000.0,23249000000.0,3531800000.0,0.1318780619,0,171000000.0,204000000.0,375000000.0,292800000.0,667800000.0,23916800000.0,0.0,0.0,293000000.0,3031000000.0,0.1131780977,2864000000.0,0.106942287,85000000.0,2823000000.0,0.1054113395,926000000.0,1896800000.0,0.070826861,3.1,2.98,611000000,636000000,https://www.sec.gov/Archives/edgar/data/1035002/000119312506167371/0001193125-06-167371-index.htm,https://www.sec.gov/Archives/edgar/data/1035002/000119312506167371/d10q.htm,43.83109656301146,3.104418985270049,3.409165302782324,2.078559738134206,1.5335515548281506,27.436988543371523,19.901800327332243,27.436988543371523,8.49099836333879,37124360000.0,41375360000.0,4.893025094896668,1.3862304337435776,17.822544407105138,29.231779527559056,2.214528752087807,2.214528752087807,1.5449635559804038,13.65072913229957,19.863350936149786,32.579023622047245,0.0510931366897638,0.0342093439455926,0.3094726795514197,0.1420435877778994,1.4025074232926429,1.117162622158779,0.0,1.0980495519240907,0.0013198880734913,0.0258329818641923,0.0063851714661249,0.0,0.1260541014127696,0.3903024483917426,0.030357569602103,2.7747440273037545,0.0,43.777367817004325,0.0694984539462962,0.0594235588972431,-21.8240589198036,1067000000.0,12160000000.0,-9586000000.0,25659000000.0,3674500000.0,6534500000.0,4503500000.0,14.228850519775362,26.718568540582396,17.907867005032475,6.325177137458668,3.3684439292958563,5.025724167747514,0.1131472202338344,1.330605564648118,2006-08-01,2.95,bmo,25334362416.0,2025-04-25,2006-06-30,0.0101694915254236,56.89,11326022.063492063
2006-03-31,VLO,USD,1035002,2006-05-09,2006-05-09 17:04:49,2006,Q1,20940800000.0,19008000000.0,1932800000.0,0.0922982885,0,151000000.0,189000000.0,340000000.0,259800000.0,599800000.0,19607800000.0,0.0,0.0,260000000.0,1593000000.0,0.0760715923,1333000000.0,0.0636556388,-47000000.0,1286000000.0,0.0614112164,437000000.0,848800000.0,0.040533313,1.37,1.32,619000000,644000000,https://www.sec.gov/Archives/edgar/data/1035002/000119312506105599/0001193125-06-105599-index.htm,https://www.sec.gov/Archives/edgar/data/1035002/000119312506105599/d10q.htm,33.83004846526656,1.3712439418416802,2.8109854604200324,1.5589660743134088,0.7043618739903069,24.87560581583199,16.45395799676898,24.87560581583199,8.30048465266559,33803590000.0,38505590000.0,9.95628828934967,1.6142453965464547,19.427350574712644,35.029626943005184,2.1953234186257955,2.1953234186257955,1.838783141045232,24.171745134965477,22.12964942528736,39.90216580310881,0.025109759052219,0.0285472637669549,0.3336796986621639,0.1542803951595952,2.9516635279347145,1.099005910800645,0.0,2.049469964664311,0.0011241409566262,0.0447690857681432,0.007210803789731,0.0,0.1565324445245173,0.4454022988505747,0.0370090922982885,2.980769230769231,0.0010983343520782,27.70355184680349,0.034027869901173,0.0302171591313634,-20.90831987075929,737000000.0,10185000000.0,-9724000000.0,24374000000.0,3339500000.0,5865000000.0,4210000000.0,13.387740678484109,29.19981060606061,20.74337121212121,6.722568218298555,3.0822117723366302,4.338735448527733,0.0551240420833874,1.2520193861066236,2006-04-25,1.32,bmo,19975000000.0,2025-04-25,2006-03-31,0.0,51.920967741935485,11461678.85483871
2005-12-31,VLO,USD,1035002,2006-03-01,2006-03-01 17:14:06,2005,Q4,25893800000.0,23272000000.0,2621800000.0,0.1012520372,0,458000000.0,771000000.0,365000000.0,259800000.0,624800000.0,23896800000.0,0.0,0.0,260000000.0,2257000000.0,0.0871637226,1997000000.0,0.0771227089,-9000000.0,1988000000.0,0.0767751354,641000000.0,1346800000.0,0.0520124509,2.18,2.09,619000000,644000000,https://www.sec.gov/Archives/edgar/data/1035002/000095013406004061/0000950134-06-004061-index.htm,https://www.sec.gov/Archives/edgar/data/1035002/000095013406004061/d32462e10vk.htm,41.83166397415186,2.175767366720517,3.1567043618739903,1.7932148626817448,0.7043618739903069,24.31340872374798,15.873990306946688,24.31340872374798,8.688206785137318,29179660000.0,34121660000.0,5.416479803979803,1.1268975584889047,14.93329580348004,26.287981981981986,1.9388478405315617,1.9388478405315617,1.3177540569557191,15.118147984049624,17.462466734902762,30.740234234234237,0.046155438411551,0.0380401964930365,0.3573421926910299,0.1643241261305304,2.1896322552060257,1.1329226557152636,0.0,1.4506310319227913,0.0010623838660217,0.023017523017523,0.0176876317883045,0.0,0.1596186751405524,0.4319344933469805,0.0325946751732074,3.246153846153846,0.0,34.50010476338511,0.0527626472423937,0.0489674229203025,-20.27382875605816,971000000.0,9826000000.0,-9402000000.0,24051000000.0,3558500000.0,5766000000.0,4257000000.0,12.387521337154068,21.51383636988656,15.620058439326227,7.265375982042649,4.18335430523099,5.761822233226046,0.0894883720930232,1.3634894991922455,2006-01-31,1.94,bmo,25092960824.0,2025-04-25,2005-12-31,0.0309278350515464,46.91428571428571,18418543.01587301
2005-09-30,VLO,USD,1035002,2005-11-09,2005-11-09 12:43:38,2005,Q3,23282800000.0,21410000000.0,1872800000.0,0.0804370608,0,129000000.0,201000000.0,330000000.0,231800000.0,561800000.0,21971800000.0,0.0,0.0,232000000.0,1500000000.0,0.064425241,1311000000.0,0.0563076606,-43000000.0,1268000000.0,0.0544608037,406000000.0,861800000.0,0.0370144484,1.56,1.47,551000000,587000000,https://www.sec.gov/Archives/edgar/data/1035002/000095013405020997/0000950134-05-020997-index.htm,https://www.sec.gov/Archives/edgar/data/1035002/000095013405020997/d30089e10vq.htm,42.25553539019964,1.564065335753176,3.778584392014519,2.8475499092558985,1.337568058076225,25.03448275862069,15.47005444646098,25.03448275862069,11.575317604355718,28453640000.0,34094640000.0,8.254130888837318,1.2220884086106485,13.666493756003844,18.134888463989803,2.062754820936639,2.062754820936639,1.46437026474479,22.72976,16.375907780979826,21.73017208413001,0.0302878647512233,0.0551423297687044,0.4623749456285341,0.1946054799536217,3.760666666666667,1.1408538875672969,0.0,2.4153132250580045,0.0009489119845474,0.0313297748897656,0.0055405707217344,0.0,0.1607981936901202,0.2463976945244956,0.0220334324050371,2.211206896551724,0.0,29.68164837620304,0.0355695985472037,0.0313336242001163,-24.211887477313976,1125000000.0,8524000000.0,-9868000000.0,23547000000.0,3096500000.0,5175500000.0,3781500000.0,13.734172865806515,25.091546006539,18.811303129378796,6.552997466929355,3.5868654716032835,4.784357541899442,0.0624764390314629,0.9310344827586208,2005-10-31,2.11,bmo,22432479452.0,2025-04-25,2005-09-30,0.037914691943128,43.33828125,18545293.734375
2005-06-30,VLO,USD,1035002,2005-08-09,2005-08-09 11:09:10,2005,Q2,18031800000.0,16254000000.0,1777800000.0,0.0985924866,0,91000000.0,185000000.0,276000000.0,196800000.0,472800000.0,16726800000.0,0.0,0.0,197000000.0,1502000000.0,0.0832972859,1305000000.0,0.0723721425,-64000000.0,1241000000.0,0.0688228574,394000000.0,846800000.0,0.0469614792,1.64,1.53,514000000,555000000,https://www.sec.gov/Archives/edgar/data/1035002/000110465905037630/0001104659-05-037630-index.htm,https://www.sec.gov/Archives/edgar/data/1035002/000110465905037630/a05-14204_110q.htm,35.081322957198445,1.6474708171206225,1.8793774319066148,1.027237354085603,1.8463035019455256,17.313229571984436,12.005836575875486,17.313229571984436,7.542801556420233,18570820000.0,21498820000.0,5.4826464336325,1.0298927450393194,19.224451345755696,35.172007575757576,2.086843465557928,2.086843465557928,1.1922725407335928,14.3134620505992,22.25550724637681,40.71746212121212,0.0455984173019823,0.0284317009157377,0.4356669288684122,0.1791506861974955,1.9494007989347537,1.1691525423728817,0.0,1.140495867768595,0.0014000458784264,0.0307038261691072,0.0050466398251977,0.0,0.1260570213945751,0.453416149068323,0.024290420257545,2.2233502538071064,0.0,25.333148453636152,0.0557476937158406,0.044773436260773,-16.087548638132297,998000000.0,6171000000.0,-5844000000.0,14565000000.0,2396500000.0,4148000000.0,2944500000.0,13.176721126010714,24.26356589147287,17.098560354374307,6.830227272727273,3.70926517571885,5.26360103626943,0.0951567591864254,0.8521400778210116,2005-07-26,1.47,bmo,17324862745.0,2025-04-25,2005-06-30,0.0408163265306122,32.9425,16266463.59375
2005-03-31,VLO,USD,1035002,2005-05-10,2005-05-10 09:31:18,2005,Q1,14952800000.0,13663000000.0,1289800000.0,0.0862580921,0,83000000.0,175000000.0,258000000.0,185800000.0,443800000.0,14106800000.0,0.0,0.0,186000000.0,1032000000.0,0.069017174,846000000.0,0.0565780322,-56000000.0,790000000.0,0.0528329142,256000000.0,533800000.0,0.0356989995,1.03,0.96,512000000,556000000,https://www.sec.gov/Archives/edgar/data/1035002/000103500205000017/0001035002-05-000017-index.htm,https://www.sec.gov/Archives/edgar/data/1035002/000103500205000017/f10qdocument.htm,29.2046875,1.042578125,1.556640625,0.896484375,1.33984375,15.607421875,10.326171875,15.607421875,7.900390625,17136640000.0,20495640000.0,8.025777444735857,1.1460489005403671,21.50143036386449,37.33472766884532,2.144492554123389,2.144492554123389,1.3706891017067038,19.860116279069768,25.715984943538267,44.65281045751634,0.0311496302659097,0.026784713922916,0.5061944687773745,0.1991237570148666,3.25484496124031,1.0557057869118442,0.0,1.49250936329588,0.0012837989244099,0.0412139378044211,0.0055507998501952,0.0,0.1331101703258836,0.424090338770389,0.0226044620405542,1.8172043010752688,0.0,19.13423696614875,0.0376169691196528,0.030312322544009,-16.83935546875,309000000.0,5287000000.0,-6467000000.0,13598000000.0,1996000000.0,3438500000.0,2559400000.0,12.958776951473972,25.782039083656592,18.45055990631633,6.945099860659544,3.490802248339295,4.877900749732238,0.06680015016894,0.66015625,2005-04-21,0.98,bmo,15264520833.0,2025-04-25,2005-03-31,-0.0204081632653061,27.5844262295082,11057657.639344262
2004-12-31,VLO,USD,1035002,2005-03-14,2005-03-11 19:04:47,2004,Q4,15389500000.0,14124500000.0,1265000000.0,0.0821989018,0,378800000.0,704700000.0,302100000.0,154000000.0,456100000.0,14580600000.0,0.0,0.0,154700000.0,963600000.0,0.06261412,808900000.0,0.0525618116,-106900000.0,702000000.0,0.0456155171,213500000.0,487800000.0,0.0316969362,0.95,0.88,512000000,556000000,https://www.sec.gov/Archives/edgar/data/1035002/000095013405004779/0000950134-05-004779-index.htm,https://www.sec.gov/Archives/edgar/data/1035002/000095013405004779/d23170e10vk.htm,30.0576171875,0.952734375,2.105078125,1.185546875,1.68671875,15.23046875,9.9337890625,15.23046875,8.4234375,10618880000.0,14068080000.0,5.442230422304222,0.6900081224211313,9.852365930599367,17.494036243822077,1.3617440369325466,1.3617440369325466,0.9141349621495176,14.599501867995018,13.052588606420484,23.17640856672158,0.0459370479749276,0.0571623372709739,0.5530648884329316,0.2224055776728067,3.579493565794936,1.161222013896548,0.0,2.206345957011259,0.0020529472034715,0.044690446904469,0.0246141849962636,0.0,0.1398492130613255,0.4368157357580256,0.0305922869488937,3.043309631544925,0.0,18.06898725229188,0.0368630942528923,0.029245130308099,-15.99970703125,730900000.0,5086100000.0,-6329200000.0,13760200000.0,1988599999.5,3163900000.0,2527400000.0,10.754735371519542,18.87996035257885,14.768805975432755,8.368406742794997,4.766959163010462,6.0939252739666925,0.062554501154142,0.91953125,2005-02-01,0.72,bmo,11664000000.0,2025-04-25,2004-12-31,0.3194444444444444,19.7596875,7103274.5
2004-09-30,VLO,USD,1035002,2004-11-08,2004-11-08 16:55:30,2004,Q3,14339300000.0,13212200000.0,1127100000.0,0.0786021633,0,87100000.0,176800000.0,263900000.0,163700000.0,427600000.0,13639800000.0,0.0,0.0,163700000.0,863000000.0,0.0601842489,699500000.0,0.0487820186,-46600000.0,652900000.0,0.0455322087,218400000.0,434500000.0,0.0303013397,0.85,0.79,512000000,552000000,https://www.sec.gov/Archives/edgar/data/1035002/000103500204000038/0001035002-04-000038-index.htm,https://www.sec.gov/Archives/edgar/data/1035002/000103500204000038/f10q093004.htm,28.0064453125,0.8486328125,1.3466796875,0.759375,1.3296875,14.105859375,8.766015625,14.105859375,8.9552734375,9379840000.0,13284140000.0,5.396915995397008,0.6541351390932612,13.603828861493836,24.125102880658435,1.298751073080225,1.298751073080225,0.926414818017616,15.39297798377752,19.26633792603336,34.1670267489712,0.0463227517740174,0.0414506004366812,0.6348619534213952,0.2358893890675241,4.524101969872538,1.1458830548926011,0.0,1.5868814729574223,0.0021855383460698,0.0471806674338319,0.0060742156172198,0.0,0.1406559485530546,0.436113125453227,0.0209703402537083,1.8368967623701893,0.0,16.41160077713488,0.0314061884255035,0.0260125123477115,-16.723339845214845,733500000.0,4488200000.0,-6453800000.0,13370900000.0,2039649999.5,3253650000.0,2689650000.0,13.420320371984683,22.920633959522263,18.644131938662756,6.706248249324782,3.926592962434617,4.82725611983924,0.060161723574534,0.5873046875,2004-10-26,0.77,bmo,13975987341.0,2025-04-25,2004-09-30,0.0259740259740259,16.36796875,10495102.59375
2004-06-30,VLO,USD,1035002,2004-08-06,2004-08-06 16:15:28,2004,Q2,13807600000.0,12345500000.0,1462100000.0,0.1058909586,0,92500000.0,176700000.0,269200000.0,159300000.0,428500000.0,12774000000.0,0.0,0.0,159300000.0,1193000000.0,0.0864016918,1033600000.0,0.074857325,-63600000.0,970100000.0,0.0702584084,337400000.0,632700000.0,0.0458225905,1.23,1.14,514000000,554000000,https://www.sec.gov/Archives/edgar/data/1035002/000103500204000029/0001035002-04-000029-index.htm,https://www.sec.gov/Archives/edgar/data/1035002/000103500204000029/f10q063004.htm,26.863035019455253,1.230933852140078,1.673735408560311,1.1406614785992215,0.6424124513618678,13.107392996108947,7.781712062256809,13.107392996108947,8.892412451361867,8655760000.0,12896260000.0,3.4201675359570096,0.6268837451838118,10.061327443914912,14.76336346580249,1.2847711215341686,1.2847711215341686,0.933997218922912,10.809941324392287,14.99042194583285,21.9960088691796,0.0730958344501234,0.0677352421971034,0.6784272398028854,0.2463019943634041,3.5544844928751047,1.0907930836470363,0.0,1.3597281492018334,0.0023452591106962,0.0320847162952426,0.0066992091312031,0.0,0.1475106831273946,0.3184935487620597,0.019844143804861,1.7200251098556183,0.0,19.053149593304013,0.0472340385274872,0.0399939316936263,-16.951215953307393,426900000.0,3999800000.0,-6691300000.0,12827700000.0,1810250000.0,3077450000.0,2543300000.0,12.652379848778931,22.90915718277915,19.262646308371476,7.113286280974705,3.928560063643596,4.6722552321840825,0.0939114172059609,0.5330739299610895,2004-07-29,1.09,bmo,13202385964.0,2025-04-25,2004-06-30,0.0458715596330273,14.745483870967742,10232771.241935484
2004-03-31,VLO,USD,1035002,2004-05-07,2004-05-07 17:18:36,2004,Q1,11081500000.0,10255300000.0,826200000.0,0.0745566936,0,83200000.0,165100000.0,248300000.0,140700000.0,389000000.0,10644300000.0,0.0,0.0,140700000.0,578000000.0,0.0521590037,437200000.0,0.0394531426,-52000000.0,385100000.0,0.034751613,137000000.0,248100000.0,0.0223886658,0.49,0.46,504000000,544000000,https://www.sec.gov/Archives/edgar/data/1035002/000103500204000009/0001035002-04-000009-index.htm,https://www.sec.gov/Archives/edgar/data/1035002/000103500204000009/f10q033104.htm,21.987103174603178,0.4922619047619048,0.653968253968254,0.1658730158730158,0.4742063492063492,12.77559523809524,7.394642857142857,12.77559523809524,9.689087301587302,6899760000.0,11544060000.0,6.952599758162031,0.6226377295492488,20.93373786407767,82.53301435406699,1.0715743372315143,1.0715743372315143,1.0417416414745295,19.97242214532872,35.02445388349515,138.08684210526314,0.0359577724442589,0.0121163634677148,0.7584059389026075,0.2746636519078473,8.035121107266436,1.1791244600500164,0.0,1.328496573962112,0.0024348672997321,0.0677146311970979,0.0075080088435681,0.0,0.1525377969762419,0.7463592233009708,0.0221991607634345,1.748400852878465,0.0,11.895424500343289,0.0200872432573982,0.0164662312838483,-17.10238095238095,709100000.0,3726900000.0,-6672500000.0,12777900000.0,1503550000.0,2650300000.0,2178700000.0,13.63948923882146,26.436671769719077,21.451054576657924,6.598487555079195,3.404361970521843,4.195597921695373,0.0385314261752783,0.4880952380952381,2004-04-28,0.44,bmo,10600173913.0,2025-04-25,2004-03-31,0.0454545454545455,12.538225806451614,6548294.193548387
2003-12-31,VLO,USD,1035002,2004-03-12,2004-03-12 17:18:51,2003,Q4,9509400000.0,8877200000.0,632200000.0,0.0664815866,0,-442000000.0,693600000.0,251600000.0,148500000.0,400100000.0,9277300000.0,0.0,0.0,148500000.0,380600000.0,0.0400235556,232100000.0,0.0244074284,-29300000.0,202800000.0,0.0213262666,71200000.0,131600000.0,0.0138389383,0.26,0.24,503200000,544400000,https://www.sec.gov/Archives/edgar/data/1035002/000095013404003420/0000950134-04-003420-index.htm,https://www.sec.gov/Archives/edgar/data/1035002/000095013404003420/d13299e10vk.htm,18.89785373608903,0.2615262321144674,0.5240461049284578,-0.2788155802861685,0.733704292527822,11.39745627980922,5.988275039745628,11.39745627980922,8.43620826709062,5323856000.0,9199756000.0,10.11370820668693,0.5598519359791364,20.189063329541145,-37.94622950819672,0.9282773050634676,0.9282773050634676,0.9674381138662796,24.171718339464004,34.8872051573758,-65.5720313613685,0.0247189255306679,-0.0263530794221331,0.7401834286511368,0.2710064988955707,10.183657383079348,1.245733120125314,0.0,2.0037993920972643,0.0029302069777995,0.1185410334346504,-0.0464803247313184,0.0,0.1737656567204198,1.5320439893818734,0.0424842787136938,2.7205387205387206,0.0,8.189414534771537,0.0119535246303651,0.0101682081237492,-15.118193561208267,753000000.0,3013300000.0,-6111700000.0,11670000000.0,1255500000.0,2212150000.0,2002700000.0,12.565777020632217,23.19853106835489,19.39564277024287,7.162310762973563,3.8795559828686303,4.640217448120851,0.022946017575673,0.8028616852146264,2004-01-27,0.24,bmo,9113175000.0,2025-04-25,2003-12-31,0.0416666666666667,9.73125,4710205.078125
2003-09-30,VLO,USD,1035002,2003-11-14,2003-11-14 16:04:48,2003,Q3,9922300000.0,9187400000.0,734900000.0,0.0740654888,0,0.0,0.0,252300000.0,125200000.0,377500000.0,9564900000.0,0.0,0.0,125200000.0,482600000.0,0.0486379166,357400000.0,0.0360198744,-55500000.0,301900000.0,0.0304264132,110800000.0,191100000.0,0.0192596475,0.41,0.38,467600000,510400000,https://www.sec.gov/Archives/edgar/data/1035002/000103500203000031/0001035002-03-000031-index.htm,https://www.sec.gov/Archives/edgar/data/1035002/000103500203000031/f10q093003.txt,21.21963216424294,0.4086826347305389,0.8832335329341318,0.6409324208725407,0.6621043627031651,11.902053036783576,5.924508126603935,11.902053036783576,9.337040205303678,4086824000.0,8143224000.0,5.346446886446887,0.4118827288027977,9.895457627118644,13.636383049716382,0.7343270923922809,0.7343270923922809,0.8206992330407265,16.8736510567758,19.717249394673125,27.171251251251253,0.046760026857041,0.0733332289327849,0.7844898839256836,0.286319489530255,8.405304600082884,1.2903933875227218,0.0,2.161172161172161,0.0031320164509164,0.0669806384092098,0.0,0.0,0.1833008715497058,0.2743341404358353,0.0114187234814508,0.9049520766773164,0.0,10.46153209907348,0.0183074784656511,0.0153449604933513,-15.911195466210437,846700000.0,2770300000.0,-5920900000.0,11437000000.0,1126300000.0,1981100000.0,1892250000.0,10.733096157140986,20.925288982737225,20.496223088142457,8.385278458548129,4.301015870043537,4.391052908282751,0.0343371545621159,0.2423011120615911,2003-10-30,0.36,bmo,9399789473.0,2025-04-25,2003-09-30,0.0555555555555556,8.6146875,4665694.0
2003-06-30,VLO,USD,1035002,2003-08-14,2003-08-14 16:13:23,2003,Q2,8843800000.0,8206600000.0,637200000.0,0.072050476,0,0.0,0.0,243100000.0,119700000.0,362800000.0,8569400000.0,0.0,0.0,119700000.0,394100000.0,0.0445622922,274400000.0,0.0310273864,-67400000.0,207000000.0,0.0234062281,78600000.0,128400000.0,0.0145186458,0.28,0.27,457200000,474800000,https://www.sec.gov/Archives/edgar/data/1035002/000103500203000025/0001035002-03-000025-index.htm,https://www.sec.gov/Archives/edgar/data/1035002/000103500203000025/f10q063003.txt,19.34339457567804,0.2808398950131233,1.2524059492563429,0.5293088363954506,1.5255905511811023,10.929133858267717,4.810804899387577,10.929133858267717,9.787620297462816,3794760000.000001,7572160000.0,7.38855140186916,0.4290870440308465,6.62724414949354,15.680826446280994,0.7594380403458214,0.7594380403458214,0.8562111309618038,19.21380360314641,13.224170450576318,31.2899173553719,0.0338361319292919,0.0637721489633073,0.8955531540185719,0.3092985160251315,9.584876934788126,1.371795858671388,0.0,4.459501557632398,0.0030304946821406,0.0895638629283489,0.0,0.0,0.1933452677997497,0.5773663988822914,0.0373821208077975,2.761904761904762,0.0,8.310239353963052,0.0142903050393246,0.0110020050383013,-15.58513779527559,966000000.0,2199500000.0,-5906900000.0,11051700000.0,1382750000.0,2018700000.0,1648750000.0,10.881860738596531,20.02644213194258,18.55798991055979,8.270644346768915,4.494058375773506,4.849663160382933,0.0256964457252641,0.7230971128608924,2003-07-29,0.27,bmo,8844000000.0,2025-04-25,2003-06-30,0.0,8.580793650793652,6341045.238095238
2003-03-31,VLO,USD,1035002,2003-05-15,2003-05-15 12:57:16,2003,Q1,9693100000.0,8971900000.0,721200000.0,0.0744034416,0,0.0,0.0,246000000.0,117100000.0,363100000.0,9335000000.0,0.0,0.0,117100000.0,475200000.0,0.0490245639,358100000.0,0.0369438054,-83200000.0,274900000.0,0.0283603801,104500000.0,170400000.0,0.0175795153,0.4,0.38,430800000,451200000,https://www.sec.gov/Archives/edgar/data/1035002/000111080503000015/0001110805-03-000015-index.htm,https://www.sec.gov/Archives/edgar/data/1035002/000111080503000015/f10q033103.txt,22.500232126276696,0.3955431754874652,0.387883008356546,0.0909935004642525,1.7198235840297122,11.142061281337048,4.647168059424327,11.142061281337048,9.657381615598888,4071059999.999999,7490560000.0,5.972799295774647,0.4199956670208705,24.363016157989225,103.8535714285714,0.8481374999999999,0.8481374999999999,0.7727723844796814,15.762962962962964,44.82681029323759,191.0857142857143,0.0418564206865042,0.009628941848069,0.86675,0.2841512140149574,7.195917508417509,1.3914010624169986,0.0,0.9806338028169014,0.0026283081064882,0.0627934272300469,0.0,0.0,0.1911006385957722,0.765409934171155,0.0131949531109758,1.0922288642186166,0.0,9.9579737781167,0.0190439522890387,0.0143876387892092,-16.308727948003714,1178900000.0,2002000000.0,-5650600000.0,10945700000.0,1627200000.0,2018150000.0,1520700000.0,15.749141141636835,22.1822579386752,16.10327801246113,5.714597335219903,4.057296612852168,5.588924188625179,0.0355,0.2968895078922934,2003-04-22,0.33,bmo,8417605263.0,2025-04-25,2003-03-31,0.1515151515151514,8.724918032786885,6355566.934426229
2002-12-31,VLO,USD,1035002,2003-03-21,2003-03-21 14:49:03,2002,Q4,8109700000.0,7510000000.0,599700000.0,0.0739484814,0,0.0,0.0,245000000.0,114400000.0,359400000.0,7869400000.0,0.0,0.0,114400000.0,354700000.0,0.0437377462,240300000.0,0.0296311824,-94800000.0,145500000.0,0.0179414775,56500000.0,89000000.0,0.010974512,0.21,0.2,430800000,451200000,https://www.sec.gov/Archives/edgar/data/1035002/000111080503000007/0001110805-03-000007-index.htm,https://www.sec.gov/Archives/edgar/data/1035002/000111080503000007/f10k123102.txt,18.82474466109564,0.2065923862581244,0.4751624883936862,0.1392757660167131,0.8795264623955432,10.26996285979573,3.489322191272052,10.000696378830083,11.53853296193129,3635952000.0,8227852000.0,10.21334831460674,0.448346054724589,17.762344894968244,60.5992,0.8439412297193788,0.8439412297193788,1.0145692195765563,23.19665069072456,40.19468490473864,137.13086666666666,0.024477770883664,0.0165018680114588,1.1537729498874263,0.3436385255648038,12.945869749083732,1.176173213157282,0.0,2.3,0.0001375155667621,0.0056179775280898,0.0,0.0,0.2019398280009955,0.7068881289692233,0.0178428301910058,1.2648601398601398,0.0,6.818102661721481,0.0123154726243363,0.007709565925451,-18.048514391829155,529700000.0,1503200000.0,-6504500000.0,10862800000.0,1296200000.0,1635250000.0,1451350000.0,17.292624881314968,21.870838881491345,17.210252996005327,5.2045308689513545,4.115068493150685,5.229440846737693,0.0206578000603486,0.3358867223769731,2003-01-28,0.18,bmo,7208622222.0,2025-04-25,2002-12-31,0.1111111111111112,7.4353125,6393515.25
2002-09-30,VLO,USD,1035002,2002-11-13,2002-11-13 14:13:23,2002,Q3,7191700000.0,6717100000.0,474600000.0,0.0659927416,0,236400000.0,0.0,236400000.0,107900000.0,344300000.0,7061400000.0,0.0,0.0,107900000.0,238200000.0,0.0331215151,130300000.0,0.0181181084,-82800000.0,47500000.0,0.0066048361,17700000.0,29800000.0,0.0041436656,0.07,0.0675,423600000,436400000,https://www.sec.gov/Archives/edgar/data/1035002/000103500202000023/0001035002-02-000023-index.htm,https://www.sec.gov/Archives/edgar/data/1035002/000103500202000023/f10q093002.txt,16.977573182247404,0.0703493862134088,0.1059962228517469,-0.1716241737488196,0.7544853635505193,10.207507082152974,3.189801699716714,9.93413597733711,11.762511803588293,2558544000.0,7221544000.0,21.464295302013426,0.3557634495320995,56.983162583518926,-35.19317744154058,0.6080045626292151,0.6080045626292151,1.0041497837785225,30.31714525608732,160.83616926503342,-99.33348005502064,0.0116472493730809,-0.0284145983027847,1.1840498087022646,0.3569785852970045,19.575986565911,1.2900445892642771,0.0,1.5067114093959733,0.0055500315804613,0.4765100671140939,0.0328712265528317,0.0,0.2129792157733724,2.6191536748329622,0.0163521837673985,1.0898980537534757,0.0,3.9653950991975178,0.0068744464661692,0.0027127901684114,-18.42599150141643,676500000.0,1351200000.0,-6624900000.0,11053200000.0,1002100000.0,1426750000.0,1458850000.0,12.942419733859866,19.36773309910527,19.65044438820324,6.953877393154129,4.646904185402975,4.580049093140597,0.0070815807609134,0.2776203966005666,2002-10-30,0.06,bmo,6959142857.0,2025-04-25,2002-09-30,0.1666666666666668,7.544375,4911459.34375
2002-06-30,VLO,USD,1035002,2002-08-13,2002-08-13 17:08:12,2002,Q2,6552400000.0,6108400000.0,444000000.0,0.0677614309,0,231200000.0,0.0,231200000.0,112700000.0,343900000.0,6452300000.0,0.0,0.0,112700000.0,212800000.0,0.0324766498,100100000.0,0.0152768451,-81700000.0,18400000.0,0.0028081314,7100000.0,11300000.0,0.0017245589,0.0275,0.025,423200000,442400000,https://www.sec.gov/Archives/edgar/data/1035002/000103500202000016/0001035002-02-000016-index.htm,https://www.sec.gov/Archives/edgar/data/1035002/000103500202000016/f10q063002.txt,15.482986767485825,0.0267013232514177,0.6793478260869565,-0.1606805293005671,0.8527882797731569,10.30812854442344,3.630907372400756,10.034026465028356,11.688563327032137,3673376000.0,8259076000.0,81.26938053097345,0.5606153470484098,12.77696,-54.02023529411765,0.8650565184626977,0.8650565184626977,1.260465783529699,38.81144736842105,28.72722086956522,-121.457,0.0030761893146794,-0.0185115817166551,1.1648926149208745,0.3535331155883046,21.54934210526316,1.0810337582294438,0.0,25.4424778761062,0.5557013493854156,180.64601769911505,0.035284781148892,0.0,0.2019597052580421,1.2365217391304348,0.054254929491484,3.1543921916592725,0.0,2.455247470930388,0.0051504261567502,0.0010119916533077,-18.46774574669187,231400000.0,1536600000.0,-6542500000.0,10507000000.0,1030000000.0,1458850000.0,1458550000.0,13.323362432085952,20.745203326566696,21.380230502259185,6.755051546391752,4.338352272727272,4.209496244228516,0.0026610776186887,0.8400283553875236,2002-07-30,0.03365,bmo,7223000000.0,2025-04-25,2002-06-30,-0.1084695393759287,9.61953125,6288448.265625
2002-03-31,VLO,USD,1035002,2002-05-14,2002-05-14 17:27:53,2002,Q1,5122400000.0,4791100000.0,331300000.0,0.064676714,0,216800000.0,0.0,216800000.0,114300000.0,331100000.0,5122200000.0,0.0,0.0,114300000.0,114500000.0,0.0223528034,200000.0,3.90442e-05,-61900000.0,-61700000.0,-0.0120451351,-23100000.0,-38600000.0,-0.0075355302,-0.0919,-0.0919,420000000,420000000,https://www.sec.gov/Archives/edgar/data/1035002/000103500202000003/0001035002-02-000003-index.htm,https://www.sec.gov/Archives/edgar/data/1035002/000103500202000003/f10q0502vec.txt,12.196190476190475,-0.0919047619047619,-0.6304761904761905,-1.090952380952381,0.5542857142857143,10.393571428571429,4.1242857142857146,10.119285714285716,13.176904761904762,4704000000.0,10005500000.0,-30.46632124352331,0.9183195377166952,-17.764350453172202,-10.26625927542558,1.10679748711795,1.10679748711795,1.9532836170545056,87.38427947598254,-37.78512084592145,-21.836534264513315,-0.0082057823129251,-0.097406462585034,1.302157596291852,0.3814417357621874,46.30131004366813,0.8503833886060709,0.0,6.860103626943006,0.4398171768707483,-53.59844559585492,0.0423239106668749,0.0,0.1814817112255236,-0.7303625377643505,0.0377557394971107,1.6920384951881016,0.0,,1.0053154098965229e-05,-0.0032503073477155,-19.90547619047619,-708300000.0,1732200000.0,-6117800000.0,9251700000.0,1018750000.0,1449950000.0,1459553000.0,19.151179134780573,28.35945816200872,27.53856108200622,4.699449541284404,3.1735444127972445,3.2681446111869032,-0.0090821392437824,0.4604761904761905,2002-04-30,-0.02141,bmo,1242000000.0,2025-04-25,2002-03-31,3.203643157403083,10.136833333333334,7994319.133333334
2001-12-31,VLO,USD,1035002,2002-03-14,2002-03-14 00:00:00,2001,Q4,2861209000.0,2675294000.0,185915000.0,0.0649777769,0,37392000.0,0.0,37392000.0,36862000.0,74254000.0,2749548000.0,0.0,0.0,70430000.0,182091000.0,0.0636412789,111661000.0,0.0390258104,-31966000.0,79695000.0,0.0278536101,28100000.0,51595000.0,0.0180325869,0.12,0.12,420000000,420000000,https://www.sec.gov/Archives/edgar/data/1035002/000103570402000158/0001035704-02-000158-index.htm,https://www.sec.gov/Archives/edgar/data/1035002/000103570402000158/d94896e10-k405.txt,6.812402380952381,0.122845238095238,0.4897428571428571,0.0969238095238095,0.6415166666666666,10.281359523809524,4.145228571428572,10.00610238095238,7.883114285714286,3658200000.000001,6699671000.0,17.725554801821886,1.2785504309541875,17.784843358030454,89.86440011791295,0.8704688067733906,0.8704688067733906,2.3415524696028847,36.792982629564335,32.57137370437353,164.578731453277,0.0141039308949756,0.0111278770980263,0.7878306642874836,0.2302904564315352,16.703027607075583,0.8695412458464106,0.0,3.9866653745517975,0.001656552402821,0.1174532415931776,0.0130686014198892,0.0,0.1792556021049035,0.8020924489041868,0.0576623378438974,2.3425244924038053,0.0,5.258996640173108,0.0071203758370679,0.0043724869005478,-19.88645238095238,-617102000.0,1740996000.0,-5945781000.0,9220528000.0,863754000.0,1075834000.0,1078639500.0,29.803834672685568,46.767944009144415,48.88417497291886,3.0197456464379946,1.924395051071788,1.8410866103367545,0.0122770318969638,0.3928190476190476,2002-01-29,0.15,bmo,2288967200.0,2025-04-25,2001-12-31,0.2,8.4934375,6742118.5625
2001-09-30,VLO,USD,1035002,2001-11-13,2001-11-13 00:00:00,2001,Q3,3858734000.0,3597178000.0,261556000.0,0.0677828531,0,37619000.0,0.0,37619000.0,35597000.0,73216000.0,3670394000.0,0.0,0.0,65927000.0,260064000.0,0.0673961978,188340000.0,0.0488087544,-27527000.0,160813000.0,0.0416750675,59800000.0,101013000.0,0.0261777567,0.42,0.4,242900000,255512000,https://www.sec.gov/Archives/edgar/data/1035002/000103570401500474/0001035704-01-500474-index.htm,https://www.sec.gov/Archives/edgar/data/1035002/000103570401500474/d92006e10-q.txt,15.886101276245368,0.4158624948538493,0.7671881432688349,0.3932358995471387,0.3752861259777686,8.40387402223137,8.40387402223137,8.40387402223137,5.4687772745986,1974777000.0,3211986000.0,4.887432805678478,0.5117681084003199,10.597139790716396,20.674612896133677,0.9674109795664628,0.9674109795664628,0.8323937332814337,12.350752122554448,17.236308022538235,33.62737523163416,0.0511515983830072,0.0483684993292913,0.650744794618726,0.2492844897878756,4.757325119970469,1.540121057179827,0.0,1.844812053894053,0.0024590118276645,0.0480730203043172,0.0097490524094171,0.0,0.0,0.4874322511403273,0.0235395857812432,1.3777814855825383,0.0,8.867596088555134,0.0278726907896886,0.0189563525165072,-9.300800741045698,585643000.0,2041301000.0,-1617490000.0,3836724000.0,728451000.0,777563000.0,738774500.0,18.192681848502644,19.0516343644935,17.618135660787427,4.947044132880689,4.724004160384941,5.10837251641287,0.0494846178980953,0.3739522437216961,2001-10-23,0.32,bmo,3087199999.0,2025-04-25,2001-09-30,0.25,8.29949152542373,5122591.203389831
2001-06-30,VLO,USD,1035002,2001-08-13,2001-08-13 00:00:00,2001,Q2,4499108000.0,3947509000.0,551599000.0,0.122601858,0,53834000.0,0.0,53834000.0,33482000.0,87316000.0,4034825000.0,0.0,0.0,60802000.0,521500000.0,0.1159118652,464283000.0,0.1031944554,-24600000.0,439663000.0,0.0977222596,164800000.0,274863000.0,0.0610927766,1.13,1.06,244400000,259600000,https://www.sec.gov/Archives/edgar/data/1035002/000095013401505223/0000950134-01-505223-index.htm,https://www.sec.gov/Archives/edgar/data/1035002/000095013401505223/d89903e10-q.txt,18.408788870703763,1.124644026186579,0.968244680851064,0.6860310965630114,0.1737274959083469,7.980237315875613,7.980237315875613,7.980237315875613,5.432328150572832,2052960000.0,3338162000.0,1.8672575064668584,0.4563037828831848,8.675493050596057,12.244342919852564,1.052600275845096,1.052600275845096,0.7419608509064464,6.40107766059444,14.106558935762914,19.9095940739327,0.1338861935936404,0.0816703686384537,0.6807226321159575,0.2546233709196878,2.4644333652924257,1.4218851941678723,0.0,0.8609343563884554,0.0023853362949107,0.0178161484084798,0.0119654829357285,0.0,0.0,0.2914692844374765,0.0153303721537691,1.134387026742541,0.0,14.210413085450451,0.0710343048773439,0.0527141669455517,-9.521389116202943,475927000.0,1950370000.0,-1659822000.0,3649297000.0,631770500.0,830641000.0,677393500.0,13.540564040694289,18.09475798535228,17.632344853425288,6.646695051219246,4.973816177749106,5.104255885882158,0.1409286443085158,0.2822135842880524,2001-07-24,0.77,bmo,3268141509.0,2025-04-25,2001-06-30,0.3766233766233766,9.986349206349209,8363440.80952381
2001-03-31,VLO,USD,1035002,2001-05-03,2001-05-03 00:00:00,2001,Q1,3769288000.0,3464060000.0,305228000.0,0.0809776276,0,36370000.0,0.0,36370000.0,31799000.0,68169000.0,3532229000.0,0.0,0.0,55195000.0,292254000.0,0.0775355982,237059000.0,0.0628922491,-22377000.0,214682000.0,0.0569555842,78600000.0,136082000.0,0.0361028396,0.56,0.53,244260000,255444000,https://www.sec.gov/Archives/edgar/data/1035002/000095013401501097/0000950134-01-501097-index.htm,https://www.sec.gov/Archives/edgar/data/1035002/000095013401501097/d86668e10-q.txt,15.431458282158356,0.5571194628674363,1.1333538033243264,0.8518054532056006,0.5147752394988946,6.97909604519774,6.97909604519774,6.97909604519774,4.266453778760337,1980948600.0,2897333600.0,3.639255375435399,0.5255498120599964,7.155753107469124,9.520953369668655,1.1620416093256698,1.1620416093256698,0.7686686716430264,9.913751736503178,10.46599791209863,13.925337639742,0.0686953715003004,0.1050314985456967,0.611318966113964,0.2285549109114746,3.135577271825193,1.329232720709444,0.0,2.034310195323408,0.0024659902836449,0.0358974735821049,0.0096490371656397,0.0,0.0,0.2484205278994917,0.0182450903194449,1.2459643083612646,0.0,9.353303181230592,0.043107125745383,0.0298450178545502,-8.181766355522804,353511000.0,1704714000.0,-1427655000.0,3067058000.0,586269500.0,837251500.0,560646500.0,14.007480988451931,22.541803548437382,15.105682349612882,6.42513811542546,3.9925820401464223,5.9580228100259545,0.0798268800514338,0.2815483501187259,2001-04-17,0.39,bmo,2773415094.0,2025-04-25,2001-03-31,0.358974358974359,8.175,2763023.4032258065
2000-12-31,VLO,USD,1035002,2001-02-23,2001-02-23 00:00:00,2000,Q4,4121137000.0,3853038000.0,268099000.0,0.0650546196,0,43853000.0,0.0,43853000.0,53336000.0,97189000.0,3950227000.0,0.0,0.0,53336000.0,224246000.0,0.0544136242,170910000.0,0.0414715648,-24165000.0,146745000.0,0.0356078917,53400000.0,93345000.0,0.0226503026,0.38,0.37,244260000,255444000,https://www.sec.gov/Archives/edgar/data/1035002/000095013401001719/0000950134-01-001719-index.htm,https://www.sec.gov/Archives/edgar/data/1035002/000095013401001719/d84423e10-k405.txt,16.87192745435192,0.3821542618521248,0.947175141242938,0.6875706214689266,0.059755997707361,6.9579751084909525,6.9579751084909525,6.251760419225415,4.37819127159584,2073767400.0,3128588400.0,5.5540398521613366,0.5032027326439281,8.963495377274082,12.347822514379622,1.358017491184011,1.358017491184011,0.759156611391468,13.95159066382455,13.522773894889715,18.628537744274947,0.0450122805479534,0.0809859389244907,0.7003133482422048,0.2482568440171376,4.703856479045334,1.236840129664136,0.0,2.4785151856018,0.0023469363053927,0.0521399110825432,0.010640995434027,0.0,0.0,0.2740829108261258,0.015386773116254,1.188896805159742,0.0,7.331819691346884,0.0329872390980796,0.0216693161832846,-7.713882747891591,246075000.0,1699555000.0,-1323082000.0,2922755000.0,618737500.0,786412500.0,517937000.0,12.795080580917354,18.84723431224919,12.610667218958133,7.033953356591317,4.775236435698537,7.136815081814175,0.0611274643022026,0.2596045197740113,2001-01-17,0.32,bmo,3477209343.0,2025-04-25,2000-12-31,0.1562499999999999,7.771269841269841,2528281.603174603
2000-09-30,VLO,USD,1035002,2000-11-13,2000-11-13 00:00:00,2000,Q3,4248831000.0,3934179000.0,314652000.0,0.0740561345,0,42901000.0,0.0,42901000.0,47841000.0,90742000.0,4024921000.0,0.0,0.0,47841000.0,271751000.0,0.0639590043,223910000.0,0.0526992013,-25454000.0,198456000.0,0.046708377,71100000.0,127356000.0,0.0299743624,0.52,0.5,244744000,252968000,https://www.sec.gov/Archives/edgar/data/1035002/000095013400009561/0000950134-00-009561-index.htm,https://www.sec.gov/Archives/edgar/data/1035002/000095013400009561/d81619e10-q.txt,17.3603070963946,0.5203641355865721,1.1286813977053574,0.902052757166672,0.0530554375183865,6.610119144902429,6.610119144902429,5.905301049259634,4.844698950740366,1967741760.0,3140467760.0,3.862679732403655,0.4631254479173212,7.123356525894337,8.913004185313353,1.36148859015545,1.36148859015545,0.7391368967134725,11.556416572524112,11.36870293008203,14.224936857934884,0.0647219074112652,0.1121956165630189,0.820398301513817,0.2815621818741367,4.315443181441835,1.2029113786285084,0.0,2.1690222682873204,0.0024744100567342,0.038231414303213,0.0100971302459429,0.0,0.0,0.2007906225790803,0.0130544142612403,1.1593821199389645,0.0,8.315070938195326,0.043997059942629,0.0302423046043787,-7.533307251658877,210677000.0,1617787000.0,-1344452000.0,2854913000.0,651728000.0,748909000.0,494151000.0,13.802024603944002,17.52211579595133,11.346529987578094,6.520782463630881,5.136366010136485,7.9319404345231375,0.088118138473535,0.2266286405386853,2000-10-17,0.41,bmo,3484180000.0,2025-04-25,2000-09-30,0.2195121951219513,6.826507936507936,2977581.1428571427
2000-06-30,VLO,USD,1035002,2000-08-11,2000-08-11 00:00:00,2000,Q2,3372502000.0,3151704000.0,220798000.0,0.0654700872,0,23125000.0,0.0,23125000.0,39281000.0,62406000.0,3214110000.0,0.0,0.0,39281000.0,197673000.0,0.0586131602,158392000.0,0.0469657246,-22312000.0,136080000.0,0.0403498649,48400000.0,87680000.0,0.025998502,0.39,0.38,224696000,232452000,https://www.sec.gov/Archives/edgar/data/1035002/000095013400006831/0000950134-00-006831-index.htm,https://www.sec.gov/Archives/edgar/data/1035002/000095013400006831/e10-q.txt,15.0091768433795,0.3902161142165414,0.367296258055328,0.1412886744757361,0.0461912984654822,6.766965144016805,6.766965144016805,5.999261224053833,6.043743546836615,1629046000.0,2976672000.0,4.644861998175182,0.4830378158411766,19.738834363261844,51.31338394178977,1.2084821329218625,1.2084821329218625,0.8826301659717326,15.058566420300192,36.06775717920756,93.7623082495984,0.0538229123057298,0.019488093031136,1.0074146334226006,0.3223373501926065,6.817451042883955,1.1667265610314363,0.0,0.9412636861313868,0.0027543728046967,0.0511747262773722,0.0068569269936682,0.0,0.0,0.6153277596025688,0.0150579599359763,1.292813319416512,0.0,7.257595267576983,0.0308071094569625,0.0208118076626284,-8.665237698935451,180939000.0,1520510000.0,-1426300000.0,2800451000.0,527715000.0,732216500.0,464253500.0,17.396155732450268,20.89932303287364,14.058395077710342,5.173556812446596,4.30635958200341,6.401868741240276,0.0650440278632947,0.2260075835795919,2000-07-20,0.34,bmo,3017947368.0,2025-04-25,2000-06-30,0.1176470588235293,6.831587301587302,2860640.015873016
2000-03-31,VLO,USD,1035002,2000-05-15,2000-05-15 00:00:00,2000,Q1,2928617000.0,2819298000.0,109319000.0,0.0373278582,0,19669000.0,0.0,19669000.0,32598000.0,52267000.0,2871565000.0,0.0,0.0,32598000.0,89650000.0,0.0306117188,57052000.0,0.0194808676,-10113000.0,46939000.0,0.0160277018,16200000.0,30739000.0,0.0104960806,0.14,0.14,223496000,228936000,https://www.sec.gov/Archives/edgar/data/1035002/000095013400004484/0000950134-00-004484-index.html,https://www.sec.gov/Archives/edgar/data/1035002/000095013400004484/,13.10366628485521,0.137537137129971,0.0500098435766188,-0.0628736084762143,0.0380722697497941,4.960733077996921,4.960733077996921,4.960733077996921,3.45265687081648,1566706960.0,2329852960.0,12.742013077848986,0.5349647837187314,140.17240404401898,-111.49352120694564,1.4130975986376888,1.4130975986376888,0.7955471678269982,25.98832080312326,208.4506540216516,-165.8022317107885,0.0196201336847319,-0.008969131023711,0.6959973085692845,0.2472322914390546,8.51250418293363,1.0052937691175516,0.0,0.3636097465760109,0.0028524798281358,0.1453853410976284,0.0067161393927577,0.0,0.0,2.257224657779368,0.0086146464355018,0.7739431866985704,0.0,3.9180879362652177,0.0162980773886417,0.0098485377617524,-6.636336891935426,5057000.0,1108704000.0,-1052139000.0,1990241000.0,388028500.0,674728000.0,369798500.0,12.401802625607925,23.38542786182943,13.924647199409216,7.257009542642056,3.848550496136158,6.463359445388208,0.0277251637948451,0.1128834520528331,2000-04-20,0.12,bmo,2510571428.0,2025-04-25,2000-03-31,0.1666666666666668,5.6623809523809525,1975388.4285714289
1999-12-31,VLO,USD,1035002,2000-03-08,2000-03-08 00:00:00,1999,Q4,2637700000.0,2551600000.0,86100000.0,0.0326420745,0,19400000.0,0.0,19400000.0,32800000.0,52200000.0,2603800000.0,0.0,0.0,32800000.0,66700000.0,0.025287182,33900000.0,0.012852106,-10300000.0,23600000.0,0.0089471888,7100000.0,16500000.0,0.0062554498,0.074,0.072,223496000,228936000,https://www.sec.gov/Archives/edgar/data/1035002/000095013400001705/0000950134-00-001705-index.html,https://www.sec.gov/Archives/edgar/data/1035002/000095013400001705/,11.802000930665423,0.0738268246411568,0.7601925761534882,0.6532555392490246,0.2689086158141532,4.853778143680424,4.853778143680424,4.853778143680424,3.5146042882199238,1014671840.0,1740071840.0,15.373815757575755,0.3846805322819123,5.972170924072984,6.949807123287672,0.9353538348082596,0.9353538348082596,0.6596928536224741,26.0880335832084,10.24174125956445,11.918300273972603,0.0162614151191975,0.1438888852971419,0.7240966076696165,0.2636525358305642,10.875562218890554,1.1528511821974965,0.0,10.296969696969697,0.0043363773651193,0.2666666666666666,0.0073548925199984,0.0,0.0,0.1406709829311359,0.0090609242901012,0.7286585365853658,0.0,2.839476734693019,0.010485896202469,0.005538213674353,-6.278971435730393,109900000.0,1084800000.0,-1065600000.0,2094400000.0,362350000.0,613847500.0,361050000.0,12.70993668726542,21.75911192976956,10.70152061451638,7.081073825503355,4.136198218497476,8.410019775873435,0.0152101769911504,0.1069370369044636,2000-01-25,0.02414,bmo,2176102498.0,2025-04-25,1999-12-31,1.899751449875725,4.43109375,1277541.296875
1999-09-30,VLO,USD,1035002,1999-11-12,1999-11-12 00:00:00,1999,Q3,2161900000.0,2063000000.0,98900000.0,0.0457467968,0,16400000.0,0.0,16400000.0,35100000.0,51500000.0,2114500000.0,0.0,0.0,35100000.0,82538000.0,0.0381784541,47400000.0,0.0219251584,-12638000.0,34800000.0,0.0160969518,12200000.0,22600000.0,0.0104537675,0.1,0.1,226000000,226000000,https://www.sec.gov/Archives/edgar/data/1035002/000095013499009966/0000950134-99-009966-index.html,https://www.sec.gov/Archives/edgar/data/1035002/000095013499009966/,9.565929203539824,0.1,0.5190265486725664,0.4376106194690266,0.0345132743362831,4.762389380530974,4.762389380530974,4.762389380530974,3.795575221238938,994400000.0,1844400000.0,11.0,0.4599657708497155,8.477408354646206,10.054600606673407,0.9239059741707702,0.9239059741707702,0.8531384430362181,22.346070900676057,15.72378516624041,18.649140546006063,0.0227272727272727,0.0994569589702333,0.7969896868902723,0.2860191390750558,10.298286849693474,1.2282051282051285,0.0,5.190265486725664,0.0045253419147224,0.1991150442477876,0.0075859197927748,0.0,0.0,0.1568627450980392,0.0085110319626254,0.5242165242165242,0.0,3.2734349094177344,0.0133310634535921,0.0075355940115367,-6.378318584070796,160200000.0,1076300000.0,-1060600000.0,2144000000.0,327300000.0,516400000.0,374150000.0,14.66210277996207,26.64663111972855,18.266117304895783,6.138273708120386,3.377537655533726,4.927155481251493,0.0209978630493356,0.0814159292035398,1999-10-19,0.1,bmo,2162000000.0,2025-04-25,1999-09-30,0.0,4.98296875,1150436.34375
1999-06-30,VLO,USD,1035002,1999-08-13,1999-08-13 00:00:00,1999,Q2,1824500000.0,1796400000.0,28100000.0,0.0154014799,0,14500000.0,0.0,14500000.0,34300000.0,48800000.0,1845200000.0,0.0,0.0,34300000.0,13600000.0,0.007454097,-20700000.0,-0.0113455741,-13500000.0,-34200000.0,-0.0187448616,-12100000.0,-22100000.0,-0.0121129076,-0.0975,-0.0975,226666667,226666667,https://www.sec.gov/Archives/edgar/data/1035002/000095013499007404/0000950134-99-007404-index.html,https://www.sec.gov/Archives/edgar/data/1035002/000095013499007404/,8.049264694045199,-0.0974999998566176,-0.0022058823496972,-0.0877941175179498,0.0255882352564878,4.659264699030493,4.659264699030493,4.659264699030493,4.178382346796496,1110666668.3000002,2051966668.3,-12.564102582579189,0.6087512569471089,-2221.3333366,-55.81239539195981,1.0516680885332828,1.0516680885332828,1.1246734274047685,150.87990208088237,-4103.9333366,-103.11390292964823,-0.0198979591544117,-0.0179171668403979,0.8967900766972825,0.33,69.21323529411765,1.4382307092751363,0.0,0.0226244343891402,0.004051620642301,-0.2036199095022624,0.0079473828446149,0.0,0.0,-38.8,0.0106330501507262,0.565597667638484,0.0,,-0.0056019414479745,-0.0077003484320557,-6.249264696692258,224900000.0,1056100000.0,-1075800000.0,2197800000.0,299650000.0,413550000.0,314550000.0,14.916963551657988,21.14228456913828,16.51302605210421,6.033399470899471,4.256872037914692,5.450242718446602,-0.0209260486696335,0.0855882351682525,1999-07-26,-0.08,bmo,1459199999.0,2025-04-25,1999-06-30,0.25,4.876825396825397,1283466.7936507936
1999-03-31,VLO,USD,1035002,1999-05-14,1999-05-14 00:00:00,1999,Q1,1337100000.0,1273500000.0,63600000.0,0.0475656271,0,18200000.0,0.0,18200000.0,36800000.0,55000000.0,1328500000.0,0.0,0.0,36800000.0,45395000.0,0.0339503403,8600000.0,0.0064318301,-12536000.0,-4000000.0,-0.0029915489,-1300000.0,-2700000.0,-0.0020192955,-0.012,-0.012,224228000,224228000,https://www.sec.gov/Archives/edgar/data/1035002/000095013499004250/0000950134-99-004250-index.html,https://www.sec.gov/Archives/edgar/data/1035002/,5.963126817346629,-0.0120413150899976,0.6618263553169096,0.4883422230943504,0.0593146261840626,4.8192018837968496,4.8192018837968496,4.8192018837968496,4.055693312164404,1273615040.0,2169715040.0,-117.9273185185185,0.9525204098421958,8.582311590296495,11.631187579908676,1.178618397186748,1.178618397186748,1.6227021464363174,47.79634409075889,14.62072129380054,19.814749223744293,-0.0021199498397883,0.0859757435025264,0.8415694984268,0.3231239340534395,19.74005947791607,1.34923106871715,0.0,-54.96296296296296,0.0035332497329805,-1.6666666666666667,0.0136115473786552,0.0,0.0,0.2621293800539083,0.0290928128038291,1.0570652173913044,0.0,,0.0024558954182002,-0.0009593519044911,-6.0120725333143055,179400000.0,1080600000.0,-1040700000.0,2154200000.0,290200000.0,344150000.0,307950000.0,19.984294368409245,28.62897526501767,21.166077738515902,4.503536544291007,3.14366823006665,4.252086811352254,-0.0024986118822876,0.1734841322225591,1999-04-26,-0.08,bmo,10696000000.0,2025-04-25,1999-03-31,-0.8495,4.53344262295082,1129983.5409836066
1998-12-31,VLO,USD,1035002,1999-02-26,1999-02-26 00:00:00,1998,Q4,1390200000.0,1546800000.0,-156600000.0,-0.1126456625,0,-20900000.0,0.0,-20900000.0,-8800000.0,-29700000.0,1517100000.0,0.0,0.0,-8800000.0,-135700000.0,-0.0976118544,-126900000.0,-0.09128183,-10700000.0,-137600000.0,-0.0989785642,-51900000.0,-85700000.0,-0.0616458064,-0.4,-0.4,216000000,216000000,https://www.sec.gov/Archives/edgar/data/1035002/000095013499001346/0000950134-99-001346-index.html,https://www.sec.gov/Archives/edgar/data/1035002/,6.436111111111111,-0.3967592592592592,-0.4736111111111111,-0.7347222222222223,0.0518518518518518,5.024537037037037,5.024537037037037,5.024537037037037,4.547685185185185,1047600000.0,2018700000.0,-3.056009334889148,0.7535606387570133,-10.240469208211143,-6.601134215500944,0.9652630609048188,0.9652630609048188,1.4520932239965472,-14.876197494473102,-19.733137829912025,-12.720226843100187,-0.0818060328369606,-0.1514891179839633,0.9050953653367731,0.3603844883883039,-7.156226971260133,1.2853124372111715,0.0,1.1936989498249708,0.0037694845360824,-0.0460783197199533,-0.0150338080851676,0.0,0.0,-0.5513196480938416,0.0405697022011221,-6.409090909090909,0.0,,-0.0330970806065209,-0.0314414645779065,-5.825810185185185,142000000.0,1085300000.0,-1000700000.0,2101300000.0,278050000.0,334750000.0,373650000.0,18.35347432024169,16.47788983708301,18.409619860356862,4.903703703703704,5.461864406779661,4.888748419721871,-0.0789643416566847,0.2611111111111111,1999-02-02,-0.26736,bmo,1390000000.0,2025-04-25,1998-12-31,0.4839916217833633,4.80359375,1553151.546875
1998-09-30,VLO,USD,1035002,1998-11-13,1998-11-13 00:00:00,1998,Q3,1338600000.0,1275700000.0,62900000.0,0.0469893919,0,16800000.0,0.0,16800000.0,32500000.0,49300000.0,1325000000.0,0.0,0.0,32500000.0,46100000.0,0.0344389661,13600000.0,0.0101598685,-7500000.0,6100000.0,0.0045569999,1800000.0,4300000.0,0.0032123114,0.02,0.02,215000000,215000000,https://www.sec.gov/Archives/edgar/data/1035002/000103500298000017/0001035002-98-000017-index.html,https://www.sec.gov/Archives/edgar/data/1035002/,6.226046511627907,0.02,0.5832558139534884,-1.162790697674419,0.0381395348837209,5.449767441860465,5.449767441860465,5.449767441860465,3.7427906976744185,976100000.0,1772600000.0,56.75,0.7291946810100105,7.783891547049442,-3.9044,0.833063070751899,0.833063070751899,1.324219333632153,38.45119305856833,14.135566188197767,-7.0904,0.0044052863436123,-0.2561212990472287,0.6867798924639413,0.2870033525929096,17.27765726681128,1.2872103004291846,0.0,29.162790697674417,0.0046101833828501,1.0465116279069768,0.0125504258180188,0.0,0.0,2.993620414673046,0.280442253100254,11.55076923076923,0.0,1.5660125634353033,0.0041175472430106,0.0015336329267422,-5.6,167300000.0,1171700000.0,-882300000.0,2095700000.0,298300000.0,382400000.0,371500000.0,18.328103989242493,27.253272713020305,30.39978051265972,4.910491562729273,3.302355682112348,2.9605476908795545,0.003669881368951,1.746046511627907,1998-10-20,0.03882,bmo,2678000000.0,2025-04-25,1998-09-30,-0.4848016486347243,5.37171875,1114037.609375
1998-06-30,VLO,USD,1035002,1998-08-14,1998-08-14 00:00:00,1998,Q2,1448100000.0,1335800000.0,112300000.0,0.077549893,0,18600000.0,0.0,18600000.0,29400000.0,48000000.0,1383800000.0,0.0,0.0,29400000.0,93700000.0,0.0647054761,64300000.0,0.0444030108,-6600000.0,57700000.0,0.0398453146,17700000.0,40000000.0,0.0276224018,0.18,0.18,225352113,228571429,https://www.sec.gov/Archives/edgar/data/1035002/000103500298000014/0001035002-98-000014-index.html,https://www.sec.gov/Archives/edgar/data/1035002/,6.425943740762706,0.1774999997448437,0.4233374993914523,0.2649187496191793,0.0292874999578992,5.254887492446099,5.254887492446099,5.254887492446099,2.374062496587285,1710422537.67,2238822537.67,10.6901408604375,1.1811494632069608,17.92895741792453,28.650293763316583,1.4443696484293194,1.4443696484293194,1.5460413905600443,23.893516944183567,23.46774148501048,37.50121503634841,0.023386034221982,0.0349036560763082,0.4517817936159432,0.2166255010730048,5.639274279615795,1.29618714312028,0.0,2.385,0.0026309288499729,0.1125,0.0128444168220426,0.0,0.0,0.3742138364779874,0.0246529935777915,1.2142857142857142,0.0,4.5811250684507865,0.0217250170328525,0.0161962991456452,-3.904334369387519,160800000.0,1184200000.0,-581800000.0,1791000000.0,297900000.0,358650000.0,323200000.0,20.136730888750776,25.50157209163048,21.027848480311423,4.469444444444444,3.5291941875825628,4.280038449214995,0.0337780780273602,0.158418749772273,1998-07-21,0.17,bmo,1367555555.0,2025-04-25,1998-06-30,0.0588235294117645,7.578412698412698,1190682.9206349207
1998-03-31,VLO,USD,1035002,1998-05-15,1998-05-15 00:00:00,1998,Q1,1362400000.0,1284200000.0,78200000.0,0.0573987082,0,55000000.0,0.0,55000000.0,25600000.0,80600000.0,1364800000.0,0.0,0.0,25600000.0,23200000.0,0.0170287728,-2400000.0,-0.0017615972,-6900000.0,-9300000.0,-0.0068261891,-3400000.0,-5900000.0,-0.0043305931,-0.0275,-0.0275,214545455,214545455,https://www.sec.gov/Archives/edgar/data/1035002/000103500298000006/0001035002-98-000006-index.html,https://www.sec.gov/Archives/edgar/data/1035002/,6.350169478071675,-0.0274999999417372,0.220466101227826,0.0657203388438128,0.0456779660049195,5.352245751372361,5.352245751372361,5.352245751372361,2.6721610112877943,1634836367.1,2198336367.1,-69.27272741949152,1.1999679735026425,34.563136725158564,115.94584163829786,1.423701443089785,1.423701443089785,1.6135763117293012,94.75587789224136,46.47645596405919,155.91038064539006,-0.0036089238768684,0.0086247163837024,0.4992597753200383,0.2358094768015794,24.28879310344828,1.2173604960141715,0.0,-8.016949152542374,0.0027525690586284,-0.7627118644067796,0.0403699354081033,0.0,0.0,0.7019027484143763,0.0243687610099823,1.296875,0.0,,-0.0007457416100118,-0.0024267851266864,-4.204703380922239,122700000.0,1148300000.0,-595700000.0,1729500000.0,319050000.0,376550000.0,351850000.0,17.955079271873164,23.743965114468157,23.428593676997355,5.012509197939662,3.790436835891381,3.8414597666766377,-0.0051380301314987,0.1547457623840132,1998-04-27,0.08,bmo,1362000000.0,2025-04-25,1998-03-31,0.0,7.498524590163935,916214.5409836066
1997-12-31,VLO,USD,1035002,1998-03-02,1998-03-02 00:00:00,1997,Q4,1596100000.0,1561800000.0,34300000.0,0.0214898816,0,16600000.0,0.0,16600000.0,-5000000.0,11600000.0,1573400000.0,0.0,0.0,-5000000.0,17700000.0,0.0110895307,22700000.0,0.0142221665,-4000000.0,18700000.0,0.0117160579,6300000.0,12400000.0,0.0077689368,0.058,0.058,214545455,214545455,https://www.sec.gov/Archives/edgar/data/1035002/000103500298000002/0001035002-98-000002-index.html,https://www.sec.gov/Archives/edgar/data/1035002/,7.439449136780828,0.057796610047041,-0.1561440674657964,1.3978389800893245,0.0461440676988473,5.401186429234775,5.401186429234775,5.401186429234775,2.573813553869039,1540436366.9,2082736366.9,31.05718481653226,0.9651252220412254,-45.98317513134329,5.136500056352117,1.329337562046945,1.329337562046945,1.304890900883403,117.6687212937853,-62.171234832835815,6.944769479493164,0.0080496671374709,0.1946850947199616,0.4765274421815671,0.2215002005615724,30.638418079096045,1.3209442491210448,0.0,-2.7016129032258065,0.0107761672969368,1.3387096774193548,0.0104003508552095,0.0,0.0,-9.952238805970149,0.2088841551281248,-66.68,0.0,2.650251116675867,0.0074601806101562,0.0049739269955876,-4.031197025357633,191700000.0,1158800000.0,-545200000.0,1784200000.0,359350000.0,423400000.0,358350000.0,20.65472088215024,23.874375720322707,21.286976565501345,4.357357357357357,3.7697320782042,4.227937195452085,0.0107007248878149,1.5539830475551206,1998-01-22,0.07,bmo,1824114285.0,2025-04-25,1997-12-31,-0.1428571428571429,7.15,1311566.765625
1997-09-30,VLO,USD,1035002,1997-11-14,1997-11-14 00:00:00,1997,Q3,1975700000.0,1841800000.0,133900000.0,0.0677734474,0,17500000.0,0.0,17500000.0,22200000.0,39700000.0,1881500000.0,0.0,0.0,22200000.0,116400000.0,0.0589158273,94200000.0,0.0476793035,-10800000.0,83400000.0,0.0422128866,31400000.0,51500000.0,0.0260667105,0.23,0.23,223913043,228888889,https://www.sec.gov/Archives/edgar/data/1035002/000103500297000013/0001035002-97-000013-index.html,https://www.sec.gov/Archives/edgar/data/1035002/,8.823514581953138,0.2300000004912621,1.324174760109888,-0.3813980590670638,0.0978058254516241,5.139048554665929,5.139048554665929,5.139048554665929,2.226310684366877,1677108692.07,2153708692.07,8.141304330436894,0.8488680933694387,5.656353092984823,-19.638275082786883,1.457468229834014,1.457468229834014,1.090099049486258,18.50265199372852,7.263772991804384,-25.219071335714283,0.0307076102124515,-0.0509209691678322,0.4332145650473625,0.2061024517302683,4.094501718213058,1.1296128251663642,0.0,5.757281553398058,0.0026831892418646,0.087378640776699,0.0088576200840208,0.0,0.0,1.288026981450253,0.1932985777192893,17.2027027027027,0.0,5.156992953960683,0.0303926587061528,0.0212924298176706,-3.6092135999420094,85700000.0,1150700000.0,-521100000.0,1644000000.0,365650000.0,444000000.0,420900000.0,16.053044490560307,21.13421652731024,16.970898034531437,5.6064131668558455,4.25849710982659,5.303196084077166,0.0447553662987746,1.7055728191769517,1997-10-21,0.23,bmo,1976000000.0,2025-04-25,1997-09-30,0.0,6.99609375,2106298.515625
1997-06-30,VLO,USD,1035002,1997-08-14,1997-08-14 00:00:00,1997,Q2,1362600000.0,1283000000.0,79600000.0,0.0584177308,0,10400000.0,0.0,10400000.0,13400000.0,23800000.0,1306800000.0,0.0,0.0,13400000.0,69200000.0,0.0507852635,55800000.0,0.0409511229,-12200000.0,43600000.0,0.0319976515,16000000.0,16700000.0,0.0122559812,0.0725,0.0725,205517241,205517241,https://www.sec.gov/Archives/edgar/data/1035002/000103500297000011/0001035002-97-000011-index.html,https://www.sec.gov/Archives/edgar/data/1035002/,6.630100683377703,0.0812583894117185,-0.3732046986753778,-0.536694631863027,0.0155704698273951,6.053506722581975,6.053506722581975,6.053506722581975,4.410822155791786,1157062066.83,2060362066.83,17.3212884255988,0.8491575420739762,-15.085554978226858,-10.490136598640072,0.9300394396190016,0.9300394396190016,1.5120813641787758,29.774018306791906,-26.86260843324641,-18.679619826201268,0.0144331064674455,-0.0953276433149248,0.728639176915039,0.3082913889266766,13.053468208092486,1.4183241973375098,0.0,-4.565476190476191,0.0077783208507191,0.5389221556886228,0.0076324673418464,0.0,0.0,-0.4380704041720991,0.0246587406428885,2.5074626865671643,0.0,3.3268167439499123,0.0145866104145261,0.0056794993878383,-5.652445480231023,267100000.0,1244100000.0,-790700000.0,1835900000.0,361900000.0,437200000.0,347600000.0,25.02642007926024,31.952455183164457,34.68823070927513,3.5961995249406176,2.8166849615806804,2.59453993933266,0.0134233582509444,0.1634899331876492,1997-07-17,0.12,bmo,1168285714.0,2025-04-25,1997-06-30,0.1666666666666668,5.5496875,2070371.578125
1997-03-31,VLO,USD,1035002,1997-06-27,1997-06-27 00:00:00,1997,Q1,1537100000.0,1438400000.0,98700000.0,0.0642118275,0,0.0,0.0,20200000.0,34600000.0,54800000.0,1493200000.0,0.0,0.0,34600000.0,78500000.0,0.0510701971,43900000.0,0.0285602758,-20500000.0,23400000.0,0.0152234728,8000000.0,15400000.0,0.0100188667,0.0725,0.0725,173793103,173793103,https://www.sec.gov/Archives/edgar/data/1035002/000103500297000002/0001035002-97-000002-index.html,https://www.sec.gov/Archives/edgar/data/1035002/,8.844424625987603,0.0886111113396715,0.2002380957545824,-0.0293452381709301,0.0926388891278384,6.323611127422013,6.323611127422013,6.323611127422013,5.7085119194862415,981931031.95,1957931031.95,15.940438830357143,0.6388205269338365,28.21640896408046,-192.53549646078432,0.8934768261601456,0.8934768261601456,1.273782468251903,24.94179658535032,56.26238597557472,-383.90804548039216,0.0156833825379949,-0.0051938474638814,0.902729754322111,0.3463310758919221,12.43312101910828,0.9437888198757765,0.0,2.25974025974026,0.0086564124398024,0.551948051948052,0.0,0.0,0.0,1.146551724137931,0.0259579728059332,1.153179190751445,0.0,3.550732279096454,0.0119966171122588,0.0053759687216365,-8.000749028573361,-36200000.0,1099000000.0,-1157800000.0,2056100000.0,253700000.0,305250000.0,206400000.0,20.19452215210461,26.21037263626252,12.55770300333704,4.456654102638446,3.43375507280974,7.166915794718485,0.0140127388535031,0.2295833339255125,1997-04-17,0.08,bmo,1729237500.0,2025-04-25,1997-03-31,-0.1249999999999999,5.0139344262295085,2750213.672131148
1996-12-31,VLO,USD,1035002,1996-12-31,1996-12-30 19:00:00,1996,Q4,1604300000.0,1490400000.0,113900000.0,0.0709966964,0,0.0,0.0,21300000.0,38500000.0,59800000.0,1550200000.0,0.0,0.0,38500000.0,92600000.0,0.0577198778,54100000.0,0.0337218725,-23100000.0,31000000.0,0.0193230693,12200000.0,18800000.0,0.0117185065,0.11,0.11,173793103,173793103,,,9.231091293651623,0.1081746034536249,0.3987500010285218,0.177797619506224,0.1139285717224348,6.25168652406189,6.25168652406189,6.25168652406189,5.884007951684941,773379308.35,1776179308.35,10.284299313164894,0.4820665139624758,11.15987457936508,25.02845658090615,0.711807923009664,0.711807923009664,1.107136638004114,19.18120203401728,25.63029304978355,57.4815310145631,0.0243088996524999,0.0399545212373537,0.9411872986654396,0.3246761493522987,10.829373650107993,1.014853747714808,0.0,3.6861702127659575,0.0111200285644414,0.4574468085106383,0.0,0.0,0.0,0.5541125541125541,0.0239356728791373,0.9974025974025974,0.0,3.90078947006593,0.0135088863416908,0.0059690119380238,-10.445610145990662,13000000.0,1086500000.0,-1174900000.0,2106900000.0,229550000.0,284900000.0,207750000.0,9.11612541295269,11.570048309178745,12.807971014492754,9.872615384615385,7.778705636743215,7.026874115983027,0.0173032673722963,0.2209523815222978,1997-01-21,0.08,bmo,1403762500.0,2025-04-25,1996-12-31,0.1249999999999999,3.97390625,1202297.65625
1996-09-30,VLO,USD,1035002,1996-09-30,1996-09-29 20:00:00,1996,Q3,1123500000.0,1032400000.0,91100000.0,0.0810858923,0,0.0,0.0,19100000.0,31900000.0,51000000.0,1083400000.0,0.0,0.0,31900000.0,96600000.0,0.0859813084,40100000.0,0.0356920338,-19300000.0,20800000.0,0.0185135737,7700000.0,13100000.0,0.0116599911,0.0575,0.0575,179130435,179130435,,,6.271966011805866,0.0731310678724137,0.0468932038265859,-0.0798300969904974,0.0787135921374835,6.023543682010263,6.023543682010263,6.023543682010263,5.659004847501207,612626087.6999999,1612226087.6999998,11.691337551526718,0.5452835671562082,72.93167710714286,-42.84098515384615,0.5677720924003707,0.5677720924003707,1.4350031933244325,16.68971105279503,191.93167710714283,-112.74308305594404,0.0213833531790683,-0.0233421336229524,0.939481000926784,0.3547258284634496,10.347826086956522,1.038938053097345,0.0,0.6412213740458015,0.0138746948108458,0.648854961832061,0.0,0.0,0.0,2.702380952380953,0.020204717400979,0.7115987460815048,0.0,3.148243016578403,0.01040168388037,0.0045841060993106,-8.041347077619724,22000000.0,1079000000.0,-1191700000.0,2103800000.0,313050000.0,378750000.0,184400000.0,23.759679572763684,32.96977915536613,17.73149941882991,3.7879298718813215,2.729772607086198,5.075712881022616,0.0121408711770157,0.1267233008170833,1996-10-24,0.07,bmo,,2025-04-25,1996-09-30,-0.1428571428571429,3.42765625,848196.71875
1996-06-30,VLO,USD,1035002,1996-06-30,1996-06-29 20:00:00,1996,Q2,1152700000.0,1042300000.0,110400000.0,0.0957751366,0,0.0,0.0,22100000.0,33800000.0,55900000.0,1098200000.0,0.0,0.0,33800000.0,50200000.0,0.0435499263,54500000.0,0.0472802984,-8700000.0,32200000.0,0.0279344149,11300000.0,20900000.0,0.0181313438,0.1,0.1,176585366,176585366,,,6.527720989065425,0.1183563534930748,0.6676657453030395,0.4654972371832895,0.1087292816778486,6.071850823697361,6.071850823697361,6.071850823697361,5.4783701612057705,699278049.36,1647478049.36,8.364569968421053,0.6066435753968943,5.931111529770992,8.507032230656934,0.6521899359820928,0.6521899359820928,1.429234015233799,32.81828783585657,13.973520350805767,20.042312036009733,0.0298879680538067,0.1175498073695175,0.902257041596717,0.3444911331101773,18.88844621513944,1.0622876557191392,0.0,5.641148325358851,0.01229839833793,0.4114832535885167,0.0,0.0,0.0,0.3027989821882951,0.0309707642925305,1.0562130177514792,0.0,4.021125185200245,0.0149485393857693,0.0074424898511502,-7.854416429954903,33000000.0,1072200000.0,-1173200000.0,2117100000.0,318900000.0,344250000.0,164900000.0,25.726555044677717,32.75160702293006,14.281876619015636,3.498330804248862,2.747956762457158,6.301692865779928,0.019492631971647,0.2021685081197498,1996-07-18,0.1,bmo,,2025-04-25,1996-06-30,0.0,4.183015873015872,611563.2063492064
1996-03-31,VLO,USD,1035002,1996-03-31,1996-03-30 19:00:00,1996,Q1,1067100000.0,961500000.0,105600000.0,0.0989597976,0,0.0,0.0,19100000.0,34200000.0,53300000.0,1014800000.0,0.0,0.0,34200000.0,86400000.0,0.0809671071,52300000.0,0.0490113391,-22500000.0,29700000.0,0.0278324431,9800000.0,19900000.0,0.018648674,0.0975,0.0975,175384615,175384615,,,6.084342118606013,0.1134649125295283,0.4572807027571945,0.2765350883257348,0.096359649334122,6.011359662305614,6.011359662305614,6.011359662305614,5.911008784892563,668215383.15,1688015383.15,8.394665617462312,0.6261975289569862,8.331862632793017,13.77763676597938,0.6338000409276296,0.6338000409276296,1.5818717862899447,19.53721508275463,21.04757335598504,34.804440889690724,0.029780816936884,0.0725813880120039,0.9833064592620696,0.374219398621088,11.80324074074074,1.114859094790777,0.0,4.030150753768845,0.0127204494454027,0.4271356783919598,0.0,0.0,0.0,0.3952618453865336,0.0297066816605753,0.9269005847953216,0.0,3.917494602550006,0.0144852682468423,0.0071833375446702,-7.900778526098199,53800000.0,1054300000.0,-1193800000.0,2132200000.0,323750000.0,310950000.0,152600000.0,26.002249086308687,28.94227769110764,15.388455538221528,3.4612390528705808,3.1096377749029758,5.848540145985401,0.0188750829934553,0.1807456144314596,1996-04-17,0.05,bmo,,2025-04-25,1996-03-31,1.0,3.777936507936508,611195.4920634921
1995-12-31,VLO,USD,1035002,1995-12-31,1995-12-30 19:00:00,1995,Q4,844300000.0,738500000.0,105800000.0,0.1253109084,0,0.0,0.0,21700000.0,36800000.0,58500000.0,797000000.0,0.0,0.0,36800000.0,84100000.0,0.0996091437,47300000.0,0.0560227407,-26500000.0,20800000.0,0.024635793,7900000.0,12900000.0,0.0152789293,0.074,0.074,175384615,175384615,,,4.813991238627174,0.073552631740247,0.00912280703755,-0.1322807020444752,0.1602192985969721,5.934385977926285,5.934385977926285,5.934385977926285,6.372280715728686,668215383.15,1757715383.15,12.94991052616279,0.7914430689920644,417.63461446875,-28.80238720474138,0.6420209292371254,0.6420209292371254,2.0818611668245883,20.900301821046373,1098.57211446875,-75.76359410129311,0.0193051526877288,-0.0347193443686286,1.0737893927747886,0.3885007126221017,12.954815695600477,1.327140721759556,0.0,0.1240310077519379,0.0130197541382357,0.6744186046511628,0.0,0.0,0.0,15.5,0.0293734454577756,0.6739130434782609,0.0,3.1338504104177014,0.0117792708616471,0.0044843049327354,-8.45570177292917,153200000.0,1040800000.0,-1214400000.0,2228600000.0,283150000.0,290950000.0,155000000.0,36.157763828023214,38.10832769126608,17.159106296547055,2.4890919811320757,2.361688519347618,5.245028409090909,0.0123943120676402,0.1414035090820252,1996-01-23,0.05,bmo,,2025-04-25,1995-12-31,0.1999999999999999,3.7714285714285714,504124.9523809524
1995-09-30,VLO,USD,1035002,1995-09-30,1995-09-29 20:00:00,1995,Q3,740400000.0,627600000.0,112800000.0,0.152350081,0,0.0,0.0,21200000.0,33800000.0,55000000.0,682600000.0,0.0,0.0,33800000.0,91600000.0,0.1237169098,57800000.0,0.0780659103,-22400000.0,35400000.0,0.0478119935,12800000.0,22600000.0,0.0305240411,0.11,0.11,174222222,174222222,,,4.249744903379777,0.1297193879205604,0.2404974492863487,0.0430484694426638,0.1337372450685424,6.030803579120923,6.030803579120923,6.030803579120923,6.1134566404508375,646364443.62,1688164443.62,7.150049155088495,0.8729935759319287,15.42635903627685,86.181925816,0.6151750676882078,0.6151750676882078,2.280070831469476,18.429742834279477,40.29032085011933,225.08859248266663,0.0349647945877521,0.0116033610357584,1.0137051489483202,0.3857939727615184,11.373362445414848,1.2353986795327578,0.0,1.853982300884956,0.013305187321003,0.3805309734513274,0.0,0.0,0.0,0.8210023866348448,0.0464613722312263,1.017751479289941,0.0,4.195476534487538,0.0151300032685847,0.0081860330339032,-8.218670291095243,92700000.0,1050700000.0,-1223600000.0,2187500000.0,212500000.0,256850000.0,157500000.0,27.605348460291733,38.604206500956025,24.263862332695982,3.260237780713342,2.3313521545319467,3.709219858156029,0.0215094698772247,0.1974489798436849,1995-10-19,0.11,bmo,,2025-04-25,1995-09-30,0.0,3.5687301587301583,684282.0634920635
1995-06-30,VLO,USD,1035002,1995-06-30,1995-06-29 20:00:00,1995,Q2,744600000.0,638000000.0,106600000.0,0.143164115,0,0.0,0.0,17800000.0,33900000.0,51700000.0,689700000.0,0.0,0.0,33900000.0,88800000.0,0.1192586624,54900000.0,0.0737308622,-22200000.0,32700000.0,0.0439161966,12200000.0,20500000.0,0.0275315606,0.1,0.1,175000000,175000000,,,4.2548571428571424,0.1171428571428571,0.1028571428571428,-0.1005714285714285,0.1217142857142857,5.915428571428572,5.915428571428572,5.915428571428572,6.082285714285714,551250000.0,1594350000.0,6.722560975609755,0.7403303787268332,30.625,-31.321022727272727,0.5325057959814529,0.5325057959814529,2.141216760676873,17.95439189189189,88.575,-90.5880681818182,0.03718820861678,-0.0319274376417233,1.028207109737249,0.3867029972752043,11.74662162162162,1.2677685950413222,0.0,0.8780487804878049,0.01578231292517,0.424390243902439,0.0,0.0,0.0,1.977777777777778,0.0478109051839914,1.0501474926253689,0.0,3.948592102488776,0.0140347556141828,0.007447774750227,-8.426714285714286,97200000.0,1035200000.0,-1257100000.0,2215200000.0,199900000.0,273050000.0,133250000.0,23.92022562449637,34.490595611285265,20.567398119122256,3.762506316321375,2.609406952965235,4.3758573388203015,0.0198029366306027,0.2034285714285714,1995-07-20,0.08,bmo,,2025-04-25,1995-06-30,0.25,3.197619047619048,691199.1428571428
1995-03-31,VLO,USD,1035002,1995-03-31,1995-03-30 19:00:00,1995,Q1,690500000.0,613600000.0,76900000.0,0.1113685735,0,0.0,0.0,17500000.0,30800000.0,48300000.0,661900000.0,0.0,0.0,30800000.0,59400000.0,0.0860246198,28600000.0,0.0414192614,-22400000.0,6200000.0,0.0089790007,2400000.0,3800000.0,0.0055032585,0.005,0.005,160000000,160000000,,,4.315625,0.02375,0.589375,0.403125,0.09375,6.33875,6.33875,6.33875,6.380625,456000000.0,1461900000.0,30.0,0.6603910209992759,4.835630965005302,7.069767441860465,0.4496154604614474,0.4496154604614474,2.1171614771904417,24.61111111111111,15.502651113467657,22.665116279069768,0.0083333333333333,0.1414473684210526,1.0066061920725695,0.3739286499157571,16.934343434343436,1.0083973128598849,0.0,24.81578947368421,0.018859649122807,2.263157894736842,0.0,0.0,0.0,0.3160127253446447,0.0431571325126719,0.9675324675324676,0.0,1.840453621053788,0.0073398510418158,0.0013918394256831,-9.30765625,3500000.0,1014200000.0,-1295700000.0,2131600000.0,217100000.0,321650000.0,151400000.0,26.3157132512672,44.23728813559322,17.703715775749675,3.4200099058940068,2.034482758620689,5.083678541839271,0.0037467955038453,0.18625,1995-04-20,,bmo,,2025-04-25,1995-03-31,,2.67936507936508,668465.380952381
1994-12-31,VLO,USD,1035002,1994-12-31,1994-12-30 19:00:00,1994,Q4,562600000.0,603500000.0,-40900000.0,-0.072698187,0,0.0,0.0,0.0,-68100000.0,-68100000.0,535400000.0,0.0,0.0,28900000.0,56100000.0,0.0997156061,27200000.0,0.0483469605,-21000000.0,6200000.0,0.0110202631,2300000.0,3900000.0,0.006932101,0.024,0.024,160000000,160000000,,,3.51625,0.024375,0.158125,-0.055625,0.16375,6.4075,6.4075,6.4075,6.775,419200000.0,1477000000.0,26.871794871794872,0.745111980092428,16.56916996047431,-47.10112359550562,0.4088958252048381,0.4088958252048381,2.6253110558123,26.32798573975045,58.3794466403162,-165.95505617977528,0.0093034351145038,-0.0212309160305343,1.057354662504877,0.3828494737585646,18.855614973262032,1.1564670138888888,0.0,6.487179487179487,0.0207538167938931,2.230769230769231,0.0,0.0,0.0,1.3517786561264822,0.0607891930323498,1.1833910034602075,0.0,1.8745968316547428,0.0070329157429113,0.0013774104683195,-9.46703125,72100000.0,1025200000.0,-1273300000.0,2213300000.0,217150000.0,298750000.0,176500000.0,37.16139353003911,50.95774647887323,27.15658657829329,2.4218682737839003,1.7661691542288558,3.314113124656782,0.0038041357783847,0.21375,1995-01-19,0.1845,bmo,,2025-04-25,1994-12-31,-0.8678590785907858,3.082222222222222,445394.07936507935
1994-09-30,VLO,USD,1035002,1994-09-30,1994-09-29 20:00:00,1994,Q3,577400000.0,472000000.0,105400000.0,0.1825424316,0,0.0,0.0,37700000.0,24500000.0,62200000.0,534200000.0,0.0,0.0,31700000.0,74900000.0,0.1297194319,43200000.0,0.0748181503,-23500000.0,19700000.0,0.0341184621,7200000.0,12500000.0,0.0216487703,0.055,0.055,172727273,172727273,,,3.342842099984986,0.0723684209383656,0.1325789471590858,0.0451578946655401,0.0561578946481717,5.959684201116288,5.959684201116288,5.959684201116288,5.887315780177922,544090909.9499999,1551290909.9499998,10.881818199,0.9423119327156216,23.75942838209607,69.75524486538461,0.5285514959685254,0.5285514959685254,2.686683252424662,20.71149412483311,67.74196113318776,198.8834499935897,0.0229741018851954,0.0143358395763619,0.9878570040800466,0.3840256797583081,13.447263017356477,1.1942919868276618,0.0,1.832,0.0158061820970144,0.688,0.0,0.0,0.0,0.6593886462882096,0.0261517145826117,0.4763406940063091,0.0,3.1151390074661998,0.0116852108076947,0.0047205438066465,-7.94286840851126,70800000.0,1029400000.0,-1183400000.0,2139000000.0,101000000.0,127900000.0,85450000.0,31.4859715968133,48.77542372881357,32.58686440677966,2.8584158415841583,1.8451915559030487,2.761849034523113,0.0121429959199533,0.0874210524935457,1994-10-28,0.06,bmo,,2025-04-25,1994-09-30,0.0,3.0215625,501025.515625
1994-06-30,VLO,USD,1035002,1994-06-30,1994-06-29 20:00:00,1994,Q2,416100000.0,335800000.0,80300000.0,0.1929824561,0,0.0,0.0,29300000.0,20900000.0,50200000.0,386000000.0,0.0,0.0,19000000.0,51000000.0,0.1225666907,30100000.0,0.0723383802,-23200000.0,6900000.0,0.0165825523,2700000.0,4200000.0,0.0100937275,0.0075,0.0075,160000000,160000000,,,2.600625,0.02625,-0.071875,-0.17875,0.3,6.395625,6.395625,6.395625,6.07875,435200000.00000006,1359800000.0,25.90476190476191,1.0459024273011297,-37.84347826086957,-15.216783216783218,0.4252907260822828,0.4252907260822828,3.267964431627013,26.662745098039217,-118.24347826086957,-47.54545454545455,0.0096507352941176,-0.0657169117647058,0.950454412195837,0.3586150953135946,18.12941176470588,1.1446212301116123,0.0,-2.738095238095238,0.0183823529411764,1.9047619047619049,0.0,0.0,0.0,-1.4869565217391305,0.0410958904109589,0.9,0.0,1.9435575668410232,0.0079972671891902,0.0015486154640315,-10.255,60900000.0,1023300000.0,-1206800000.0,2143400000.0,38550000.0,36550000.0,50600000.0,0.0,0.0,0.0,0.0,0.0,0.0,0.0041043682204632,0.106875,1994-07-21,0.02279,bmo,,2025-04-25,1994-06-30,0.3163668275559455,3.073225806451613,551480.9032258064
1994-03-31,VLO,USD,1035002,1994-03-31,1994-03-30 19:00:00,1994,Q1,281300000.0,232900000.0,48400000.0,0.1720583007,0,0.0,0.0,0.0,22800000.0,22800000.0,255700000.0,0.0,0.0,22800000.0,48400000.0,0.1720583007,25600000.0,0.0910060434,-15600000.0,10000000.0,0.0355492357,3700000.0,6300000.0,0.0223960185,0.0325,0.0325,178461538,178461538,,,1.5762500040765086,0.0353017242292285,0.1759482763171076,0.095818965765049,0.7077155190716781,5.751379325219085,5.751379325219085,5.751379325219085,2.541724144504459,578215383.12,905515383.12,22.94505488571429,2.05551149349449,18.41450264713376,33.813765094736844,0.563343124629774,0.563343124629774,3.21903797767508,18.708995519008266,28.83806952611465,52.954115971929824,0.01089559389791,0.0295737548657558,0.4419329696024942,0.2428005566855797,6.762396694214876,2.452229299363057,0.0,4.984126984126984,0.0102038101583602,0.9365079365079364,0.0,0.0,0.0,0.4554140127388535,0.0508354070387486,0.6271929824561403,0.0,2.137347925519579,0.0091860796263598,0.0033722299539663,-3.4017133708665,205200000.0,1026400000.0,-495300000.0,1499600000.0,70800000.0,82050000.0,107300000.0,24.667614646285102,28.24817518248175,39.10691283812795,3.648508430609598,3.186046511627907,2.3013833992094863,0.0061379579111457,0.0801293105520585,1994-04-21,0.02308,bmo,,2025-04-25,1994-03-31,0.2998266897746967,3.385238095238095,831436.2222222222
1993-12-31,VLO,USD,1035002,1993-12-31,1993-12-30 19:00:00,1993,Q4,282000000.0,278800000.0,3200000.0,0.0113475177,0,0.0,0.0,0.0,20900000.0,20900000.0,299700000.0,0.0,0.0,20900000.0,3200000.0,0.0113475177,-17700000.0,-0.0627659574,-9400000.0,-27100000.0,-0.0960992908,-11900000.0,-15200000.0,-0.0539007092,-0.0893,-0.0852,170301778,178461538,,,1.65588406246704,-0.0892533253528333,0.2354643649110933,-0.1961224386042522,0.0428650838865581,5.026958673326359,5.026958673326359,5.026958673326359,3.0199332387475133,558589831.8399999,1065589831.84,-9.187332760526315,1.9808150065248225,13.929920993516207,-16.724246462275445,0.6524819902347856,0.6524819902347856,3.7786873469503535,332.99682245,26.573312514713216,-31.90388718083832,-0.0272113796807418,-0.0597934264037354,0.6007475762177316,0.2914871911131262,158.4375,1.53921568627451,0.0,-2.638157894736842,0.0105623118497616,-0.3881578947368421,0.0,0.0,0.0,1.832917705735661,0.2606382978723404,3.5167464114832536,0.0,,-0.0060530914436636,-0.0086148265699387,-4.67361532772723,82500000.0,856100000.0,-672800000.0,1376100000.0,73550000.0,96650000.0,135650000.0,20.58510638297872,29.37589670014347,36.60688665710186,4.372093023255814,3.063736263736264,2.4585537918871254,-0.0177549351711248,0.4315868035153455,1994-01-21,0.05889,bmo,,2025-04-25,1993-12-31,-0.6603837663440312,3.601875,681475.359375
1993-09-30,VLO,USD,1035002,1993-09-30,1993-09-29 20:00:00,1993,Q3,323400000.0,273400000.0,50000000.0,0.1546072975,0,0.0,0.0,0.0,19500000.0,19500000.0,292900000.0,0.0,0.0,33100000.0,63600000.0,0.1966604824,30500000.0,0.0943104515,1600000.0,32100000.0,0.099257885,20800000.0,11300000.0,0.0349412492,0.065,0.065,169230769,169230769,,,1.911000002605909,0.066772727363781,0.2576363639876859,0.1719545456890289,0.2351818185025206,5.135590916093988,5.135590916093988,5.135590916093988,3.0425909132398967,648153845.27,1123253845.27,14.339686842256636,2.0041862871675944,14.865913882339449,22.2733280161512,0.7457759121735128,0.7457759121735128,3.473264827674706,17.661223982232706,25.762702873165136,38.599788497250856,0.017434132470961,0.0448967482216785,0.5924519617995627,0.2830209421205958,7.470125786163522,1.953989516598719,0.0,3.8584070796460175,0.00656318537859,0.3764560920666371,0.0,0.0,0.0,0.3325688073394495,0.0448361162646876,0.4380664652567976,0.0,2.777704406893527,0.0064134520784962,0.0062111801242236,-4.547045460745971,163800000.0,869100000.0,-614700000.0,1422100000.0,90800000.0,100950000.0,152400000.0,22.987012987012985,33.67593269934162,51.97878566203365,3.915254237288136,2.6725317693059627,1.7314756174794173,0.0130019560464848,0.085681818298657,1993-10-15,0.11,bmo,,2025-04-25,1993-09-30,0.0909090909090908,3.79890625,649008.265625
1993-06-30,VLO,USD,1035002,1993-06-30,1993-06-29 20:00:00,1993,Q2,321100000.0,270100000.0,51000000.0,0.1588290252,0,0.0,0.0,0.0,12900000.0,12900000.0,283000000.0,0.0,0.0,8400000.0,43600000.0,0.1357832451,38100000.0,0.1186546247,800000.0,38900000.0,0.1211460604,14200000.0,24700000.0,0.0769230769,0.14,0.14,174285714,174285714,,,1.8423770522006184,0.1417213117077398,0.1239344264326793,-0.0390163935065842,0.0447540984340231,4.983770499973394,4.983770499973394,4.983770499973394,3.080573775541924,596057141.88,1125157141.88,6.032967023076923,1.8562975455621304,27.59523805,-87.65546204117646,0.686227425604421,0.686227425604421,3.5040708249143573,25.80635646513762,52.09060842037037,-165.46428557058826,0.0414389800315028,-0.0114083021949076,0.6181211144370251,0.2946923541357923,12.135321100917432,1.914694894146949,0.0,0.8744939271255061,0.00735,0.1773692304784615,0.0,0.0,0.0,1.3148148148148149,0.0884459669884771,3.380952380952381,0.0,3.98646410762693,0.0143606974049204,0.0135572753718645,-4.577540991110723,146900000.0,868600000.0,-645800000.0,1424500000.0,105500000.0,95850000.0,134000000.0,27.74836499532856,33.18770825620141,48.94853757867457,3.243434343434344,2.711847389558233,1.8386657590197413,0.0284365645866912,0.1629508199392636,1993-07-14,0.13,bmo,,2025-04-25,1993-06-30,0.0769230769230769,3.6263492063492064,772041.3015873015
1993-03-31,VLO,USD,1035002,1993-03-31,1993-03-30 19:00:00,1993,Q1,295800000.0,224300000.0,71500000.0,0.2417173766,0,0.0,0.0,29800000.0,17100000.0,46900000.0,271200000.0,0.0,0.0,17100000.0,41700000.0,0.1409736308,24600000.0,0.0831643002,-300000.0,24300000.0,0.0821501014,8700000.0,15600000.0,0.0527383367,0.09,0.09,170000000,170000000,,,1.74,0.0917647058823529,0.2117647058823529,-0.0423529411764705,0.0476470588235294,4.990588235294117,4.990588235294117,4.990588235294117,3.0829411764705883,595000000.0,1111000000.0,9.53525641025641,2.0114942528735638,16.52777777777778,-82.63888888888889,0.7013201320132013,0.7013201320132013,3.755916159567275,26.642685851318944,30.86111111111111,-154.30555555555554,0.0262184873949579,-0.0121008403361344,0.6177510608203678,0.2948357335733573,12.37410071942446,1.8247220405493787,0.0,2.3076923076923075,0.0085714285714285,0.3269230769230769,0.0,0.0,0.0,1.2,0.1460446247464503,2.526315789473684,0.0,3.20999951492413,0.0095991931635014,0.0087758775877587,-4.567941176470589,126100000.0,848400000.0,-650200000.0,1388400000.0,105900000.0,102800000.0,133750000.0,34.07707910750507,36.95497102095408,48.5911725367811,2.6410714285714287,2.435396308360478,1.852188274153592,0.0183875530410183,0.2541176470588235,1993-05-19,0.08,bmo,,2025-04-25,1993-03-31,0.1249999999999999,3.4837096774193546,1102372.0
1992-12-31,VLO,USD,1035002,1992-12-31,1992-12-30 19:00:00,1992,Q4,303700000.0,366200000.0,-62500000.0,-0.2057951926,0,0.0,0.0,0.0,-78400000.0,-78400000.0,287800000.0,0.0,0.0,12200000.0,28100000.0,0.0925255186,15900000.0,0.052354297,-2500000.0,13400000.0,0.0441224893,5200000.0,8200000.0,0.0270003293,0.048,0.048,170000000,170000000,,,1.786470588235294,0.048235294117647,0.31,0.0594117647058823,0.048235294117647,4.916470588235294,4.916470588235294,4.916470588235294,2.9729411764705884,603500000.0,1100700000.0,18.39939024390244,1.987158379980244,11.451612903225806,59.75247524752475,0.7220626944245035,0.7220626944245035,3.624300296345077,39.17081850533808,20.886148007590133,108.98019801980196,0.0135874067937033,0.0167357083678541,0.6046901172529313,0.2873060087544767,17.693950177935942,1.746704871060172,0.0,6.426829268292683,0.008285004142502,0.6097560975609756,0.0,0.0,0.0,0.8083491461100569,0.140270003292723,3.4918032786885247,0.0,2.3099386591415234,0.0060524077794654,0.0046614746177022,-4.512058823529412,130300000.0,835800000.0,-618500000.0,1362400000.0,103050000.0,120450000.0,161550000.0,29.575238722423443,27.89459311851447,35.9803386127799,3.04308617234469,3.226431718061674,2.501366120218579,0.0098109595597032,0.2505882352941176,1992-12-30,,bmo,,2025-04-25,1992-12-31,,3.465625,770830.765625
1992-09-30,VLO,USD,1035002,1992-09-30,1992-09-29 20:00:00,1992,Q3,336700000.0,254900000.0,81800000.0,0.2429462429,0,0.0,0.0,29900000.0,11700000.0,41600000.0,296500000.0,0.0,0.0,11700000.0,51900000.0,0.1541431541,40200000.0,0.1193941194,3000000.0,43200000.0,0.1283041283,15100000.0,28100000.0,0.0834570835,0.16,0.16,171076923,171076923,,,1.9681205044820689,0.1642535971961572,0.0356564748361764,-0.2630395684635969,0.0438399280772661,4.862724822330362,4.862724822330362,4.862724822330362,2.862455037258298,680886153.54,1163086153.54,6.057705992348754,2.022233898247698,111.6206809081967,-15.130803412,0.8184711546339704,0.8184711546339704,3.4543693303831304,22.410137833140656,190.6698612360656,-25.84635896755556,0.0412697480392354,-0.0660903438350746,0.5886524822695035,0.2809846224466376,9.290944123314066,1.6244498777506111,0.0,0.2170818505338078,0.0074902389679751,0.1814946619217081,0.0,0.0,0.0,8.37704918032787,0.1517671517671517,4.367521367521367,0.0,4.239245333247788,0.0166700313088812,0.0161234794583428,-4.2982126817887645,127700000.0,831900000.0,-578700000.0,1329400000.0,102600000.0,132050000.0,160950000.0,28.41401841401841,44.98234601804629,62.38917222440173,3.167450611476952,2.000784929356358,1.4425580079230331,0.033778098329126,0.2986960432997734,1993-01-22,0.09,bmo,,2025-04-25,1992-09-30,-0.3333333333333333,3.7821875,836448.96875
1992-06-30,VLO,USD,1035002,1992-06-30,1992-06-29 20:00:00,1992,Q2,319100000.0,231100000.0,88000000.0,0.2757756189,0,0.0,0.0,29800000.0,13000000.0,42800000.0,273900000.0,0.0,0.0,13000000.0,58200000.0,0.1823879662,45200000.0,0.1416483861,-1300000.0,43900000.0,0.1375744281,16500000.0,27400000.0,0.0858664995,0.16,0.16,172063492,172063492,,,1.85454797116404,0.1592435424941858,0.4306549817087288,-0.2981457565675814,0.2435147602374593,4.692453876270278,4.692453876270278,4.692453876270278,2.651928045259014,624590475.96,1038990475.96,5.698818211313868,1.957350285051708,8.429021268016195,-12.17525294269006,0.7735824572207084,0.7735824572207084,3.2560027450955813,17.852070033676977,14.021463913090418,-20.25322565224172,0.0438687444887564,-0.0821338172362483,0.5651473866732722,0.2717689100655152,7.120274914089347,1.8494868871151653,0.0,2.6945454545454544,0.0081653502515568,0.1861313868613138,0.0,0.0,0.0,1.6923076923076923,0.3929802569727358,9.646153846153846,0.0,4.100361814593524,0.0187463549216825,0.0163192376414532,-3.969029060505177,149000000.0,807400000.0,-547200000.0,1311600000.0,91850000.0,113750000.0,148800000.0,27.894077091820748,53.23669407183037,56.54694937256598,3.226491405460061,1.6905632772494514,1.5915977961432506,0.0339360911567996,0.7288007382763102,1992-06-29,,bmo,,2025-04-25,1992-06-30,,4.397619047619048,1051135.7142857143
1992-03-31,VLO,USD,1035002,1992-03-31,1992-03-30 19:00:00,1992,Q1,275100000.0,231100000.0,44000000.0,0.1599418393,0,0.0,0.0,0.0,11300000.0,11300000.0,242400000.0,0.0,0.0,11300000.0,44000000.0,0.1599418393,32700000.0,0.118865867,-1900000.0,30800000.0,0.1119592875,10700000.0,20100000.0,0.0730643402,0.12,0.12,163333333,163333333,,,1.684285717723032,0.1230612247409412,0.1200000002448979,-0.2700000005510204,0.0593877552232403,4.861224499716784,4.861224499716784,4.861224499716784,2.148367351323199,808499998.35,1149699998.35,10.055970128731344,2.938931291712105,41.249999915816325,-18.33333329591837,1.0182619626574307,1.0182619626574307,4.179207554889131,26.129545417045453,58.65816318112245,-26.07029474716553,0.0248608534830184,-0.0545454546567718,0.4419395465994962,0.2319693263700667,7.754545454545455,2.0438397581254724,0.0,0.9751243781094528,0.0049474335289588,0.1990049751243781,0.0,0.0,0.0,3.25,0.2315521628498727,5.6371681415929205,0.0,3.668805720558923,0.0154379910764197,0.0132874991736629,-3.4848979662957102,138100000.0,794000000.0,-448300000.0,1188600000.0,70550000.0,111850000.0,168650000.0,27.74263904034897,35.36131544785807,59.35093033318909,3.244103773584906,2.5451541850220263,1.5164041994750657,0.0253148614609571,0.3900000007959183,1992-03-30,,bmo,,2025-04-25,1992-03-31,,4.766984126984127,957133.507936508
1991-12-31,VLO,USD,1035002,1991-12-31,1991-12-30 19:00:00,1991,Q4,195400000.0,140000000.0,55400000.0,0.2835209826,0,0.0,0.0,27100000.0,9500000.0,36600000.0,176600000.0,0.0,0.0,9500000.0,28300000.0,0.1448311157,18800000.0,0.0962128966,14000000.0,32800000.0,0.1678607984,10000000.0,22800000.0,0.1166837257,0.14,0.14,163333333,163333333,,,1.1963265330537276,0.1395918370195751,0.159795918693461,-0.3287755108750521,0.0851020409900041,4.301632661840067,4.301632661840067,4.301632661840067,2.3369387802794668,754599998.46,1122399998.46,8.27412279013158,3.8618218959058335,28.911877335632187,-14.052141498324024,1.0740108147736978,1.0740108147736978,5.744114628761516,39.66077733074205,43.00383135862069,-20.901303509497208,0.0302146833375703,-0.0711635304924355,0.5432678622260176,0.257748666351543,12.996466431095406,1.7191413237924866,0.0,1.144736842105263,0.0066260270477128,0.219298245614035,0.0,0.0,0.0,3.057471264367816,0.4083930399181167,8.4,0.0,3.675681994217855,0.0099378651581192,0.0153960429468566,-3.8554591915417538,120600000.0,702600000.0,-490000000.0,1118800000.0,57550000.0,114600000.0,162850000.0,25.93142272262027,85.43571428571428,118.86428571428571,3.47069271758437,1.053423626787058,0.7571660356949702,0.0324508966695132,0.4885714295685131,1991-12-30,,bmo,,2025-04-25,1991-12-31,,4.26859375,609390.328125
1991-09-30,VLO,USD,1035002,1991-09-30,1991-09-29 20:00:00,1991,Q3,256500000.0,178800000.0,77700000.0,0.3029239766,0,0.0,0.0,30200000.0,9300000.0,39500000.0,218300000.0,0.0,0.0,9200000.0,47500000.0,0.1851851852,38200000.0,0.1489278752,6000000.0,44200000.0,0.1723196881,14200000.0,30000000.0,0.1169590643,0.18,0.18,162857143,162857143,,,1.574999998618421,0.1842105261542013,0.2413157892620037,-0.1314035086566636,0.5477192977651585,4.333859645321176,4.333859645321176,4.333859645321176,2.0987719279835333,613971429.11,866571429.11,5.116428575916666,2.393650795750488,15.622682674554706,-28.690253696728973,0.8698943455794843,0.8698943455794843,3.3784461173879143,18.24360903389474,22.05016359058524,-40.49399201448598,0.0488622085289658,-0.0348550420839956,0.484273165202607,0.2438467575087393,5.3178947368421055,2.289034132171387,0.0,1.31,0.0087951975352138,0.18,0.0,0.0,0.0,1.544529262086514,0.2366471734892787,6.5978260869565215,0.0,4.238243471618775,0.0204831741269985,0.0214025825782977,-3.0222806991032627,177500000.0,705800000.0,-380700000.0,1105500000.0,61750000.0,86400000.0,122700000.0,20.63157894736842,48.4731543624161,70.87248322147651,4.362244897959184,1.8566978193146413,1.2698863636363635,0.042504958911873,0.3727192979186672,1991-09-29,,bmo,,2025-04-25,1991-09-30,,3.77578125,721968.890625
1991-06-30,VLO,USD,1035002,1991-06-30,1991-06-29 20:00:00,1991,Q2,273000000.0,199100000.0,73900000.0,0.2706959707,0,0.0,0.0,29100000.0,9200000.0,38300000.0,237400000.0,0.0,0.0,9200000.0,44800000.0,0.1641025641,35600000.0,0.1304029304,2500000.0,38100000.0,0.1395604396,12900000.0,25200000.0,0.0923076923,0.14,0.14,162068966,162068966,,,1.6844680800888183,0.1554893612389678,0.086999999740851,-0.1616595739865459,0.8804893590793934,4.377148923131897,4.377148923131897,4.377148923131897,2.1132978660454955,560758622.36,760558622.36,5.563081571031746,2.054060887765568,39.77011506099291,-21.40300085343512,0.790468878432478,0.790468878432478,2.7859290196337,16.976754963392857,53.94032782695036,-29.0289550519084,0.0449391217453664,-0.0467224202273254,0.4828023681984776,0.2507137105629163,4.459821428571429,3.0267379679144386,0.0,0.5573122529644269,0.0096298118025785,0.2142857142857142,0.0,0.0,0.0,2.858156028368794,0.1476190476190476,4.380434782608695,0.0,3.913246992891751,0.0187531512367898,0.0184466730107605,-2.5493776519805773,227400000.0,709400000.0,-317100000.0,1104200000.0,68500000.0,98300000.0,112500000.0,21.32967032967033,34.58061275740834,47.28277247614265,4.219474497681607,2.6026143790849674,1.9034416826003824,0.0355229771638003,0.248659573727397,1991-06-29,,bmo,,2025-04-25,1991-06-30,,3.70921875,1117066.234375
1991-03-31,VLO,USD,1035002,1991-03-31,1991-03-30 19:00:00,1991,Q1,286900000.0,222700000.0,64200000.0,0.2237713489,0,0.0,0.0,28900000.0,8700000.0,37600000.0,260300000.0,0.0,0.0,8700000.0,35300000.0,0.1230393865,26600000.0,0.0927152318,4600000.0,31200000.0,0.1087486929,10600000.0,20600000.0,0.0718020216,0.12,0.12,160851064,160851064,,,1.783637564250119,0.1280687829332605,0.6422089940294085,0.3382010578431735,1.0749074062699393,4.285330683295946,4.285330683295946,4.285330683295946,2.129920632666751,587106383.6,756806383.6,7.125077470873786,2.046379866155455,5.683508069699903,10.79239675735294,0.851742903815465,0.851742903815465,2.6378751606831647,21.439274322946176,7.3262960658276866,13.911882051470588,0.0350873377899344,0.0926578240666228,0.4970259683737124,0.2479913137893594,4.807365439093484,2.459579885423297,0.0,5.014563106796117,0.0078350365938688,0.2233009708737864,0.0,0.0,0.0,0.473378509196515,0.1704426629487626,5.620689655172414,0.0,3.5140268089779947,0.014324133849458,0.0149113282663771,-2.5170800237914497,229300000.0,689300000.0,-305800000.0,1074900000.0,71100000.0,118550000.0,144950000.0,22.6803764377832,48.53614728334082,48.65738661876964,3.968188105117566,1.8542880932556205,1.8496677740863787,0.0298853909763528,0.304007936186235,1991-03-30,,bmo,,2025-04-25,1991-03-31,,2.856393442622951,1314612.9344262294
1990-12-31,VLO,USD,1035002,1990-12-31,1990-12-30 19:00:00,1990,Q4,335600000.0,250400000.0,85200000.0,0.2538736591,0,0.0,0.0,29200000.0,9400000.0,38600000.0,289000000.0,0.0,0.0,9400000.0,56000000.0,0.1668653159,46600000.0,0.1388557807,6700000.0,53300000.0,0.1588200238,20000000.0,33300000.0,0.0992252682,0.21,0.21,160851064,160851064,,,2.0864021141942835,0.2070238093047367,0.3643121689266538,-0.0746031745242294,0.3214153435752218,4.198293646351012,4.198293646351012,4.198293646351012,1.548015871377761,384434042.96,581734042.96,2.886141463663664,1.1455126429082243,6.560307900341297,-32.03617024666667,0.5692789026506737,0.5692789026506737,1.7334149075089391,10.38810791,9.927202098293517,-48.47783691333333,0.0866208407132789,-0.0312147173741545,0.368725011106175,0.1985645933014354,3.523214285714286,2.108433734939759,0.0,1.7597597597597598,0.0119656416600925,0.1381381381381381,0.0,0.0,0.0,1.204778156996587,0.2103694874851013,7.51063829787234,0.0,4.422194220414549,0.0263189941191096,0.0265550239234449,-2.4235152090756453,165600000.0,675300000.0,-263700000.0,971600000.0,86750000.0,136400000.0,170600000.0,18.745530393325385,42.05271565495208,60.92252396166135,4.801144492131616,2.14017094017094,1.4772861356932154,0.0493114171479342,0.4389153434508832,1990-12-30,,bmo,,2025-04-25,1990-12-31,,2.82390625,1221880.5
1990-09-30,VLO,USD,1035002,1990-09-30,1990-09-29 20:00:00,1990,Q3,296600000.0,214300000.0,82300000.0,0.277478085,0,0.0,0.0,33300000.0,8800000.0,42100000.0,256400000.0,0.0,0.0,8800000.0,49000000.0,0.1652056642,40200000.0,0.1355360755,8000000.0,48200000.0,0.1625084289,16400000.0,31800000.0,0.1072151045,0.19,0.19,157894737,157894737,,,1.8784666647882,0.2013999997986,0.4661333328672,0.2362333330971,0.056999999943,4.1115999958884,4.1115999958884,4.1115999958884,0.9081999990918,435789474.12,570189474.1199999,3.426017878301886,1.4692834596089006,5.9210526375,11.683363917426272,0.6712715251386321,0.6712715251386321,1.922418995684423,11.636519879999998,7.747139594021737,15.286581075603214,0.0729710144197826,0.0855917873540217,0.2208872458410351,0.12533869417009,2.742857142857143,1.6947311243889192,0.0,2.314465408805032,0.0107850241438043,0.1477987421383647,0.0,0.0,0.0,0.4932065217391304,0.1223870532703978,4.125,0.0,4.31644707632754,0.0275811061784991,0.0277947731841622,-2.04154999795845,127900000.0,649200000.0,-182900000.0,873100000.0,83350000.0,112000000.0,155100000.0,31.43627781523938,65.43163789080728,72.10919272048531,2.862934362934363,1.3754813863928113,1.2481071636575425,0.0489833641404805,0.2298999997701,1990-09-29,,bmo,,2025-04-25,1990-09-30,,2.5136507936507937,1925172.253968254
1990-06-30,VLO,USD,1035002,1990-06-30,1990-06-29 20:00:00,1990,Q2,276300000.0,210700000.0,65600000.0,0.2374230908,0,0.0,0.0,25400000.0,8700000.0,34100000.0,244800000.0,0.0,0.0,8700000.0,40200000.0,0.1454940282,31500000.0,0.1140065147,-2100000.0,29400000.0,0.1064060803,9500000.0,19900000.0,0.0720231632,0.13,0.13,141960784,141960784,,,1.9463121589973749,0.1401795583208388,0.2944475144628674,0.1373618787566008,0.0429696133546289,3.8940331577768688,3.8940331577768688,3.8940331577768688,1.4990055281745978,347803920.8,554503920.8,4.369395989949749,1.2587908823742309,8.320667961722489,17.836098502564102,0.6291677293777135,0.6291677293777135,2.0068907737965977,13.793629870646765,13.265644038277513,28.4360985025641,0.0572161462534035,0.0560660729618778,0.3849493487698987,0.2111739605041183,5.141791044776119,1.7649805447470817,0.0,2.100502512562814,0.0120757695610198,0.2110552763819095,0.0,0.0,0.0,0.5334928229665071,0.0807093738689829,2.5632183908045976,0.0,3.504559399302131,0.0231880680494057,0.0197479408554133,-2.340258983072395,98300000.0,552800000.0,-228100000.0,816100000.0,69700000.0,65500000.0,128300000.0,20.553745928338763,29.131466540104416,59.15994304698624,4.378763866877971,3.089442815249267,1.5212996389891698,0.0359985528219971,0.1570856357062666,1990-06-29,,bmo,,2025-04-25,1990-06-30,,2.344444444444445,851411.9841269841
1990-03-31,VLO,USD,1035002,1990-03-31,1990-03-30 19:00:00,1990,Q1,260400000.0,209600000.0,50800000.0,0.1950844854,0,0.0,0.0,26000000.0,8700000.0,34700000.0,244300000.0,0.0,0.0,8700000.0,24800000.0,0.0952380952,16100000.0,0.061827957,-1400000.0,14700000.0,0.0564516129,5000000.0,9700000.0,0.037250384,0.055,0.055,143636364,143636364,,,1.8129113878154144,0.067531645398654,0.155949366693799,0.0960759491238583,0.0529113922711104,3.737911382941996,3.737911382941996,3.737911382941996,1.565759489706938,334672728.12,551972728.12,8.625585776288661,1.2852255304147466,14.940746791071428,24.251646965217397,0.6233427605140622,0.6233427605140622,2.1197109374807988,22.25696484354839,24.641639648214287,39.99802377681159,0.0289835387977056,0.0412343129286945,0.4188861985472155,0.2263258528731005,8.762096774193548,1.976419213973799,0.0,2.309278350515464,0.0107567772857464,0.3711340206185567,0.0,0.0,0.0,0.3839285714285714,0.0330261136712749,0.9885057471264368,0.0,2.3831941561693437,0.0117040977457414,0.0097614974338331,-2.317832272613083,111800000.0,536900000.0,-230500000.0,817300000.0,78900000.0,71650000.0,122350000.0,26.370967741935484,26.96564885496183,50.71087786259542,3.412844036697248,3.337579617834395,1.7747671464860288,0.0180666790836282,0.0598734175699407,1990-03-30,,bmo,,2025-04-25,1990-03-31,,2.346825396825397,944739.7301587302
1989-12-31,VLO,USD,1035002,1989-12-31,1989-12-30 19:00:00,1989,Q4,267800000.0,0.0,267800000.0,1.0,0,0.0,0.0,0.0,-871600000.0,-871600000.0,-871600000.0,0.0,0.0,0.0,-603800000.0,-2.2546676624,-603800000.0,-2.2546676624,603800000.0,0.0,0.0,0.0,0.0,0.0,0.03,0.03,143636364,143636364,,,1.8644303750267583,0.0,,,0.1051265820123377,3.696139231149014,3.696139231149014,3.696139231149014,1.6945569577352988,337545455.40000004,565845455.4000001,0.0,1.2604385937266618,0.0,0.0,0.6357985598041063,0.6357985598041063,2.112940460791636,-0.9371405356078172,0.0,0.0,0.0,,0.4584667545677152,0.239190251572327,-0.3781053328916859,2.030402629416598,0.0,0.0,0.0048621276595744,0.0,0.0,0.0,0.0,0.0,,0.0,,0.0,,0.0,-2.417041133121415,125400000.0,530900000.0,-239600000.0,831700000.0,,,,27.3898431665422,0.0,0.0,3.285889570552148,0.0,0.0,0.0,,1989-12-30,,bmo,,2025-04-25,1989-12-31,,,
1989-09-30,VLO,USD,1035002,1989-09-30,1989-09-29 20:00:00,1989,Q3,246200000.0,0.0,246200000.0,1.0,0,0.0,0.0,0.0,0.0,0.0,0.0,0.0,0.0,0.0,246200000.0,1.0,246200000.0,1.0,-246200000.0,0.0,0.0,0.0,0.0,0.0,0.01,0.01,143636364,143636364,,,1.7140506285720236,0.0,,,,,,,,361963637.28,,0.0,1.4702016136474412,0.0,0.0,0.0,0.0,,,0.0,0.0,0.0,,0.0,0.0,,0.0,0.0,0.0,0.0045341269841269,0.0,0.0,0.0,0.0,0.0,,0.0,,,0.0,0.0,,,,,,,,,,0.0,0.0,0.0,0.0,0.0,0.0,,1989-09-29,,bmo,,2025-04-25,1989-09-30,,,
1989-06-30,VLO,USD,1035002,1989-06-30,1989-06-29 20:00:00,1989,Q2,225900000.0,0.0,225900000.0,1.0,0,0.0,0.0,0.0,0.0,0.0,0.0,0.0,0.0,0.0,225900000.0,1.0,225900000.0,1.0,-225900000.0,0.0,0.0,0.0,0.0,0.0,0.14,0.12,143636364,143636364,,,1.5727215150057683,0.0,,,,,,,,320309091.72,,0.0,1.417924266135458,0.0,0.0,0.0,0.0,,,0.0,0.0,0.0,,0.0,0.0,,0.0,0.0,0.0,0.0051237668161434,0.0,0.0,0.0,0.0,0.0,,0.0,,,0.0,0.0,,,,,,,,,,0.0,0.0,0.0,0.0,0.0,0.0,,1989-06-29,,bmo,,2025-04-25,1989-06-30,,,
1989-03-31,VLO,USD,1035002,1989-03-31,1989-03-30 19:00:00,1989,Q1,201400000.0,0.0,201400000.0,1.0,0,0.0,0.0,0.0,0.0,0.0,0.0,0.0,0.0,0.0,201400000.0,1.0,201400000.0,1.0,-201400000.0,0.0,0.0,0.0,0.0,0.0,0.07,0.065,143636364,143636364,,,1.4021518951844256,0.0,,,,,,,,323181819.0,,0.0,1.6046763604766634,0.0,0.0,0.0,0.0,,,0.0,0.0,0.0,,0.0,0.0,,0.0,0.0,0.0,,0.0,0.0,0.0,0.0,0.0,,0.0,,,0.0,0.0,,,,,,,,,,0.0,0.0,0.0,0.0,0.0,0.0,,1989-03-30,,bmo,,2025-04-25,1989-03-31,,,
1988-12-31,VLO,USD,1035002,1988-12-31,1988-12-30 19:00:00,1988,Q4,185300000.0,0.0,185300000.0,1.0,0,0.0,0.0,0.0,-731900000.0,-731900000.0,-731900000.0,0.0,0.0,0.0,-546600000.0,-2.9498111171,-546600000.0,-2.9498111171,546600000.0,0.0,0.0,0.0,0.0,0.0,0.055,0.055,143636364,143636364,,,1.2900632878732574,0.0,,,0.1455063287455536,3.5360126492759174,3.5360126492759174,3.5360126492759174,1.3847468319373497,198218182.32,376218182.32,0.0,1.0697149612520238,0.0,0.0,0.3902700971057294,0.3902700971057294,2.030319386508365,-0.6882879296011709,0.0,0.0,0.0,,0.3916125221500295,0.2146788990825688,-0.3256494694474936,2.1506493506493505,0.0,0.0,,0.0,0.0,0.0,0.0,0.0,,0.0,,0.0,,0.0,-2.2295886019504088,88600000.0,507900000.0,-253000000.0,792600000.0,,,,22.924986508364817,0.0,0.0,3.9258474576271194,0.0,0.0,0.0,,1988-12-30,,bmo,,2025-04-25,1988-12-31,,,
1988-09-30,VLO,USD,1035002,1988-09-30,1988-09-29 20:00:00,1988,Q3,180800000.0,0.0,180800000.0,1.0,0,0.0,0.0,0.0,0.0,0.0,0.0,0.0,0.0,0.0,180800000.0,1.0,180800000.0,1.0,-180800000.0,0.0,0.0,0.0,0.0,0.0,0.0325,0.0325,143636364,143636364,,,1.2587341740285212,0.0,,,,,,,,168054545.88,,0.0,0.929505231637168,0.0,0.0,0.0,0.0,,,0.0,0.0,0.0,,0.0,0.0,,0.0,0.0,0.0,,0.0,0.0,0.0,0.0,0.0,,0.0,,,0.0,0.0,,,,,,,,,,0.0,0.0,0.0,0.0,0.0,0.0,,1988-09-29,,bmo,,2025-04-25,1988-09-30,,,
1988-06-30,VLO,USD,1035002,1988-06-30,1988-06-29 20:00:00,1988,Q2,193400000.0,0.0,193400000.0,1.0,0,0.0,0.0,0.0,0.0,0.0,0.0,0.0,0.0,0.0,193400000.0,1.0,193400000.0,1.0,-193400000.0,0.0,0.0,0.0,0.0,0.0,0.01,0.01,143636364,143636364,,,1.346455692793783,0.0,,,,,,,,178109091.35999998,,0.0,0.920936356566701,0.0,0.0,0.0,0.0,,,0.0,0.0,0.0,,0.0,0.0,,0.0,0.0,0.0,,0.0,0.0,0.0,0.0,0.0,,0.0,,,0.0,0.0,,,,,,,,,,0.0,0.0,0.0,0.0,0.0,0.0,,1988-06-29,,bmo,,2025-04-25,1988-06-30,,,
1988-03-31,VLO,USD,1035002,1988-03-31,1988-03-30 19:00:00,1988,Q1,211100000.0,0.0,211100000.0,1.0,0,0.0,0.0,0.0,0.0,0.0,0.0,0.0,0.0,0.0,211100000.0,1.0,211100000.0,1.0,-211100000.0,0.0,0.0,0.0,0.0,0.0,0.0375,0.0375,143636364,143636364,,,1.4696835405830797,0.0,,,,,,,,145072727.64000002,,0.0,0.6872227742302227,0.0,0.0,0.0,0.0,,,0.0,0.0,0.0,,0.0,0.0,,0.0,0.0,0.0,,0.0,0.0,0.0,0.0,0.0,,0.0,,,0.0,0.0,,,,,,,,,,0.0,0.0,0.0,0.0,0.0,0.0,,1988-03-30,,bmo,,2025-04-25,1988-03-31,,,
1987-12-31,VLO,USD,1035002,1987-12-31,1987-12-30 19:00:00,1987,Q4,182400000.0,0.0,182400000.0,1.0,0,0.0,0.0,0.0,-685800000.0,-685800000.0,-685800000.0,0.0,0.0,0.0,-503400000.0,-2.7598684211,-503400000.0,-2.7598684211,503400000.0,0.0,0.0,0.0,0.0,0.0,-0.24,-0.24,143636364,143636364,,,1.2698734145066497,0.0,,,0.1622151894627463,3.4281012571440472,3.4281012571440472,3.4281012571440472,1.4912658190094537,111569545.737,302469545.737,0.0,0.6116751411019737,0.0,0.0,0.2265831554366369,0.2265831554366369,1.658276018294956,-0.6008532891080651,0.0,0.0,0.0,,0.4350121852152721,0.2220379392557271,-0.3792212951926897,1.7141403865717193,0.0,0.0,,0.0,0.0,0.0,0.0,0.0,,0.0,,0.0,,0.0,-2.5705537909606235,70200000.0,492400000.0,-303800000.0,795200000.0,,,,23.14144736842105,0.0,0.0,3.8891257995735606,0.0,0.0,0.0,,1987-12-30,,bmo,,2025-04-25,1987-12-31,,,
1987-09-30,VLO,USD,1035002,1987-09-30,1987-09-29 20:00:00,1987,Q3,168500000.0,0.0,168500000.0,1.0,0,0.0,0.0,0.0,0.0,0.0,0.0,0.0,0.0,0.0,168500000.0,1.0,168500000.0,1.0,-168500000.0,0.0,0.0,0.0,0.0,0.0,-0.19,-0.19,143636364,143636364,,,1.1731012628529085,0.0,,,,,,,,198218182.32,,0.0,1.1763690345400593,0.0,0.0,0.0,0.0,,,0.0,0.0,0.0,,0.0,0.0,,0.0,0.0,0.0,,0.0,0.0,0.0,0.0,0.0,,0.0,,,0.0,0.0,,,,,,,,,,0.0,0.0,0.0,0.0,0.0,0.0,,1987-09-29,,bmo,,2025-04-25,1987-09-30,,,
1987-06-30,VLO,USD,1035002,1987-06-30,1987-06-29 20:00:00,1987,Q2,156400000.0,0.0,156400000.0,1.0,0,0.0,0.0,0.0,0.0,0.0,0.0,0.0,0.0,0.0,156400000.0,1.0,156400000.0,1.0,-156400000.0,0.0,0.0,0.0,0.0,0.0,-0.13,-0.13,143636364,143636364,,,1.0888607567370614,0.0,,,,,,,,259981818.84,,0.0,1.6622878442455242,0.0,0.0,0.0,0.0,,,0.0,0.0,0.0,,0.0,0.0,,0.0,0.0,0.0,,0.0,0.0,0.0,0.0,0.0,,0.0,,,0.0,0.0,,,,,,,,,,0.0,0.0,0.0,0.0,0.0,0.0,,1987-06-29,,bmo,,2025-04-25,1987-06-30,,,
1987-03-31,VLO,USD,1035002,1987-03-31,1987-03-30 19:00:00,1987,Q1,121100000.0,0.0,121100000.0,1.0,0,0.0,0.0,0.0,0.0,0.0,0.0,0.0,0.0,0.0,121100000.0,1.0,121100000.0,1.0,-121100000.0,0.0,0.0,0.0,0.0,0.0,-0.71,-0.71,143636364,143636364,,,0.8431012636883513,0.0,,,,,,,,264290909.76,,0.0,2.182418742857143,0.0,0.0,0.0,0.0,,,0.0,0.0,0.0,,0.0,0.0,,0.0,0.0,0.0,,0.0,0.0,0.0,0.0,0.0,,0.0,,,0.0,0.0,,,,,,,,,,0.0,0.0,0.0,0.0,0.0,0.0,,1987-03-30,,bmo,,2025-04-25,1987-03-31,,,
1986-12-31,VLO,USD,1035002,1986-12-31,1986-12-30 19:00:00,1986,Q4,446200000.0,0.0,446200000.0,1.0,0,0.0,0.0,0.0,-1938000000.0,-1938000000.0,-1938000000.0,0.0,0.0,0.0,-1491800000.0,-3.343343792,-1491800000.0,-3.343343792,1491800000.0,0.0,0.0,0.0,0.0,0.0,-0.01,-0.01,143636364,143636364,,,3.106455688338087,0.0,,,0.1364556958570741,2.6267721452486783,2.6267721452486783,2.6267721452486783,6.312468338449447,153690909.48000002,1040790909.48,0.0,0.3444439925593904,0.0,0.0,0.4073440484495096,0.4073440484495096,2.332565910981623,-0.6976745605845288,0.0,0.0,0.0,,2.403127484760138,0.5342013786602251,-0.5946507574741923,0.9662538699690404,0.0,0.0,,0.0,0.0,0.0,0.0,0.0,,0.0,,0.0,,0.0,-7.791376562553477,-10900000.0,377300000.0,-1007900000.0,1325800000.0,,,,35.96369341102644,0.0,0.0,2.502523836231071,0.0,0.0,0.0,,1986-12-30,,bmo,,2025-04-25,1986-12-31,,,
1986-09-30,VLO,USD,1035002,1986-09-30,1986-09-29 20:00:00,1986,Q3,407300000.0,0.0,407300000.0,1.0,0,0.0,0.0,0.0,0.0,0.0,0.0,0.0,0.0,0.0,407300000.0,1.0,407300000.0,1.0,-407300000.0,0.0,0.0,0.0,0.0,0.0,-0.45,-0.45,143636364,143636364,,,2.8356329042135875,0.0,,,,,,,,165181818.6,,0.0,0.4055532005892462,0.0,0.0,0.0,0.0,,,0.0,0.0,0.0,,0.0,0.0,,0.0,0.0,0.0,,0.0,0.0,0.0,0.0,0.0,,0.0,,,0.0,0.0,,,,,,,,,,0.0,0.0,0.0,0.0,0.0,0.0,,1986-09-29,,bmo,,2025-04-25,1986-09-30,,,
1986-06-30,VLO,USD,1035002,1986-06-30,1986-06-29 20:00:00,1986,Q2,447700000.0,0.0,447700000.0,1.0,0,0.0,0.0,0.0,0.0,0.0,0.0,0.0,0.0,0.0,447700000.0,1.0,447700000.0,1.0,-447700000.0,0.0,0.0,0.0,0.0,0.0,-0.12,-0.12,143636364,143636364,,,3.1168987262863324,0.0,,,,,,,,183854545.92,,0.0,0.4106646100513737,0.0,0.0,0.0,0.0,,,0.0,0.0,0.0,,0.0,0.0,,0.0,0.0,0.0,,0.0,0.0,0.0,0.0,0.0,,0.0,,,0.0,0.0,,,,,,,,,,0.0,0.0,0.0,0.0,0.0,0.0,,1986-06-29,,bmo,,2025-04-25,1986-06-30,,,
1986-03-31,VLO,USD,1035002,1986-03-31,1986-03-30 19:00:00,1986,Q1,578900000.0,0.0,578900000.0,1.0,0,0.0,0.0,0.0,0.0,0.0,0.0,0.0,0.0,0.0,578900000.0,1.0,578900000.0,1.0,-578900000.0,0.0,0.0,0.0,0.0,0.0,-0.45,-0.45,143636364,143636364,,,4.03031644549287,0.0,,,,,,,,180981818.64,,0.0,0.312630538331318,0.0,0.0,0.0,0.0,,,0.0,0.0,0.0,,0.0,0.0,,0.0,0.0,0.0,,0.0,0.0,0.0,0.0,0.0,,0.0,,,0.0,0.0,,,,,,,,,,0.0,0.0,0.0,0.0,0.0,0.0,,1986-03-30,,bmo,,2025-04-25,1986-03-31,,,
1985-12-31,VLO,USD,1035002,1985-12-31,1985-12-30 19:00:00,1985,Q4,648100000.0,0.0,648100000.0,1.0,0,0.0,0.0,0.0,-2531400000.0,-2531400000.0,-2531400000.0,0.0,0.0,0.0,-1883300000.0,-2.9058787224,-1883300000.0,-2.9058787224,1883300000.0,0.0,0.0,0.0,0.0,0.0,0.0825,0.0825,143636364,143636364,,,4.512088596171927,0.0,,,0.4977848088663675,3.36196201680516,3.36196201680516,3.36196201680516,6.7907594764790895,307381818.96000004,1211281818.96,0.0,0.4742814673044284,0.0,0.0,0.6365330688755436,0.6365330688755436,1.8689736444375868,-0.6431698714809112,0.0,0.0,0.0,,2.01987989231725,0.4889468143766605,-0.4799553974406627,1.3947295423023578,0.0,0.0,,0.0,0.0,0.0,0.0,0.0,,0.0,,0.0,,0.0,-8.1709809919722,142300000.0,482900000.0,-1009200000.0,1605400000.0,,,,34.57799722265083,0.0,0.0,2.60281124497992,0.0,0.0,0.0,,1985-12-30,,bmo,,2025-04-25,1985-12-31,,,
1985-09-30,VLO,USD,1035002,1985-09-30,1985-09-29 20:00:00,1985,Q3,759300000.0,0.0,759300000.0,1.0,0,0.0,0.0,0.0,0.0,0.0,0.0,0.0,0.0,0.0,759300000.0,1.0,759300000.0,1.0,-759300000.0,0.0,0.0,0.0,0.0,0.0,0.0325,0.0325,143636364,143636364,,,5.286265809401859,0.0,,,,,,,,234127273.32,,0.0,0.3083462048202292,0.0,0.0,0.0,0.0,,,0.0,0.0,0.0,,0.0,0.0,,0.0,0.0,0.0,,0.0,0.0,0.0,0.0,0.0,,0.0,,,0.0,0.0,,,,,,,,,,0.0,0.0,0.0,0.0,0.0,0.0,,1985-09-29,,bmo,,2025-04-25,1985-09-30,,,
