date,symbol,reportedCurrency,cik,fillingDate,acceptedDate,calendarYear,period,revenue,costOfRevenue,grossProfit,grossProfitRatio,researchAndDevelopmentExpenses,generalAndAdministrativeExpenses,sellingAndMarketingExpenses,sellingGeneralAndAdministrativeExpenses,otherExpenses,operatingExpenses,costAndExpenses,interestIncome,interestExpense,depreciationAndAmortization,ebitda,ebitdaratio,operatingIncome,operatingIncomeRatio,totalOtherIncomeExpensesNet,incomeBeforeTax,incomeBeforeTaxRatio,incomeTaxExpense,netIncome,netIncomeRatio,eps,epsdiluted,weightedAverageShsOut,weightedAverageShsOutDil,link,finalLink,revenuePerShare,netIncomePerShare,operatingCashFlowPerShare,freeCashFlowPerShare,cashPerShare,bookValuePerShare,tangibleBookValuePerShare,shareholdersEquityPerShare,interestDebtPerShare,marketCap,enterpriseValue,peRatio,priceToSalesRatio,pocfratio,pfcfRatio,pbRatio,ptbRatio,evToSales,enterpriseValueOverEBITDA,evToOperatingCashFlow,evToFreeCashFlow,earningsYield,freeCashFlowYield,debtToEquity,debtToAssets,netDebtToEBITDA,currentRatio,interestCoverage,incomeQuality,dividendYield,payoutRatio,salesGeneralAndAdministrativeToRevenue,researchAndDdevelopementToRevenue,intangiblesToTotalAssets,capexToOperatingCashFlow,capexToRevenue,capexToDepreciation,stockBasedCompensationToRevenue,grahamNumber,roic,returnOnTangibleAssets,grahamNetNet,workingCapital,tangibleAssetValue,netCurrentAssetValue,investedCapital,averageReceivables,averagePayables,averageInventory,daysSalesOutstanding,daysPayablesOutstanding,daysOfInventoryOnHand,receivablesTurnover,payablesTurnover,inventoryTurnover,roe,capexPerShare,report_date,epsEstimated,time,revenueEstimated,updatedFromDate,fiscalDateEnding,surprise(%),QuarterAvgPrice,QuarterAvgVolume
2024-12-31,VRSK,USD,1442145,2025-02-26,2025-02-26 07:23:11,2024,Q4,735600000.0,230500000.0,505100000.0,0.6866503535,0,0.0,0.0,100300000.0,88500000.0,188800000.0,419300000.0,0.0,34500000.0,76400000.0,386000000.0,0.5247417074,316300000.0,0.4299891245,-41200000.0,275100000.0,0.3739804241,71600000.0,210300000.0,0.2858890701,1.49,1.49,140836396,141590810,https://www.sec.gov/Archives/edgar/data/1442145/000143774925005160/0001437749-25-005160-index.htm,https://www.sec.gov/Archives/edgar/data/1442145/000143774925005160/vrsk20241231_10k.htm,5.223081681243817,1.4932219651516785,1.813451687587916,1.4200874609145775,2.066937299361168,0.7455459169801534,-14.300280731409796,0.7107537741877462,23.29156449019045,38790568550.28,41745168550.28,46.11337202838802,52.73323620212072,151.88163097212217,193.9528427514,387.5181673354645,387.5181673354645,56.749821302718864,108.14810505253884,163.45015094079875,208.7258427514,0.0054214209241973,0.0051558924623845,32.425574425574425,0.7610851877037071,7.65440414507772,0.7358140285737348,9.168115942028985,1.214455539705183,0.0014101365884621,0.2601046124583928,0.0,0.0,0.4968696508546908,0.2169146436961629,0.0753126699293094,0.725130890052356,0.0145459488852637,4.886670217767,0.0773272911245128,0.0980099734352425,-24.716089724420385,-327300000.0,-2014000000.0,-3248100000.0,2553600000.0,522150000.0,183950000.0,-600000.0,63.34013050570962,33.38394793926248,-0.4685466377440347,1.420900135213444,2.695906432748538,-192.08333333333337,2.1008991008991007,0.393364226673338,2025-02-26,1.6,bmo,733698145.0,2025-05-11,2024-12-31,0.00625,278.28546875,665392.921875
2024-09-30,VRSK,USD,1442145,2024-10-30,2024-10-30 07:18:53,2024,Q3,725300000.0,223400000.0,501900000.0,0.6919895216,0,0.0,0.0,114000000.0,76400000.0,190400000.0,413800000.0,0.0,32100000.0,76400000.0,393800000.0,0.5429477458,311500000.0,0.4294774576,-26200000.0,285300000.0,0.393354474,65300000.0,220000000.0,0.303322763,1.55,1.54,141778551,142511476,https://www.sec.gov/Archives/edgar/data/1442145/000143774924032536/0001437749-24-032536-index.htm,https://www.sec.gov/Archives/edgar/data/1442145/000143774924032536/vrsk20240930_10q.htm,5.115724451154815,1.5517156752434291,2.089173559123199,1.6977180137776977,3.2388538094171944,2.14912621021215,-13.476650639489185,2.11315461955878,23.20943454980013,37990980525.96,40791480525.96,43.1715687795,52.37967810004136,128.26124417947332,157.83539894457832,126.80567598785044,126.80567598785044,56.24083899897973,103.584257303098,137.71600447656988,169.4702140671375,0.0057908481685454,0.0063357143371312,10.876168224299066,0.7140822230014026,7.111477907567293,0.8183656654932214,9.70404984423676,1.3463636363636364,0.0014556086532752,0.2513636363636363,0.0,0.0,0.485492636746143,0.187373396353815,0.0765200606645526,0.7264397905759162,0.0159933820488073,8.589402820691584,0.0636991950933271,0.0937047448675355,-24.01174208643168,-242500000.0,-1910700000.0,-3165900000.0,2758800000.0,540900000.0,263650000.0,0.5,65.34399558803254,113.769024171889,0.0,1.377326243828333,0.7910764872521246,0.0,0.7343124165554072,0.3914555453455015,2024-10-30,1.6,bmo,722192230.0,2025-04-25,2024-09-30,0.0437499999999999,270.71125,722741.796875
2024-06-30,VRSK,USD,1442145,2024-07-31,2024-07-31 07:19:11,2024,Q2,716800000.0,296600000.0,420200000.0,0.5862165179,0,0.0,0.0,101500000.0,77200000.0,101500000.0,398100000.0,0.0,29100000.0,77200000.0,395900000.0,0.5523158482,318700000.0,0.4446149554,74300000.0,393000000.0,0.5482700893,85200000.0,308100000.0,0.4298270089,2.16,2.15,142705508,143293222,https://www.sec.gov/Archives/edgar/data/1442145/000143774924023985/0001437749-24-023985-index.htm,https://www.sec.gov/Archives/edgar/data/1442145/000143774924023985/vrsk20240630_10q.htm,5.022931560567375,2.1589916487315963,1.5430378482658147,1.138007931691046,4.464438751726387,3.0503377627162087,-12.307163364710492,3.01530057270109,23.25488375683439,38260773749.880005,40914373749.880005,31.04574306222006,53.37719552159599,173.75464918201635,235.59589747463056,88.91650883076925,88.91650883076925,57.07920445016742,103.34522290952262,185.8055120339691,251.93579895246307,0.0080526338022885,0.0042445560840365,7.644666511735998,0.6899263826842006,6.702702702702703,0.9532560344198936,10.95189003436426,0.7147030185004869,0.0014505718144336,0.1801363193768257,0.0,0.0,0.4596572914700392,0.2624886466848319,0.0806361607142857,0.7487046632124352,0.0172991071428571,12.102693790422782,0.0626415504955309,0.1195901098474556,-22.978089952211235,-64100000.0,-1756300000.0,-3025400000.0,2932700000.0,520900000.0,242800000.0,1.0,69.70982142857143,74.31220498988537,3.034389750505732e-07,1.2910662824207493,1.2111065741118825,296600000.0,0.716012084592145,0.4050299165747688,2024-07-31,1.64,bmo,722449146.0,2025-04-25,2024-06-30,0.0609756097560976,244.71809523809523,852792.6507936508
2024-03-31,VRSK,USD,1442145,2024-05-01,2024-05-01 07:18:52,2024,Q1,704000000.0,303700000.0,400300000.0,0.5686079545,0,0.0,0.0,92800000.0,75900000.0,92800000.0,396500000.0,0.0,28900000.0,75900000.0,383400000.0,0.5446022727,307500000.0,0.4367897727,-32200000.0,275200000.0,0.3909090909,55800000.0,219600000.0,0.3119318182,1.53,1.53,143298163,143973534,https://www.sec.gov/Archives/edgar/data/1442145/000143774924014064/0001437749-24-014064-index.htm,https://www.sec.gov/Archives/edgar/data/1442145/000143774924014064/vrsk20240331_10q.htm,4.912833390613668,1.5324690519584678,2.5973815170261463,2.212170717080302,2.4934025148668515,2.008399786674167,-13.432830956807171,1.969320430157922,21.838381836060243,33356946383.14,36101246383.14,37.97466573672587,47.38202611241477,89.62102735932295,105.2269601991798,118.20321184670446,118.20321184670446,51.28017952150568,94.1607886884194,96.994213818216,113.88405799097792,0.0065833364204762,0.0095032679658059,10.986888731396173,0.6892144222647045,7.157798643714137,1.0937836093783608,10.640138408304498,1.6948998178506376,0.0016728149920882,0.2540983606557377,0.0,0.0,0.4918641355088249,0.1483073616335303,0.0784090909090909,0.7272727272727273,0.01875,8.240343365640017,0.0678730860263586,0.0960671945404435,-24.34469449200127,87200000.0,-1924900000.0,-3193800000.0,3099900000.0,422150000.0,199550000.0,42250000.5,62.20738636363637,71.33026012512347,2.963450773789924e-07,1.4467735306206329,1.2617366015787288,303700000.0,0.7781715095676824,0.3852107999458444,2024-05-01,1.53,bmo,699066070.0,2025-04-25,2024-03-31,0.0653594771241829,240.20163934426228,871724.7540983607
2023-12-31,VRSK,USD,1442145,2024-02-21,2024-02-21 07:19:22,2023,Q4,677200000.0,226200000.0,451000000.0,0.6659775546,207100000,0.0,0.0,114400000.0,86100000.0,200500000.0,426700000.0,0.0,28100000.0,86100000.0,356900000.0,0.527023036,250500000.0,0.3699054932,-7800000.0,242700000.0,0.3583874778,60400000.0,173800000.0,0.2566450089,1.2,1.2,144618187,145392678,https://www.sec.gov/Archives/edgar/data/1442145/000143774924004939/0001437749-24-004939-index.htm,https://www.sec.gov/Archives/edgar/data/1442145/000143774924004939/vrsk20231231c_10k.htm,4.682675215669796,1.2017852222141328,1.7452853284628718,1.3559843617732532,2.101395448969361,2.227935550042541,-13.209265304923232,2.1435754826604208,21.59825167770911,34543500146.82,37336200146.82,49.68857903742808,51.009303229208506,136.86014321244056,176.15247397664456,111.43064563490324,111.43064563490324,55.13319572773184,104.61249690899412,147.9247232441363,190.39367744426312,0.0050313372779625,0.0056769001162741,9.98516129032258,0.7089622317399968,7.824880919024937,1.0501685247601762,8.91459074733096,1.4522439585730724,0.0014156064032932,0.2813578826237054,0.0,0.3058180744240992,0.5113258972538421,0.2230586370839936,0.0831364441819255,0.6538908246225319,0.0113703484937979,7.613319913128632,0.0516593465864133,0.0814585676790401,-23.713995252893053,38700000.0,-1910300000.0,-3233800000.0,3067800000.0,363850000.0,229650000.0,87150000.0,47.53839338452452,63.02387267904509,33.62068965517241,1.8932065977075765,1.428030303030303,2.6769230769230767,0.5606451612903226,0.3893009666896184,2024-02-21,1.44,bmo,672190000.0,2025-04-25,2023-12-31,-0.0277777777777778,236.71809523809523,949912.9365079365
2023-09-30,VRSK,USD,1442145,2023-11-01,2023-11-01 06:50:07,2023,Q3,677600000.0,217200000.0,460400000.0,0.6794569067,0,0.0,0.0,111600000.0,67700000.0,179300000.0,396500000.0,29400000.0,29400000.0,67700000.0,348900000.0,0.514905549,281100000.0,0.4148465171,-31400000.0,249700000.0,0.3685064935,62300000.0,187400000.0,0.2765643447,1.29,1.29,145011020,145742519,https://www.sec.gov/Archives/edgar/data/1442145/000143774923029653/0001437749-23-029653-index.htm,https://www.sec.gov/Archives/edgar/data/1442145/000143774923029653/vrsk20230930_10q.htm,4.672748319403588,1.2923155771195871,1.7246965092721918,1.3502422091783093,2.883229150446635,2.725310117810357,-12.537667826900329,2.6515226222117465,21.54801752308204,34257403364.800003,36935903364.8,45.70091163927428,50.556970727272734,136.9748235297881,174.96120206741574,89.09597754174253,89.09597754174253,54.50989280519481,105.86386748294642,147.68453964334267,188.64097734831464,0.0054703503941736,0.0057155528664845,8.050195058517556,0.7092967299892298,7.676984809400975,1.183777579390384,9.56122448979592,1.3345784418356457,0.0014361859092494,0.2625400213447171,0.0,0.0,0.507183940970233,0.2171131547381047,0.0801357733175915,0.8020679468242246,0.0182998819362455,8.780580261281559,0.0571351204806183,0.0871384729842834,-22.26175638237701,144100000.0,-1818100000.0,-3040500000.0,3159900000.0,386050000.0,292300000.0,90600000.0,49.14403778040142,124.68232044198896,37.209944751381215,1.8313513513513515,0.7218344965104686,2.4187082405345213,0.4873862158647594,0.3744543000938825,2023-11-01,1.47,bmo,670660000.0,2025-04-25,2023-09-30,0.0340136054421769,235.6969841269841,904657.1746031746
2023-06-30,VRSK,USD,1442145,2023-08-02,2023-08-02 07:18:48,2023,Q2,675000000.0,216900000.0,458100000.0,0.6786666667,0,0.0,0.0,86800000.0,65300000.0,152100000.0,369000000.0,31600000.0,31600000.0,65300000.0,349300000.0,0.5174814815,306000000.0,0.4533333333,-37800000.0,268200000.0,0.3973333333,63900000.0,196900000.0,0.2917037037,1.36,1.35,144834494,145500121,https://www.sec.gov/Archives/edgar/data/1442145/000143774923021529/0001437749-23-021529-index.htm,https://www.sec.gov/Archives/edgar/data/1442145/000143774923021529/vrsk20230630_10q.htm,4.660491995781061,1.359482776250801,1.331865045905432,0.9300270693803092,2.1486594208697274,2.111375484903479,-13.51473634450644,2.02990318038464,21.4810706626282,32736940678.82,35507840678.82,41.56544017117827,48.49917137602963,169.70938661907724,243.03593673956945,111.35013836333331,111.35013836333331,52.604208413066665,101.65428193192098,184.07382415147745,263.6068350320713,0.0060146121145458,0.0041146178355984,10.474829931972788,0.7135806474036657,7.932722588033209,1.0674325674325675,9.683544303797468,0.9801829268292684,0.0015120533248858,0.2513966480446927,0.0,0.0,0.5244108719327109,0.301710730948678,0.0862222222222222,0.891271056661562,0.0148148148148148,7.879810546692536,0.0646029654753315,0.0959317904993909,-23.13968798068228,54000000.0,-1957400000.0,-3155100000.0,3096000000.0,417700000.0,248249999.5,85750000.0,53.61333333333334,117.71784232365144,37.9253112033195,1.6786868938075106,0.7645400070497004,2.3730853391684903,0.6697278911564626,0.4018379765251225,2023-08-02,1.41,bmo,654490000.0,2025-04-25,2023-06-30,0.0709219858156029,210.02064516129036,1080589.8709677418
2023-03-31,VRSK,USD,1442145,2023-05-03,2023-05-03 07:20:28,2023,Q1,651600000.0,216200000.0,435400000.0,0.6682013505,0,0.0,0.0,79000000.0,62300000.0,141300000.0,357500000.0,26400000.0,26400000.0,62300000.0,357400000.0,0.5484960098,294100000.0,0.4513505218,-27500000.0,266600000.0,0.4091467158,72200000.0,194400000.0,0.2983425414,1.28,1.27,152032255,152709319,https://www.sec.gov/Archives/edgar/data/1442145/000143774923012195/0001437749-23-012195-index.htm,https://www.sec.gov/Archives/edgar/data/1442145/000143774923012195/vrsk20230331_10q.htm,4.28593261344443,1.2786760283204377,2.402779594369629,2.000233437305788,1.5476978881882664,0.5235731062464344,-14.022024471057144,0.4499045284831169,20.435795022575967,29168908444.300003,32017508444.300003,37.51145633269033,44.76505286111112,79.84918818587464,95.91880448635318,426.4460298874269,426.4460298874269,49.1367532908226,89.5845227876329,87.64716245359979,105.28611787010853,0.0066646306073201,0.0104254844016771,45.03654970760234,0.7352028639618139,7.970341354224958,0.8884395011796428,11.140151515151516,6.476950354609929,0.0016867274993834,0.2530864197530864,0.0,0.0,0.5277804295942721,0.1675335340815767,0.0939226519337016,0.9823434991974318,0.0366789441375076,3.597755974367057,0.063501973032567,0.0982512887900535,-23.087699383265743,-99300000.0,-2131800000.0,-3319600000.0,2875700000.0,383800000.0,170749999.5,263200000.0,59.84806629834255,88.58464343200741,33.34412580943571,1.503807985229633,1.0159774483833526,2.6991260923845197,2.8421052631578947,0.4025461570638415,2023-05-03,1.19,bmo,633330000.0,2025-04-25,2023-03-31,0.0840336134453782,181.11016129032257,1082984.1290322582
2022-12-31,VRSK,USD,1442145,2023-02-28,2023-02-28 17:14:35,2022,Q4,630400000.0,205200000.0,425200000.0,0.6744923858,0,0.0,0.0,80700000.0,62000000.0,142700000.0,347900000.0,41200000.0,41200000.0,60000000.0,340700000.0,0.5404505076,282500000.0,0.4481281726,-43000000.0,239500000.0,0.3799175127,23700000.0,215800000.0,0.342322335,1.38,1.37,156028555,156974983,https://www.sec.gov/Archives/edgar/data/1442145/000143774923004945/0001437749-23-004945-index.htm,https://www.sec.gov/Archives/edgar/data/1442145/000143774923004945/vrsk20221231_10k.htm,4.040286087376763,1.3830801676013726,1.5958617318477375,1.085057795991253,0.7466581998404074,11.329336479466852,-2.647592294884741,11.21140934747489,25.61518306697129,27526557673.1,31369557673.1,31.88896857402688,43.665224735247456,110.54842438995983,162.59041744300058,15.73575582981764,15.73575582981764,49.76135417687183,92.07384113031992,125.98215932971888,185.28976770880087,0.0078397016642181,0.0061504239654872,2.261190190361859,0.5682291591846116,11.279718227179336,0.3988875474301483,6.856796116504855,4.068627450980392,0.0017437705277223,0.2224281742354031,0.0,0.0,0.3132838200859059,0.3200803212851406,0.1264276649746193,1.1737849779086893,0.009993654822335,18.678630923744016,0.0419743227045913,0.0451436102336673,-29.501170474853144,-1394100000.0,-413100000.0,-4268300000.0,1510200000.0,416550000.0,220450000.0,274350000.0,47.726840101522846,56.44736842105263,195.74561403508773,1.8857313790008976,1.5944055944055944,0.4597804167600269,0.1233636311667524,0.5108039358564848,2023-02-28,1.18,amc,614987274.0,2025-04-25,2022-12-31,0.211864406779661,175.71539682539682,922150.6507936508
2022-09-30,VRSK,USD,1442145,2022-11-01,2022-11-01 16:16:27,2022,Q3,745300000.0,246700000.0,498600000.0,0.6689923521,0,0.0,0.0,125900000.0,96100000.0,222000000.0,468700000.0,34400000.0,34500000.0,88300000.0,364900000.0,0.4896015028,276600000.0,0.3711257212,-31400000.0,245200000.0,0.3289950356,55700000.0,189500000.0,0.2542600295,1.21,1.2,156940608,157978609,https://www.sec.gov/Archives/edgar/data/1442145/000143774922025374/0001437749-22-025374-index.htm,https://www.sec.gov/Archives/edgar/data/1442145/000143774922025374/vrsk20220930_10q.htm,4.748930245000707,1.2074631442742978,1.7853887758609932,1.3661218898807883,1.7879375107301738,12.781905368940588,-17.45947103760424,12.673584137000413,23.569425702747377,26763081882.24,30150781882.24,35.30749588686015,35.90913978564337,95.51421085738758,124.82780728656718,13.455546446576168,13.455546446576168,40.45455773814571,82.62751954573856,107.60450350549608,140.628646838806,0.0070806494122693,0.0080110355355702,1.842383107088989,0.5254064749232931,9.283913400931764,0.463768115942029,8.017391304347827,1.4786279683377308,0.0018159343611413,0.2564643799472295,0.0,0.0,0.680483468586012,0.2348322626695217,0.0882865960016101,0.7451868629671574,0.0151616798604588,18.5557249765124,0.0348432998442386,0.0850347767556652,-27.1612303171401,-1061900000.0,-2740100000.0,-4050200000.0,4549700000.0,526200000.0,294200000.0,51200000.5,60.233463035019454,113.89541953790028,37.35711390352655,1.494186046511628,0.7901985906470211,2.4091796875,0.0952740070387129,0.4192668859802047,2022-11-01,1.47,amc,754374275.0,2025-04-25,2022-09-30,-0.0068027210884353,186.906875,721595.515625
2022-06-30,VRSK,USD,1442145,2022-08-02,2022-08-02 16:16:27,2022,Q2,612800000.0,195500000.0,417300000.0,0.6809725849,0,0.0,0.0,96300000.0,-15600000.0,169700000.0,365200000.0,0.0,31900000.0,89600000.0,352800000.0,0.5757180157,247600000.0,0.4040469974,-32800000.0,214800000.0,0.3505221932,41200000.0,197700000.0,0.3226174935,1.25,1.24,157972755,159123563,https://www.sec.gov/Archives/edgar/data/1442145/000143774922018437/0001437749-22-018437-index.htm,https://www.sec.gov/Archives/edgar/data/1442145/000143774922018437/vrsk20220630_10q.htm,3.879149920503697,1.2514816241572797,0.8241927539973586,0.3861425345148915,3.06761757747404,15.002586996726112,-16.672495203365923,14.888010277468416,23.91804840018141,27343504162.95,30609304162.95,34.577015886380885,44.620600788103786,210.0115527108295,448.25416660573774,11.626133833475064,11.626133833475064,49.94990888209856,86.7610662215136,235.0945020195853,501.7918715237705,0.0072302364328226,0.0022308771998087,1.5929673880692206,0.4989412563757674,9.256802721088436,0.5617041420118343,7.761755485893417,0.6582406471183013,0.0017993304627965,0.2488619119878604,0.0,0.0,0.6663825593628894,0.5314900153609831,0.1129242819843342,0.7723214285714286,0.0300261096605744,20.47490180334499,0.0302429840143495,0.0789190052293321,-26.83437406342632,-925900000.0,-2633800000.0,-3952300000.0,4951000000.0,540949999.5,263700000.0,78600000.5,81.30548302872063,127.15089514066496,4.603580562659847e-07,1.106936416184971,0.7078204199855177,195500000.0,0.0840596964156639,0.4380502194824671,2022-08-02,1.41,amc,745580240.0,2025-04-25,2022-06-30,0.0851063829787234,186.48112903225805,1039414.3064516129
2022-03-31,VRSK,USD,1442145,2022-05-03,2022-05-03 16:18:50,2022,Q1,775500000.0,280500000.0,495000000.0,0.6382978723,0,0.0,0.0,135300000.0,-282900000.0,-147600000.0,132900000.0,0.0,31300000.0,94200000.0,341300000.0,0.4401031593,642600000.0,0.8286266925,-31700000.0,610900000.0,0.7877498388,105100000.0,505800000.0,0.6522243714,3.15,3.13,160680955,161638620,https://www.sec.gov/Archives/edgar/data/1442145/000143774922010671/0001437749-22-010671-index.htm,https://www.sec.gov/Archives/edgar/data/1442145/000143774922010671/vrsk20220331_10q.htm,4.82633427216063,3.147852836697417,2.486915764223582,2.113504988814636,2.504963951701681,16.653498231946656,-15.94339540737731,16.545831458370408,24.55113613184587,34486953371.65,38002653371.65,17.045746031855476,44.47060396086396,86.30368711624125,101.55168837352768,12.971847352610396,12.971847352610396,49.004066243262415,111.34677225798418,95.1017351642893,111.9041618717609,0.0146664158631012,0.0098472021097453,1.472052960204619,0.4796666258119867,10.300908291825374,0.4655244115445396,20.53035143769968,0.7900355871886121,0.0014324257485907,0.0976670620798734,0.0,0.0,0.6419536707929894,0.1501501501501501,0.0773694390715667,0.6369426751592356,0.0264345583494519,34.232827170193595,0.0745789588387357,0.1731420942730976,-28.66410023981996,-1285200000.0,-2561800000.0,-4363700000.0,4820300000.0,505649999.5,171700000.0,129900000.0,61.3114118762089,80.59893048128343,50.43850267379679,1.467915959621268,1.1166401273885351,1.784351145038168,0.1902505077860528,0.3734107754089462,2022-05-03,1.39,amc,774728948.0,2025-04-25,2022-03-31,-0.0359712230215826,197.17,1312311.241935484
2021-12-31,VRSK,USD,1442145,2022-02-22,2022-02-22 16:56:55,2021,Q4,766000000.0,265200000.0,500800000.0,0.6537859008,0,0.0,0.0,76400000.0,96600000.0,173000000.0,438200000.0,0.0,30200000.0,96600000.0,291000000.0,0.3798955614,194600000.0,0.2540469974,-29600000.0,164200000.0,0.2143603133,22400000.0,142000000.0,0.1853785901,0.88,0.87,161349622,163079594,https://www.sec.gov/Archives/edgar/data/1442145/000143774922004083/0001437749-22-004083-index.htm,https://www.sec.gov/Archives/edgar/data/1442145/000143774922004083/vrsk20211231_10k.htm,4.747454567944386,0.8800764342664528,1.168890250018683,0.640224617322004,1.7682099063114012,17.617022988749238,-16.824334425772623,17.455882233179324,22.56094532406156,36905499040.06,40235199040.06,64.9744701409507,48.179502663263705,195.681331071368,357.2652375610842,13.103319382233268,13.103319382233268,52.52636950399477,138.26528879745703,213.3361560978791,389.4985386259438,0.0038476650822649,0.0027990408661828,1.2817326469021837,0.4623403901077086,11.442268041237114,0.4896918402777778,6.443708609271523,1.3300423131170662,0.0012789421963584,0.3323943661971831,0.0,0.0,0.7117096348663567,0.4522799575821845,0.1113577023498694,0.8830227743271222,0.0108355091383812,18.59183929408036,0.0239364263848809,0.0630830741892492,-26.44412764722808,-940600000.0,-2714600000.0,-4063000000.0,5527800000.0,486000000.0,266100000.0,102750000.0,56.74934725848564,31.289592760181,34.81900452488688,1.58592132505176,2.876355748373102,2.584795321637427,0.0504171844487839,0.528665632696679,2022-02-22,1.39,amc,770023815.0,2025-04-25,2021-12-31,0.0575539568345324,218.1965625,811100.21875
2021-09-30,VRSK,USD,1442145,2021-11-02,2021-11-02 16:19:20,2021,Q3,759000000.0,265300000.0,493700000.0,0.6504611331,0,0.0,0.0,115100000.0,89700000.0,204800000.0,470100000.0,0.0,29900000.0,89700000.0,378600000.0,0.4988142292,288900000.0,0.3806324111,-29800000.0,259100000.0,0.341370224,54200000.0,201700000.0,0.2657444005,1.25,1.24,161366547,162792794,https://www.sec.gov/Archives/edgar/data/1442145/000143774921024931/0001437749-21-024931-index.htm,https://www.sec.gov/Archives/edgar/data/1442145/000143774921024931/vrsk20210930_10q.htm,4.703577129899173,1.2499492847176064,1.7674047397196893,1.38690456083193,1.900641773043579,16.941553567481368,-16.490406775575362,16.821330383924,21.3173056246906,32316878367.69,35424778367.69,40.05562514587258,42.57823236849803,113.31303775487378,144.40070763042897,11.905717052641467,11.905717052641467,46.67296227627141,93.56782453166932,124.21030283201264,158.28766026671136,0.006241320640723,0.0069251738195033,1.256262894193929,0.4450244698205546,8.20892762810354,0.506809180185557,9.66220735785953,1.3918984870668618,0.0014481596727111,0.2320277640059494,0.0,0.0,0.7040522022838499,0.2152875175315568,0.0808959156785243,0.6845039018952063,0.0147562582345191,21.750418900130352,0.0341974416013427,0.0889447457776601,-26.051248404044983,-909000000.0,-2661000000.0,-3994600000.0,5418000000.0,493600000.0,413450000.0,100850000.0,57.98418972332016,149.26498303807008,34.90765171503958,1.5521472392638036,0.6029545454545454,2.578231292517007,0.0743073975832596,0.3805001788877591,2021-11-02,1.36,amc,756930000.0,2025-04-25,2021-09-30,0.0588235294117645,193.7340625,832807.046875
2021-06-30,VRSK,USD,1442145,2021-08-03,2021-08-03 16:22:58,2021,Q2,747500000.0,264900000.0,482600000.0,0.6456187291,0,0.0,0.0,111400000.0,103800000.0,215200000.0,480100000.0,0.0,31500000.0,103800000.0,371200000.0,0.4965886288,267400000.0,0.3577257525,-32000000.0,235400000.0,0.314916388,83800000.0,154000000.0,0.2060200669,0.95,0.94,162007787,163046541,https://www.sec.gov/Archives/edgar/data/1442145/000143774921018343/0001437749-21-018343-index.htm,https://www.sec.gov/Archives/edgar/data/1442145/000143774921018343/vrsk20210630_10q.htm,4.613975746733705,0.950571591969218,1.439436982124816,1.0536530568126334,1.7332500196425744,17.099178078396935,-16.775119581134703,16.99609661355352,21.20638806084056,28306000544.64,31433800544.64,45.95129958545454,37.867559257043474,121.38079135780444,165.82308462003513,10.280007461282006,10.280007461282006,42.05190708313043,84.68157474310344,134.7933127986278,184.14645896098412,0.0054405425364538,0.0060305234478745,1.2362810967859088,0.4413114499066584,8.426185344827585,0.6149675346408728,8.488888888888889,1.5382585751978892,0.0016639581393959,0.3058441558441558,0.0,0.0,0.7114576851275669,0.2680102915951972,0.0836120401337792,0.6021194605009634,0.014448160535117,19.06594211787565,0.0256502861690552,0.0691917149660781,-26.168803848916227,-575200000.0,-2717700000.0,-4024700000.0,5827700000.0,508850000.0,383550000.0,90850000.0,59.98394648829432,131.44960362400906,33.5673839184598,1.50040144520273,0.6846730421297493,2.681174089068826,0.0559288178681677,0.3857839253121827,2021-08-03,1.33,amc,737320000.0,2025-04-25,2021-06-30,-0.1203007518796993,177.36682539682542,857390.0317460317
2021-03-31,VRSK,USD,1442145,2021-05-04,2021-05-04 16:21:35,2021,Q1,726100000.0,262400000.0,463700000.0,0.6386172703,0,0.0,0.0,119800000.0,93500000.0,213300000.0,475700000.0,0.0,35400000.0,93500000.0,344400000.0,0.4743148327,250400000.0,0.3448560804,-33700000.0,216700000.0,0.2984437405,48700000.0,168600000.0,0.2321994216,1.04,1.03,162641822,164436720,https://www.sec.gov/Archives/edgar/data/1442145/000143774921010755/0001437749-21-010755-index.htm,https://www.sec.gov/Archives/edgar/data/1442145/000143774921010755/vrsk20210331_10q.htm,4.464411373847005,1.036633738645648,2.758823004331567,2.394832984593594,2.4298793209535,17.04051249499652,-16.722636075732108,16.94705559803677,21.56210473343074,28737183529.18,31817783529.18,42.61148210139383,39.57744598427214,64.04542796786272,73.77967529956355,10.425999901745094,10.425999901745094,43.82011228367993,92.38613103710802,70.91103973519056,81.68878954860077,0.005866963261337,0.0135538682698148,1.2594782861081886,0.4444657832405095,8.944831591173054,0.6418140366011461,7.073446327683616,2.6708333333333334,0.0016389915160674,0.2793594306049822,0.0,0.0,0.7030663849945586,0.1319367060396701,0.0815314694945599,0.6331550802139038,0.0349814075196254,19.88158736322735,0.0287927445174917,0.072697481890307,-25.901855673997552,-581300000.0,-2719800000.0,-3997400000.0,5820600000.0,488650000.0,239750000.0,82050000.0,64.39195703071202,130.40396341463415,28.433689024390244,1.3976900866217516,0.690163072067333,3.1652593486127865,0.0611689583862424,0.3639900197379737,2021-05-04,1.25,amc,725640000.0,2025-04-25,2021-03-31,-0.016,183.14278688524595,1118324.7704918033
2020-12-31,VRSK,USD,1442145,2021-02-23,2021-02-23 16:20:20,2020,Q4,713400000.0,260500000.0,452900000.0,0.6348472105,180800000,0.0,0.0,109100000.0,73800000.0,182900000.0,443400000.0,0.0,35300000.0,93200000.0,344500000.0,0.4828987945,250600000.0,0.3512755817,-34600000.0,216000000.0,0.3027754415,39800000.0,176200000.0,0.246986263,1.08,1.07,162641819,164436717,https://www.sec.gov/Archives/edgar/data/1442145/000143774921003789/0001437749-21-003789-index.htm,https://www.sec.gov/Archives/edgar/data/1442145/000143774921003789/vrsk20201120_10k.htm,4.386325757952818,1.0833622071086155,1.5309715639616648,1.0858215991792368,1.370496225205155,16.589829212374955,-17.183157549412307,16.589829212374955,21.885515188439943,33762815206.21,37068215206.21,47.904107840820096,47.32662630531259,135.59363536630522,191.18241906121176,12.513088431624787,12.513088431624787,51.959931603882815,107.60004413994194,148.86833416148593,209.8992933533975,0.0052187591266853,0.0052306064799809,1.3061300126009932,0.4660530561506519,9.59477503628447,0.5550740844282919,7.09915014164306,1.41316685584563,0.0013032088625093,0.249716231555051,0.0,0.2534342584805158,0.7264011214261155,0.2907630522088353,0.1014858424446313,0.776824034334764,0.0119147743201569,20.10939742506359,0.030343119388109,0.0851660302576248,-26.172542997689916,-636600000.0,-2794700000.0,-4069400000.0,5756200000.0,458600000.0,234300000.0,81750000.0,57.754415475189234,34.30710172744722,28.053742802303265,1.5583224115334209,2.623363544813696,3.208128078817734,0.0653027944555629,0.4451499647824278,2021-02-23,1.3,amc,729146923.0,2025-04-25,2020-12-31,-0.023076923076923,194.41125,608069.40625
2020-09-30,VRSK,USD,1442145,2020-11-04,2020-11-04 16:17:57,2020,Q3,702700000.0,240000000.0,462700000.0,0.6584602248,0,0.0,0.0,96400000.0,90900000.0,187300000.0,427300000.0,0.0,35300000.0,90900000.0,366200000.0,0.5211327736,275400000.0,0.391916892,-35400000.0,240000000.0,0.3415397752,54200000.0,185800000.0,0.2644087093,1.14,1.12,162502194,165731229,https://www.sec.gov/Archives/edgar/data/1442145/000143774920022527/0001437749-20-022527-index.htm,https://www.sec.gov/Archives/edgar/data/1442145/000143774920022527/vrsk20200930_10q.htm,4.324249308289339,1.143369178141681,1.2744443315023797,0.8756804846585641,1.3876735719642035,14.90010651794646,-17.352996477081412,14.90010651794646,21.37817290023789,30113281570.14,33330181570.14,40.518409001803015,42.85368090243347,145.40454645166585,211.6182822919185,12.436823842621733,12.436823842621733,47.43159466364025,91.0163341620426,160.93762226045388,234.22474750625435,0.0061700349584031,0.0047254896371408,1.420187502581258,0.4763006260734667,8.784543965046423,0.5620212242603134,7.801699716713881,1.1146393972012918,0.0014578284966302,0.236275565123789,0.0,0.0,0.7259681976840823,0.312892322549493,0.0922157392913049,0.7128712871287128,0.0142308239647075,19.578489656561327,0.0335957738489174,0.0939142741609381,-25.76642134444043,-623200000.0,-2819900000.0,-3998600000.0,5462200000.0,456950000.0,345850000.0,81950000.0,58.83876476447986,138.4875,30.8625,1.5296038310840223,0.6498781478472786,2.9161603888213854,0.0767356378804774,0.3987638468438155,2020-11-04,1.2,amc,638181818.0,2025-04-25,2020-09-30,0.1,183.0746875,696930.875
2020-06-30,VRSK,USD,1442145,2020-08-04,2020-08-04 16:14:53,2020,Q2,678800000.0,235800000.0,443000000.0,0.6526222746,0,0.0,0.0,96400000.0,86900000.0,183300000.0,419100000.0,0.0,34200000.0,86900000.0,345900000.0,0.5095757219,259700000.0,0.3825869181,-34900000.0,224800000.0,0.3311726576,45800000.0,179000000.0,0.2637006482,1.1,1.08,162371923,165103091,https://www.sec.gov/Archives/edgar/data/1442145/000143774920016475/0001437749-20-016475-index.htm,https://www.sec.gov/Archives/edgar/data/1442145/000143774920016475/vrsk20200630b_10q.htm,4.180525718107065,1.1024073416929354,1.536595708113896,1.187397404907251,1.9270573028811144,13.401947576860318,-17.443286669703358,13.401947576860318,21.31772498623423,27635701294.6,30753501294.6,38.59734817681564,40.71258293252799,110.76433384609216,143.33869966078836,12.69964675088461,12.69964675088461,45.30568841278727,88.90864785949697,123.26052623086171,159.50986148651452,0.0064771289171147,0.0069764829900543,1.5749276228114517,0.4890480743161289,9.013587742122,0.5896128296316178,7.593567251461988,1.393854748603352,0.0015921434209667,0.2458100558659217,0.0,0.0,0.7146791478188901,0.227254509018036,0.0835297583971714,0.6524741081703107,0.0139952857984678,18.232501790444992,0.0341812276021242,0.0895223805951487,-25.47992857114835,-611600000.0,-2832300000.0,-3953100000.0,5199200000.0,488899999.5,319000000.0,74100000.0,60.26075427224514,123.0534351145038,31.14503816793893,1.4935093509350934,0.7313895781637717,2.889705882352941,0.0822572492072974,0.3491983032066449,2020-08-04,1.19,amc,626179844.0,2025-04-25,2020-06-30,0.0840336134453782,158.02301587301588,960981.5555555556
2020-03-31,VRSK,USD,1442145,2020-05-05,2020-05-05 16:19:46,2020,Q1,689800000.0,257700000.0,432100000.0,0.6264134532,0,0.0,0.0,112100000.0,67700000.0,179800000.0,437500000.0,0.0,33500000.0,87100000.0,337300000.0,0.4889823137,252300000.0,0.3657581908,-35600000.0,216700000.0,0.3141490287,45000000.0,171700000.0,0.2489127283,1.05,1.04,162894309,165724123,https://www.sec.gov/Archives/edgar/data/1442145/000144214520000022/0001442145-20-000022-index.htm,https://www.sec.gov/Archives/edgar/data/1442145/000144214520000022/vrsk-2020033110q.htm,4.234647632778872,1.0540576957786782,2.225983229407972,1.901232780329975,1.2732182067821658,12.772085242094,-18.224700532662563,12.772085242094,20.671072063051632,22704208788.42,25833508788.42,33.057962708823524,32.91419076314874,62.61502699509101,73.31032866780755,10.9128617103677,10.9128617103677,37.45072309135981,76.58911588621405,71.24519798240485,83.41462314633516,0.0075624744997752,0.0136406427057682,1.6023552030761836,0.481185317763889,9.277497776460123,0.5094186119281557,7.53134328358209,2.1118229470005825,0.00193356220466,0.2556785090273733,0.0,0.0,0.7288001039245969,0.1458907887479316,0.0766888953319802,0.6073478760045924,0.0284140330530588,17.404211607046022,0.0341395059747884,0.0913832561605194,-25.87214388656144,-783900000.0,-2968700000.0,-4033600000.0,5023200000.0,495399999.5,197800000.0,70800000.0,68.27631184401277,110.22118742724098,23.25960419091967,1.3181731345655898,0.8165399239543726,3.869369369369369,0.0825282384042297,0.3247504490779969,2020-05-05,1.13,amc,666217094.0,2025-04-25,2020-03-31,0.0353982300884956,156.71564516129033,1007467.7741935484
2019-12-31,VRSK,USD,1442145,2020-02-18,2020-02-18 16:37:32,2019,Q4,676800000.0,259800000.0,417000000.0,0.6161347518,173000000,0.0,0.0,124800000.0,91800000.0,216600000.0,476400000.0,0.0,33100000.0,85600000.0,290800000.0,0.4296690307,200400000.0,0.2960992908,-28300000.0,172100000.0,0.25428487,39900000.0,132200000.0,0.1953309693,0.81,0.8,163289016,166218624,https://www.sec.gov/Archives/edgar/data/1442145/000144214520000012/0001442145-20-000012-index.htm,https://www.sec.gov/Archives/edgar/data/1442145/000144214520000012/vrsk10k12312019.htm,4.14479807998843,0.8096074263807187,1.080293116592729,0.6883500357427593,1.1525576221244422,13.84538933102518,-18.38702978037421,13.84538933102518,21.02284699909025,24385581649.44,27600681649.44,46.114942604841154,36.03070574680852,138.24025878367348,216.95357339359435,10.786262229936307,10.786262229936307,40.78114900921986,94.9129355207703,156.46644925986396,245.5576659202847,0.0054212362821797,0.0046092810750151,1.5037597310686484,0.4818715273840571,11.0560522696011,0.499329668856415,6.054380664652568,1.334341906202723,0.0016731198208239,0.3086232980332829,0.0,0.2556146572104019,0.7460029481800657,0.3628117913832199,0.0945626477541371,0.7476635514018691,0.0093085106382978,15.881118522617763,0.0250372247655328,0.0737723214285714,-25.831957980566187,-746900000.0,-3002400000.0,-4049500000.0,5283000000.0,448150000.0,221400000.0,73450000.0,62.16755319148936,27.71362586605081,25.98152424942263,1.4477005347593583,3.2475,3.464,0.0584748761500353,0.3919430808499697,2020-02-18,1.12,amc,670810619.0,2025-04-25,2019-12-31,0.0089285714285712,148.1640625,866931.328125
2019-09-30,VRSK,USD,1442145,2019-10-30,2019-10-29 20:22:27,2019,Q3,652700000.0,242900000.0,409800000.0,0.6278535315,0,0.0,0.0,255000000.0,79100000.0,334100000.0,577000000.0,0.0,31300000.0,79100000.0,149300000.0,0.228742148,75700000.0,0.1159797763,-30600000.0,38900000.0,0.0595985905,6000000.0,32900000.0,0.0504060058,0.2,0.2,163580566,166779621,https://www.sec.gov/Archives/edgar/data/1442145/000144214519000048/0001442145-19-000048-index.htm,https://www.sec.gov/Archives/edgar/data/1442145/000144214519000048/vrsk-2019093010q.htm,3.9900827828166334,0.2011241359807986,1.3057785849695618,0.9347076106827996,1.926879260217256,12.615801806187662,-14.94370669924201,12.615801806187662,18.19470413129638,25868630707.24,28501830707.24,196.57014215227963,39.633262919013326,121.1078216631086,169.18659716965337,12.53507326997141,12.53507326997141,43.66758190170062,190.9030857819156,133.43553701891383,186.40831070791364,0.0012718106486707,0.0059106336833362,1.427048505112177,0.4682704997535418,17.63697253851306,0.8535332785538209,2.4185303514377,6.492401215805471,0.0015771998317862,1.2401215805471124,0.0,0.0,0.7168275269911434,0.2841760299625468,0.0929983146928144,0.7673830594184576,0.013482457484296,7.555805738266836,0.0117818787756965,0.0184738053793026,-21.718044428333865,-142600000.0,-2444500000.0,-3394400000.0,5174200000.0,448400000.0,284500000.0,67150000.0,59.12670445840356,134.42568958419102,26.64059283655825,1.5221548507462686,0.6695148842337376,3.3783031988873438,0.0159422396666182,0.3710709742867621,2019-10-29,1.13,amc,658527678.0,2025-04-25,2019-09-30,-0.0088495575221237,155.14125,705083.921875
2019-06-30,VRSK,USD,1442145,2019-07-30,2019-07-30 16:17:17,2019,Q2,652600000.0,242700000.0,409900000.0,0.6281029727,0,0.0,0.0,112300000.0,79300000.0,191600000.0,434300000.0,0.0,30500000.0,79300000.0,297100000.0,0.4552558995,218300000.0,0.3345081214,-31000000.0,187300000.0,0.2870058229,36900000.0,150400000.0,0.2304627643,0.92,0.9,163743838,166697279,https://www.sec.gov/Archives/edgar/data/1442145/000144214519000036/0001442145-19-000036-index.htm,https://www.sec.gov/Archives/edgar/data/1442145/000144214519000036/vrsk-2019063010q.htm,3.985493487699977,0.9185078463838132,1.223252138501847,0.93682914651115,0.9362184365069054,13.500966063834417,-14.558715791185987,13.500966063834417,17.21164004962434,24173502803.94,26808002803.94,40.1820192884641,37.04183696589028,120.6864842932601,157.58476404132983,10.934773060089563,10.934773060089563,41.0787661721422,90.23225447303938,133.8392551369945,174.75881880013037,0.0062216883179828,0.0063457911434745,1.2610485366625956,0.4471928136028232,8.867384718949848,0.7713944396177237,7.157377049180328,1.331781914893617,0.0016960719483862,0.2726063829787234,0.0,0.0,0.73702277831248,0.2341487768347478,0.0718663806313208,0.5914249684741488,0.028194912657064,16.703793683662212,0.0319690482804262,0.0917408808100524,-21.300343528041648,-210500000.0,-2383900000.0,-3313000000.0,5181200000.0,456300000.0,209500000.0,61100000.0,64.54183266932272,76.46477132262052,23.139678615574784,1.3944444444444444,1.1770126091173618,3.889423076923077,0.0680327498077532,0.2864229919906971,2019-07-30,1.1,amc,652600000.0,2025-04-25,2019-06-30,0.0,141.01904761904763,792423.0317460317
2019-03-31,VRSK,USD,1442145,2019-04-30,2019-04-30 16:21:58,2019,Q1,625000000.0,231400000.0,393600000.0,0.62976,0,0.0,0.0,111400000.0,79800000.0,191200000.0,422600000.0,0.0,31900000.0,79800000.0,281800000.0,0.45088,202400000.0,0.32384,-32300000.0,170100000.0,0.27216,35700000.0,134400000.0,0.21504,0.82,0.81,163528346,166544948,https://www.sec.gov/Archives/edgar/data/1442145/000144214519000022/0001442145-19-000022-index.htm,https://www.sec.gov/Archives/edgar/data/1442145/000144214519000022/vrsk-2019033110q.htm,3.821967354821775,0.8218758599808745,2.238755597760403,1.962350918659692,1.0976690243048135,13.27292822982506,-15.350243926517791,13.27292822982506,17.87579995458402,21952045167.04,24663845167.04,40.83341734940476,35.123272267264,59.96188245572249,68.40774436597071,10.113819473411656,10.113819473411656,39.462152267264,87.52251656153301,67.36914823010106,76.85835203191026,0.0061224363824558,0.0146182279399559,1.3320893803271137,0.4559618993550015,9.623136976579136,0.6943499622071051,6.344827586206897,2.723958333333333,0.0018631521431729,0.3043154761904761,0.0,0.0,0.7381526864424154,0.1234635345534007,0.07232,0.5664160401002506,0.01472,15.666707833026624,0.0288265385032213,0.0809443507588532,-22.18422731432751,-323500000.0,-2510200000.0,-3435700000.0,5154500000.0,417500000.0,143750000.0,61850000.0,64.0224,82.76577355229041,23.25842696629213,1.4057579847053532,1.087406015037594,3.869565217391304,0.061921216309606,0.2764046791007107,2019-04-30,1.03,amc,625000000.0,2025-04-25,2019-03-31,0.0,121.67311475409836,728346.3114754099
2018-12-31,VRSK,USD,1442145,2019-02-19,2019-02-19 16:36:10,2018,Q4,613900000.0,224000000.0,389900000.0,0.6351197263,142700000,0.0,0.0,97700000.0,76000000.0,173700000.0,397700000.0,0.0,32600000.0,76000000.0,288200000.0,0.4694575664,216200000.0,0.3521746213,-36600000.0,179600000.0,0.2925557908,33400000.0,146200000.0,0.2381495358,0.89,0.87,164344505,167346844,https://www.sec.gov/Archives/edgar/data/1442145/000144214519000012/0001442145-19-000012-index.htm,https://www.sec.gov/Archives/edgar/data/1442145/000144214519000012/vrsk10k12312018.htm,3.7354458550348246,0.8895946962145159,1.0551006862079142,0.5896150893514815,0.8689064474653412,12.599143488247448,-15.325732977807808,12.599143488247448,16.769042567014942,17920124825.2,20503924825.2,30.64316830574556,29.19062522430363,103.34558722722032,184.93420872239423,8.654556565826331,8.654556565826331,33.399454023782376,71.14477732546843,118.24639460899654,211.59881140557275,0.0081584253137794,0.0054073284056445,1.31522264078045,0.4615528023998779,8.96530187369882,0.4865619809753888,6.631901840490798,1.186046511627907,0.0,0.0,0.0,0.2324482814790682,0.7778079080724709,0.4411764705882353,0.1246131291741326,1.006578947368421,0.0136830102622576,15.880269284234071,0.033532159893812,0.1115179252479023,-20.457939862364125,-680100000.0,-2518700000.0,-3185200000.0,4465100000.0,363250000.0,155050000.0,61650000.0,57.234077211272194,30.013392857142858,25.674107142857142,1.572489754098361,2.998661311914324,3.5054773082942097,0.070607553366174,0.4654855968564327,2019-02-19,1.07,amc,631608653.0,2025-04-25,2018-12-31,-0.0280373831775701,116.9015873015873,955777.0476190476
2018-09-30,VRSK,USD,1442145,2018-10-30,2018-10-30 16:18:23,2018,Q3,598700000.0,219200000.0,379500000.0,0.6338733924,0,0.0,0.0,95700000.0,72700000.0,168400000.0,387600000.0,0.0,32400000.0,72700000.0,297900000.0,0.4975780859,211100000.0,0.3525972941,-18300000.0,192800000.0,0.3220310673,26800000.0,166000000.0,0.2772674127,1.01,0.99,164829253,168200769,https://www.sec.gov/Archives/edgar/data/1442145/000144214518000055/0001442145-18-000055-index.htm,https://www.sec.gov/Archives/edgar/data/1442145/000144214518000055/vrsk-201893010q.htm,3.6322436042344974,1.0071027865423865,1.37475597247292,1.0398639615262952,0.9197396532519624,12.990412569545528,-14.882673769079084,12.990412569545528,15.89280999774961,19843793768.67,22283393768.67,29.88523157932229,33.144803355052616,87.57190542219772,115.77475944381564,9.267604039169624,9.267604039169624,37.21963215077669,74.80159036143002,98.33801310092676,130.00813167252042,0.0083653358795779,0.0086374612636123,1.208294414347095,0.4421732665652612,8.18932527693857,0.4869586614173228,6.515432098765432,1.3650602409638557,0.0,0.0,0.0,0.0,0.7852027823827998,0.2436010591350397,0.0921997661600133,0.7592847317744154,0.0172039418740604,17.15693200095233,0.0350704712048759,0.1320814767663908,-19.87829793780598,-625500000.0,-2453100000.0,-3116200000.0,4487300000.0,353150000.0,222150000.0,60250000.0,50.52446968431602,96.6514598540146,24.388686131386866,1.7813150847961916,0.931180968564146,3.6902356902356894,0.0775266205865869,0.3348920109466248,2018-10-30,1.07,amc,593156481.0,2025-04-25,2018-09-30,0.0093457943925233,116.34507936507936,690722.1428571428
2018-06-30,VRSK,USD,1442145,2018-07-31,2018-07-31 16:20:31,2018,Q2,601300000.0,222400000.0,378900000.0,0.6301347081,0,0.0,0.0,93000000.0,73600000.0,166600000.0,389000000.0,0.0,31900000.0,73600000.0,290500000.0,0.4831199069,212300000.0,0.3530683519,-27300000.0,185000000.0,0.3076667221,31500000.0,153500000.0,0.2552802262,0.93,0.91,165015645,168651205,https://www.sec.gov/Archives/edgar/data/1442145/000144214518000036/0001442145-18-000036-index.htm,https://www.sec.gov/Archives/edgar/data/1442145/000144214518000036/vrsk-201863010q.htm,3.643896916562063,0.930214829024242,1.256244521542185,0.9162767566675268,0.8229522721921306,12.566081234297512,-15.68699743590979,12.566081234297512,17.04686849540842,17762284027.8,20411384027.8,28.92880134820847,29.53980380475636,85.68395575397975,117.47542346428573,8.565916294270833,8.565916294270833,33.94542495892233,70.26293985473322,98.46301991220452,134.99592610978834,0.0086419066241568,0.0085124187724593,1.3411940586419753,0.460477515067223,9.119104991394147,0.4263111232353543,6.655172413793103,1.3504885993485345,0.0,0.0,0.0,0.0,0.7719385389760911,0.2706222865412446,0.0932978546482621,0.7622282608695652,0.0182936969898553,16.217459415842633,0.0331273971530487,0.1114418469580368,-21.343430800152312,-841200000.0,-2588600000.0,-3340900000.0,4322900000.0,401200000.0,216350000.0,56850000.0,55.40994511890903,84.53687050359713,24.725719424460436,1.6242571582928147,1.0646242221158448,3.6399345335515534,0.0740258487654321,0.3399677648746578,2018-07-31,1.0,amc,567264150.0,2025-04-25,2018-06-30,0.06,106.4359375,879262.515625
2018-03-31,VRSK,USD,1442145,2018-05-01,2018-05-01 16:19:00,2018,Q1,581200000.0,221200000.0,360000000.0,0.6194081211,0,0.0,0.0,91800000.0,73700000.0,165500000.0,386700000.0,0.0,32800000.0,73700000.0,268800000.0,0.4624913971,194500000.0,0.3346524432,-32200000.0,162300000.0,0.2792498279,29300000.0,133000000.0,0.2288368892,0.81,0.79,165043050,168992538,https://www.sec.gov/Archives/edgar/data/1442145/000144214518000024/0001442145-18-000024-index.htm,https://www.sec.gov/Archives/edgar/data/1442145/000144214518000024/vrsk-201833110q.htm,3.5215054496387457,0.8058503523777584,1.9813012423122327,1.719551353419608,0.9306662716182232,13.234728757133366,-15.914029703159269,13.234728757133366,17.054944149420407,17164477200.0,19796677200.0,32.264054887218045,29.5328238128011,52.49075596330275,60.48089217758985,7.858113445955226,7.858113445955226,34.06172952512044,73.64835267857143,60.54029724770642,69.75573361522198,0.0077485610805553,0.0165341476290346,1.2736345740054025,0.4453408890809842,9.792410714285714,0.4547846736409729,5.929878048780488,2.4586466165413534,0.0,0.0,0.0,0.0,0.7701099745473755,0.1321100917431192,0.0743289745354439,0.5861601085481682,0.0151410874053682,15.490876144769844,0.0292931461964607,0.0926119351020123,-21.561344146269715,-849500000.0,-2626500000.0,-3354000000.0,4450300000.0,403250000.0,146350000.0,45350000.0,66.92704748795595,91.05786618444846,21.40144665461121,1.3447478019435446,0.9883824843610366,4.20532319391635,0.0608890720139175,0.2617498888926253,2018-05-01,0.94,amc,581200000.0,2025-04-25,2018-03-31,0.0,99.81721311475413,935048.049180328
2017-12-31,VRSK,USD,1442145,2018-02-20,2018-02-20 16:21:59,2017,Q4,570300000.0,208700000.0,361600000.0,0.6340522532,104900000,0.0,0.0,87200000.0,64400000.0,151600000.0,360300000.0,0.0,32100000.0,64400000.0,275700000.0,0.4834297738,210000000.0,0.3682272488,-30800000.0,179200000.0,0.3142205857,-25400000.0,204600000.0,0.3587585481,1.24,1.22,164730096,168333259,https://www.sec.gov/Archives/edgar/data/1442145/000144214518000008/0001442145-18-000008-index.htm,https://www.sec.gov/Archives/edgar/data/1442145/000144214518000008/vrsk10k12312017.htm,3.4620267567864467,1.2420316928607873,0.9190791705724496,0.4959628020856614,0.8869053290662806,11.688210270939198,-16.928297061151472,11.688210270939198,18.45989332756778,15814089216.0,18680589216.0,19.323178416422287,27.72942173592845,104.45237262879787,193.562903500612,8.213404599563727,8.213404599563727,32.75572368227249,67.75694311207835,123.38566192866578,228.6485828151775,0.0129378301339665,0.0051662791883923,1.5626882725667397,0.4997757586831221,10.397170837867248,0.4467703349282296,6.542056074766355,0.739980449657869,0.0,0.0,0.0,0.183938278099246,0.7830174576017807,0.4603698811096433,0.1222163773452568,1.0822981366459627,0.0133263194809749,18.0730564863796,0.04426578510108,0.1566255837097144,-22.151538113594007,-740000000.0,-2788600000.0,-3497300000.0,4452300000.0,347200000.0,139550000.0,40250000.0,59.06891109942136,29.712505989458556,16.430282702443698,1.5236441357200108,3.029027576197388,5.477690288713911,0.1062636335306949,0.4231163684867882,2018-02-20,0.78,amc,549177777.0,2025-04-25,2017-12-31,0.0384615384615384,90.51555555555557,827163.9206349206
2017-09-30,VRSK,USD,1442145,2017-10-31,2017-10-31 16:15:36,2017,Q3,549100000.0,198500000.0,350600000.0,0.6384993626,0,0.0,0.0,80900000.0,61300000.0,142200000.0,340700000.0,0.0,30300000.0,61200000.0,272300000.0,0.4959023857,208400000.0,0.3795301402,-27700000.0,180700000.0,0.3290839556,60000000.0,120700000.0,0.2198142415,0.73,0.72,164577578,167957061,https://www.sec.gov/Archives/edgar/data/1442145/000144214517000045/0001442145-17-000045-index.htm,https://www.sec.gov/Archives/edgar/data/1442145/000144214517000045/vrsk-201793010q.htm,3.336420469135838,0.7333927347016858,0.9861610674571964,0.7352155832552111,0.8852967808287955,10.16298830208815,-16.84555109931196,10.16298830208815,17.69378329288574,13691208713.82,16430908713.82,28.357930227464788,24.93390769226006,84.35741659778189,113.15048523818182,8.185584547303598,8.185584547303598,29.92334495323256,60.34119983040764,101.2378848664202,135.7926339985124,0.0088158761233523,0.0088377879944129,1.7228865239746505,0.5120109448846878,10.0613294160852,0.4527470700689884,6.877887788778878,1.344656172328086,0.0,0.0,0.0,0.0,0.7897729291780676,0.2544670363524338,0.0752139865234019,0.6748366013071896,0.0160262247313786,12.950015062972614,0.0276420173107283,0.1020114942528735,-21.56201982751259,-658400000.0,-2772400000.0,-3410900000.0,4224400000.0,319300000.0,185800000.0,40800000.0,52.46585321435076,95.30478589420656,19.224181360201516,1.7154014370509216,0.9443387250237868,4.681603773584905,0.0721630993662561,0.2509454842019852,2017-10-31,0.78,amc,509878571.0,2025-04-25,2017-09-30,0.0769230769230768,82.85301587301586,759300.2380952381
2017-06-30,VRSK,USD,1442145,2017-08-01,2017-08-01 16:26:36,2017,Q2,523200000.0,193700000.0,329500000.0,0.6297782875,0,0.0,0.0,78800000.0,55700000.0,134500000.0,328200000.0,0.0,28500000.0,55700000.0,254100000.0,0.4856651376,195000000.0,0.372706422,-25100000.0,169900000.0,0.3247324159,48900000.0,121000000.0,0.2312691131,0.73,0.72,164922240,168314299,https://www.sec.gov/Archives/edgar/data/1442145/000144214517000035/0001442145-17-000035-index.htm,https://www.sec.gov/Archives/edgar/data/1442145/000144214517000035/vrsk-201763010q.htm,3.172404158468864,0.7336790962819811,0.6785015774706916,0.4274741841973526,0.8749577982933048,8.888431299502116,-14.066629218715438,8.888431299502116,14.745737142546693,13914489388.8,16177189388.8,28.74894501818182,26.59497207339449,124.3475369865952,197.368643812766,9.492113642676856,9.492113642676856,30.91970448929664,63.66465717748918,144.5682697837355,229.46367927375888,0.0086959712727507,0.0050666609481729,1.6395388498533323,0.4906199603976565,8.904761904761905,0.7091698317959848,6.842105263157895,0.924793388429752,0.0,0.0,0.0,0.0,0.7728172780533611,0.3699731903485255,0.0791284403669724,0.7432675044883303,0.0170107033639143,12.113144326376274,0.0323335450396004,0.1087249528259502,-18.37244631166785,-214400000.0,-2319900000.0,-2910000000.0,3974900000.0,310250000.0,161750000.0,32100000.0,54.78784403669725,74.99225606608158,18.213732576148686,1.6427001569858712,1.2001239157372987,4.941326530612245,0.0825431475544034,0.251027393273339,2017-08-01,0.77,amc,491297560.0,2025-04-25,2017-06-30,0.0649350649350648,80.9531746031746,942966.1428571428
2017-03-31,VRSK,USD,1442145,2017-05-02,2017-05-02 16:19:10,2017,Q1,502600000.0,182900000.0,319700000.0,0.6360923199,0,0.0,0.0,75900000.0,56100000.0,132000000.0,314900000.0,0.0,28400000.0,56100000.0,245700000.0,0.4888579387,187700000.0,0.3734580183,-26500000.0,161200000.0,0.3207321926,52400000.0,108800000.0,0.2164743335,0.65,0.64,166442994,170150865,https://www.sec.gov/Archives/edgar/data/1442145/000144214517000025/0001442145-17-000025-index.htm,https://www.sec.gov/Archives/edgar/data/1442145/000144214517000025/vrsk-2017331.htm,3.019652482338788,0.6536772584131718,1.9099632394259864,1.7231124789788388,0.9528787976500832,8.324772143908923,-13.787903863349154,8.324772143908923,13.914673993427444,13505184533.16,15637784533.16,31.032133578033086,26.87064172932749,42.48249302661215,47.08920687991632,9.746813317811778,9.746813317811778,31.113777423716677,63.6458466958079,49.19089189418056,54.52505067350069,0.0080561653735909,0.0212362888708262,1.6509815242494226,0.4817318423989724,8.67969067969068,0.764128494943486,6.609154929577465,2.921875,0.0,0.0,0.0,0.0,0.7750542253669426,0.0978295061340044,0.0618782331874253,0.5543672014260249,0.0129327497015519,11.06519634795318,0.0309783240199057,0.1018535854708856,-17.81691093588475,-158600000.0,-2294900000.0,-2849300000.0,3899700000.0,307600000.0,118200000.0,26950000.0,54.07879029048946,79.7648988518316,12.301804264625478,1.6642384105960264,1.1283158544108576,7.316,0.0785219399538106,0.1868507604471474,2017-05-02,0.79,amc,536559459.0,2025-04-25,2017-03-31,-0.0632911392405063,82.11032258064516,732816.8870967742
2016-12-31,VRSK,USD,1442145,2017-02-21,2017-02-21 16:58:15,2016,Q4,506123000.0,192992000.0,313131000.0,0.6186855764,80200000,0.0,0.0,77192000.0,50469000.0,127661000.0,320653000.0,0.0,28383000.0,50509000.0,239065000.0,0.4723456551,185470000.0,0.3664524236,-25297000.0,160173000.0,0.3164705022,52716000.0,109248000.0,0.2158526682,0.65,0.64,167369023,170200724,https://www.sec.gov/Archives/edgar/data/1442145/000144214517000010/0001442145-17-000010-index.htm,https://www.sec.gov/Archives/edgar/data/1442145/000144214517000010/vrsk10k12312016.htm,3.023994469992216,0.6527372750452155,0.4924985431742646,0.1463771465045834,0.8275127470870162,7.960851871615454,-13.482184215175828,7.960851871615454,14.431481744384682,13585343596.91,15837243596.91,31.08831190710585,26.841980303029104,164.8126702605879,554.5264540148578,10.196144999181929,10.196144999181929,31.291294007405316,66.24660070236128,192.13193896456343,646.444491485775,0.00804160742941,0.0018033404768336,1.791504052836986,0.5154171704957679,9.419613912534247,0.8058236808236808,6.534545326427791,0.7545126684241359,0.0,0.0,0.0,0.1584595049029583,0.7749395405078597,0.7027866406240522,0.1144583431300296,1.1469243105189175,0.0183591735605771,10.81285147630493,0.0301775982531024,0.1048143528734529,-17.392406000959927,-120700000.0,-2256500000.0,-2797900000.0,3848500000.0,277187500.0,133300500.0,28758000.0,55.69397162349863,34.64910462609849,13.477242580003317,1.6159738186462325,2.5974697173620456,6.677923875432526,0.0819933953767637,0.3461213966696812,2017-02-21,0.77,amc,487121249.0,2025-04-25,2016-12-31,0.0389610389610389,81.9636507936508,857771.5714285715
2016-09-30,VRSK,USD,1442145,2016-11-01,2016-11-01 16:18:18,2016,Q3,498081000.0,169665000.0,328416000.0,0.6593626338,0,0.0,0.0,77814000.0,52180000.0,129994000.0,299659000.0,0.0,28150000.0,52179000.0,252726000.0,0.5073993989,198422000.0,0.3983729554,-26026000.0,172396000.0,0.3461204101,44819000.0,127600000.0,0.2561832312,0.76,0.74,168874132,171785903,https://www.sec.gov/Archives/edgar/data/1442145/000144214516000089/0001442145-16-000089-index.htm,https://www.sec.gov/Archives/edgar/data/1442145/000144214516000089/vrsk-2016930.htm,2.949421525376071,0.7555923366640902,0.5044348651337554,0.2892509315754766,0.9962686292297273,8.736862079030553,-13.180449685449751,8.736862079030553,13.705426477040309,13726089448.96,15847644448.96,26.8928084815047,27.557946295803298,161.1308131495786,281.00168790222534,9.303111261774534,9.303111261774534,31.817404094835982,62.70682260218577,186.0357857976663,324.4343449743076,0.0092961655593515,0.0035586974849345,1.5496106219881662,0.4880079213652103,8.394684361719808,0.8343384427393125,7.04873889875666,0.6677222383344961,0.0,0.0,0.0,0.0,0.7900163733543135,0.426584180499143,0.072958012853331,0.6964295981141838,0.0211331088718501,12.187447876879228,0.0354476369206202,0.1297032681970839,-16.85390009880258,-92189000.0,-2225837000.0,-2745320000.0,3964945000.0,241250500.0,177857000.0,29743000.0,43.57875526269824,102.00742639908054,15.17955972062594,2.065226495283508,0.8822887036468869,5.929025719876992,0.0864832625065235,0.2151839335582787,2016-11-01,0.75,amc,444732142.0,2025-04-25,2016-09-30,0.1199999999999999,82.736875,648194.1875
2016-06-30,VRSK,USD,1442145,2016-08-02,2016-08-02 16:24:36,2016,Q2,498296000.0,178466000.0,319830000.0,0.641847416,0,0.0,0.0,75557000.0,53194000.0,128751000.0,307217000.0,0.0,31435000.0,53263000.0,244400000.0,0.490471527,191079000.0,0.3834648482,-30600000.0,160490000.0,0.3220776406,53754000.0,261800000.0,0.5253905309,1.56,1.53,168296321,171218785,https://www.sec.gov/Archives/edgar/data/1442145/000144214516000081/0001442145-16-000081-index.htm,https://www.sec.gov/Archives/edgar/data/1442145/000144214516000081/vrsk-2016630.htm,2.9608252696147765,1.5555895603921135,0.4433014314079985,0.2563217053330595,1.1870372377302294,8.61494767909989,-13.573315129093048,8.61494767909989,13.706318630696629,13645465706.68,15724351706.68,13.030429437242168,27.384256961083373,182.9003794155966,316.3212412879596,9.411548742971751,9.411548742971751,31.55624710348869,64.33859127119476,210.76524283140768,364.5127661616209,0.0191858603896412,0.0031613431836835,1.569311328510812,0.4815360133822554,8.506080196399346,0.8077770878104447,6.078543025290282,0.2850429440352111,0.0,0.0,0.0,0.0,0.7902969759345008,0.4217891322413747,0.0631512193555637,0.5908041229371234,0.0297995568898807,17.3646122945769,0.0309034268824827,0.2642149244090991,-17.106704905331828,-118249000.0,-2284339000.0,-2778282000.0,3950585000.0,269319000.0,171542000.0,62091500.0,43.58722526369869,82.40880615915637,15.56767115304876,2.0648251742456263,1.0921162942972713,5.78121153223194,0.1805686602329597,0.1869797260749389,2016-08-02,0.76,amc,518778082.0,2025-04-25,2016-06-30,-0.0394736842105263,78.445,637139.734375
2016-03-31,VRSK,USD,1442145,2016-05-03,2016-05-03 16:17:32,2016,Q1,492701000.0,173277000.0,319424000.0,0.6483120594,0,0.0,0.0,71037000.0,55758000.0,126795000.0,300072000.0,0.0,32032000.0,68649000.0,248400000.0,0.5041597236,192629000.0,0.3909653116,-32000000.0,160641000.0,0.3260415546,50911000.0,92600000.0,0.1879436007,0.55,0.54,168453753,171480887,https://www.sec.gov/Archives/edgar/data/1442145/000144214516000069/0001442145-16-000069-index.htm,https://www.sec.gov/Archives/edgar/data/1442145/000144214516000069/vrsk-2016331.htm,2.9248443042999464,0.5497057699866147,1.8039313140147133,1.6213114587004778,0.8031284408368153,7.660648557945753,-15.463704153863524,7.660648557945753,17.886535303253233,13462823939.76,16312027939.76,36.3467169,27.32453138873272,44.303238919964855,49.29342821277406,10.432537062035776,10.432537062035776,33.10735707814679,65.66838945152979,53.67935243883256,59.72564016666911,0.0068782003251578,0.0202866799136696,2.3100370796573326,0.5460600346537655,11.470225442834138,0.4141376927740477,6.013642607392607,3.280249139131467,0.0,0.0,0.0,0.0,0.7135517691683334,0.1012343728918418,0.062437462071317,0.4481201474165683,0.0199573372085707,9.733951462186589,0.0276928753911259,0.0592161344142302,-22.34293646161745,-830096000.0,-2604919000.0,-3581899000.0,3407277000.0,274156000.0,136485500.0,67027000.0,54.30896223064292,93.32104087674648,48.466732457279385,1.657185044666882,0.9644127321604488,1.856943834192449,0.0717570798123157,0.1826198553142357,2016-05-03,0.77,amc,499269333.0,2025-04-25,2016-03-31,-0.0259740259740259,73.03049180327868,1155112.836065574
2015-12-31,VRSK,USD,1442145,2016-02-24,2016-02-23 18:18:35,2015,Q4,560562000.0,213695000.0,346867000.0,0.6187843628,52100000,0.0,0.0,83782000.0,67417000.0,151199000.0,364894000.0,0.0,32389000.0,67417000.0,262935000.0,0.4690560545,195668000.0,0.3490568394,-32539000.0,163129000.0,0.2910097367,49372000.0,113757000.0,0.2029338414,0.67,0.66,169392362,172566725,https://www.sec.gov/Archives/edgar/data/1442145/000144214516000057/0001442145-16-000057-index.htm,https://www.sec.gov/Archives/edgar/data/1442145/000144214516000057/vrsk10k12312015.htm,3.309251924829999,0.6715592052491718,0.6118516725092953,0.2554424502327915,0.8378417912373168,8.099603688152126,-18.53424772481772,8.099603688152126,18.893289887533417,13022884790.56,16052526790.56,28.619963585889217,23.23183660426501,125.65136854934728,300.9679868398428,9.491822434776395,9.491822434776395,28.63648765089321,61.05131226561698,154.8828844259622,370.98513497943145,0.0087351613586,0.0033226125160352,2.3090120997572177,0.5641081160777197,11.522399072013997,0.408697744881383,6.041186822686715,0.9110911855973698,0.0,0.0,0.0,0.0929424399085203,0.8033528569726779,0.5825091902009784,0.1077008430824779,0.8955159677826068,0.0152917964471369,11.062806011681475,0.0272271151092255,0.103007544668567,-22.98433916400552,-874688000.0,-3139560000.0,-3639347000.0,4055051000.0,258500000.0,179883499.5,45819500.0,40.29884294689972,39.29432134584337,17.158520321018273,2.2333147410358567,2.2904072883172564,5.245207530497534,0.0829126005549518,0.3564092222765038,2016-02-23,0.74,amc,441594999.0,2025-04-25,2015-12-31,0.0810810810810811,75.95078125,1964228.109375
2015-09-30,VRSK,USD,1442145,2015-10-27,2015-10-27 16:20:24,2015,Q3,550401000.0,210167000.0,340234000.0,0.6181565804,0,0.0,0.0,79310000.0,52044000.0,131354000.0,341521000.0,0.0,33003000.0,52044000.0,236891000.0,0.4303971105,208880000.0,0.3795051244,-26841000.0,193789000.0,0.352086933,61975000.0,131814000.0,0.2394872102,0.78,0.77,168739440,172171340,https://www.sec.gov/Archives/edgar/data/1442145/000144214515000046/0001442145-15-000046-index.htm,https://www.sec.gov/Archives/edgar/data/1442145/000144214515000046/vrsk-201593010q.htm,3.2618396742338365,0.7811688838128181,0.9751306511388208,0.7044588982872054,1.022019511265416,7.78499679742922,-19.09106134286092,7.78499679742922,19.15004577471633,12471532010.4,15501072010.4,23.65365592880877,22.65899228090065,75.79497159040494,104.91740565659964,9.493902428374374,9.493902428374374,28.16323373395034,65.43546192299412,94.2068153029907,130.40356700933793,0.0105691906888488,0.0095313069718198,2.434742196468428,0.5691955486797968,12.78875094452723,0.4009468067016364,6.329121595006515,1.2482968425205214,0.0,0.0,0.0,0.0,0.8070782547444901,0.2775748588514856,0.0829813172577811,0.8775843517024057,0.0164062201921871,11.697497096452656,0.0285080574254053,0.1215944710833304,-23.16030561675445,-922996000.0,-3221415000.0,-3687699000.0,4003680000.0,266689500.0,256413999.5,46573000.0,43.49556050951942,114.10939828802807,21.79609548597068,2.0691766917293237,0.7887168046651811,4.12917992848442,0.1003428651468138,0.2706717528516155,2015-10-27,0.77,amc,426127058.0,2025-04-25,2015-09-30,0.1038961038961038,74.5653125,799023.515625
2015-06-30,VRSK,USD,1442145,2015-07-28,2015-07-28 16:26:34,2015,Q2,497650000.0,195196000.0,302454000.0,0.6077644931,0,0.0,0.0,91292000.0,57440000.0,148732000.0,343928000.0,0.0,37662000.0,57440000.0,191624000.0,0.3850577715,153722000.0,0.3088958103,47304000.0,201026000.0,0.4039505677,37706000.0,163320000.0,0.3281824576,0.99,0.97,164141807,167586103,https://www.sec.gov/Archives/edgar/data/1442145/000144214515000034/0001442145-15-000034-index.htm,https://www.sec.gov/Archives/edgar/data/1442145/000144214515000034/vrsk-201563010q.htm,3.0318296666491555,0.9949933108753944,0.5148657830969291,0.2996128829019166,0.909067608838984,7.58077434836574,-21.13346418807245,7.58077434836574,20.453795784032035,11942957877.320002,15117127877.320002,18.28152993711732,23.99870969018387,141.3183831373431,242.8467003664166,9.597964093956389,9.597964093956389,30.377027785230588,78.88953302989188,178.87763577901103,307.3898996994653,0.0136750042726139,0.0041178241190477,2.667847229254164,0.5747670873456433,16.56457437481735,0.3567064880445226,4.081620731772078,0.5174565270634337,0.0,0.0,0.0,0.0,0.8160460539335485,0.4180757534522133,0.070997689138953,0.6151114206128133,0.0381211694966341,13.027411284568128,0.0245293110799263,0.1537193069642413,-25.3467829192352,-1100066000.0,-3468885000.0,-3921354000.0,3999234000.0,247008000.0,194416000.0,38379500.0,48.35549080679193,113.59090350212094,19.479497530687105,1.8612157274879475,0.7923169657535081,4.620242378337436,0.1312521999932493,0.2152529001950124,2015-07-28,0.66,amc,367371428.0,2025-04-25,2015-06-30,0.1666666666666666,73.48650793650793,1159980.0952380951
2015-03-31,VRSK,USD,1442145,2015-04-28,2015-04-28 16:20:59,2015,Q1,459397000.0,184216000.0,275181000.0,0.5990047824,0,0.0,0.0,58306000.0,38583000.0,96889000.0,281105000.0,0.0,18262000.0,38583000.0,200795000.0,0.4370838295,178292000.0,0.3881000529,-23104000.0,159492000.0,0.3471768427,60806000.0,98686000.0,0.2148163789,0.62,0.61,158087922,161481216,https://www.sec.gov/Archives/edgar/data/1442145/000144214515000022/0001442145-15-000022-index.htm,https://www.sec.gov/Archives/edgar/data/1442145/000144214515000022/vrsk-201533110q.htm,2.905958875213756,0.6242475626948908,1.7141726994172268,1.5575509936805925,0.9912332202076766,2.0983386700471653,-8.019315985442582,2.0983386700471653,8.378236510693082,11287477630.8,12440866630.8,28.59442481912328,24.57020318112657,41.65274597143807,45.841195755188245,34.02691901893755,34.02691901893755,27.080861718295942,61.958049905625145,45.908950997453786,50.52538939528084,0.0087429630629536,0.0218144396874032,3.937743049903232,0.5432466389048197,5.744112154187106,0.6396339659326261,9.763005147300404,2.745982206189328,0.0,0.0,0.0,0.0,0.6652026056155566,0.0913686851913354,0.0538967385507524,0.6417334059041547,0.0175120864959936,5.428845458375204,0.0580438451027126,0.122588258676803,-10.93595088181373,-255777000.0,-1267757000.0,-1618784000.0,1647531000.0,223652500.0,114951500.0,38181000.0,44.400224642302845,69.60519173144569,16.860587571112173,2.027016771312716,1.293006997915365,5.337892266233954,0.297496096128686,0.1566217057366343,2015-04-28,0.61,amc,349885074.0,2025-04-25,2015-03-31,0.098360655737705,67.51311475409837,861314.3114754099
2014-12-31,VRSK,USD,1442145,2015-02-24,2015-02-24 16:18:00,2014,Q4,464864000.0,193582000.0,271282000.0,0.5835728299,44508000,0.0,0.0,56934000.0,37301000.0,94235000.0,287817000.0,0.0,17588000.0,37302000.0,214583000.0,0.4616038239,177047000.0,0.3808576272,-17354000.0,159693000.0,0.3435262787,60383000.0,97370000.0,0.2094591106,0.62,0.6,158087919,161481213,https://www.sec.gov/Archives/edgar/data/1442145/000144214515000011/0001442145-15-000011-index.htm,https://www.sec.gov/Archives/edgar/data/1442145/000144214515000011/vrsk10k12312014.htm,2.9405409530376576,0.6159230927696632,0.7009833559767461,0.4237578710869108,0.2730126392517065,1.3349723453567632,-8.872145378800262,1.3349723453567632,9.200703059415943,10125531211.95,11523104211.95,25.99756396207764,21.781706503299887,91.37164164297896,151.1476349352898,47.978521969219535,47.978521969219535,24.78811913150943,53.6999865411053,103.98318138868584,172.00973581451237,0.0096162856013998,0.0066160479482733,6.808716707021792,0.612677960031211,6.512971670635605,0.4985063596405928,10.066352058221517,1.1381020848310568,0.0,0.0,0.0,0.095744131616989,0.6880149062178883,0.3954808377775973,0.0942770358642527,1.1748967883759585,0.0164951469677152,4.30120990577854,0.0576415269904245,0.1330722091326048,-12.048362152202156,-386787000.0,-1402579000.0,-1749804000.0,1529108000.0,204689500.0,125860000.0,39038500.0,42.72243064638259,40.64882065481295,19.457335909330418,2.106621712255515,2.214086375697685,4.625504766911185,0.4613751699890543,0.2772254848898353,2015-02-24,0.63,amc,144609230.0,2025-04-25,2014-12-31,0.0317460317460317,62.26359375,630972.21875
2014-09-30,VRSK,USD,1442145,2014-10-28,2014-10-28 16:17:21,2014,Q3,448665000.0,180873000.0,267792000.0,0.59686403,0,0.0,0.0,56164000.0,36138000.0,92302000.0,273175000.0,0.0,17498000.0,36138000.0,211628000.0,0.471683773,175490000.0,0.3911381543,-17783000.0,157707000.0,0.3515027916,58692000.0,99015000.0,0.2206880412,0.6,0.58,166187543,169522451,https://www.sec.gov/Archives/edgar/data/1442145/000144214514000039/0001442145-14-000039-index.htm,https://www.sec.gov/Archives/edgar/data/1442145/000144214514000039/vrsk-2014093010q.htm,2.6997510878417645,0.5958027792732936,0.5523879729060077,0.3885489780663043,2.624865811994104,4.368462201766832,-5.204662060621475,4.368462201766832,7.787334577778793,10119159493.27,10963329493.27,25.54956191806797,22.553931091727684,110.23049556939,156.7112601943567,13.938543402154869,13.938543402154869,24.4354462533739,51.80472098810176,119.42624720337692,169.7845737048566,0.0097849035847149,0.0063811623922861,1.7585236038259795,0.4767748440826082,3.988933411457841,1.2570848327217017,10.029146188135789,0.9271322526889864,0.0,0.0,0.0,0.0,0.5941419875266086,0.2966013071895425,0.0606867038882016,0.7534451270131164,0.0204517847391706,7.652561219726878,0.0488209735656618,0.0911097697204365,-8.158552232762716,144312000.0,-864950000.0,-1246064000.0,2016593000.0,183342000.0,160819000.0,39242500.0,37.85450168834208,81.7475245061452,18.02557595661044,2.377524362649766,1.1009507693806,4.992905647877215,0.1363873033014501,0.1638389948397035,2014-10-28,0.64,amc,448700000.0,2025-04-25,2014-09-30,0.0,62.4353125,628981.359375
2014-06-30,VRSK,USD,1442145,2014-07-29,2014-07-29 16:16:56,2014,Q2,423554000.0,172470000.0,251084000.0,0.5928028067,0,0.0,0.0,57074000.0,34944000.0,92018000.0,264488000.0,0.0,17459000.0,34944000.0,194010000.0,0.4580525742,141607000.0,0.3343304514,-17259000.0,141807000.0,0.3348026462,53708000.0,88099000.0,0.2079994523,0.53,0.52,166343633,169503667,https://www.sec.gov/Archives/edgar/data/1442145/000144214514000031/0001442145-14-000031-index.htm,https://www.sec.gov/Archives/edgar/data/1442145/000144214514000031/vrsk-2014063010q.htm,2.5462591646053565,0.5296205115346976,0.3246712785213727,0.0864896343823391,2.544642030272358,4.065589934542309,-5.583838607156067,4.065589934542309,7.772374431668208,9983944852.66,10839922852.66,28.33160663758953,23.571834648380136,184.86390380247008,693.9559917050115,14.762925176013074,14.762925176013074,25.59277648814555,55.873010940982425,200.7132936963727,753.4526206061028,0.008824067169855,0.0014410135685161,1.885929748552755,0.47674539870077,4.412030307716097,1.1574063274649564,8.110831089982245,0.6130262545545352,0.0,0.0,0.0,0.0,0.5999831045532855,0.733608606291777,0.0935417916015431,1.1338141025641026,0.0233169796531256,6.960419956332293,0.0398740651374451,0.0823235117123111,-8.543144840415984,95820000.0,-928836000.0,-1294429000.0,1973816000.0,175712000.0,155319000.0,36870500.0,37.8170670091653,82.10993216211516,22.052009045051317,2.379877846639659,1.096091515729266,4.081260796516719,0.1302690433766829,0.2381816441390335,2014-07-29,0.56,amc,416168421.0,2025-04-25,2014-06-30,0.0178571428571426,59.77952380952381,787107.4444444445
2014-03-31,VRSK,USD,1442145,2014-04-29,2014-04-29 16:20:35,2014,Q1,409643000.0,169673000.0,239970000.0,0.58580276,0,0.0,0.0,57134000.0,33993000.0,91127000.0,260800000.0,0.0,17439000.0,35099000.0,183942000.0,0.4490300091,148843000.0,0.363348086,-17430000.0,131413000.0,0.3207988419,46972000.0,115558000.0,0.282094409,0.69,0.68,166981985,170421492,https://www.sec.gov/Archives/edgar/data/1442145/000144214514000017/0001442145-14-000017-index.htm,https://www.sec.gov/Archives/edgar/data/1442145/000144214514000017/vrsk-2014033110q.htm,2.453216734727402,0.6920387250157555,1.3943300530293732,1.1778755654389903,2.582877428364503,3.590363355663786,-6.107341459619132,3.590363355663786,7.74184113334142,10012239820.6,10860172820.6,21.660637559926617,24.44137900708666,43.002730859690416,50.90520744239491,16.700259572729124,16.700259572729124,26.511310630475805,59.04128921399137,46.64461671534352,55.21635120599541,0.0115416731990619,0.0196443556610905,2.127195484432702,0.483070858983547,4.609784606017114,1.3172058024978668,8.53506508400711,2.014815071219647,0.0,0.0,0.0,0.0,0.6133861918391033,0.1552390605940866,0.0882329247661988,1.0297729280036467,0.0216871763950561,7.476970360876741,0.0449296327847811,0.1132186757222273,-8.763548654664753,163564000.0,-1019816000.0,-1361274000.0,2034637000.0,165999000.0,117131000.0,52004000.0,38.10779141838137,81.30887059225687,16.69906231398042,2.3617217542706586,1.106890298001148,5.38952417254304,0.1927489383279457,0.2164544875903828,2014-04-29,0.55,amc,409600000.0,2025-04-25,2014-03-31,0.0,63.309672131147536,906825.4262295082
2013-12-31,VRSK,USD,1442145,2014-02-25,2014-02-25 16:16:32,2013,Q4,332463000.0,106831000.0,225632000.0,0.6786680022,34232000,0.0,0.0,49472000.0,30406000.0,79878000.0,186709000.0,0.0,17650000.0,35053000.0,181200000.0,0.5450230552,145754000.0,0.4384066798,-17257000.0,128497000.0,0.3865001519,47340000.0,87223000.0,0.2623540063,0.52,0.51,166981982,170421489,https://www.sec.gov/Archives/edgar/data/1442145/000144214514000008/0001442145-14-000008-index.htm,https://www.sec.gov/Archives/edgar/data/1442145/000144214514000008/vrsk10k12312013.htm,1.9910112217975708,0.5223497706477097,0.721443107556359,0.4935083355280811,1.0163491771225952,3.279329862068592,-6.478004315459616,3.279329862068592,7.746566333126888,10974055857.04,12084141857.04,31.45401974547998,33.00835237918204,91.0951942178836,133.16897662868445,20.04067988407364,20.04067988407364,36.3473284456917,66.68952459735098,100.30997324633928,146.63974974261893,0.007948109717707,0.0075092564748642,2.3300084552465443,0.5094477791739587,6.126302428256071,1.1012711658035297,8.25801699716714,1.3811494674569782,0.0,0.0,0.0,0.1029648412003741,0.650561340589215,0.3159428229903376,0.1144819122729446,1.0858129118763016,0.0243575976875622,6.20818306994233,0.0443063994155093,0.0996661151434265,-9.773370338842906,43666000.0,-1081710000.0,-1482017000.0,1906338000.0,163157000.0,124818500.0,55236000.0,42.91975347632669,68.21671612172497,61.09968080426094,2.09693655509092,1.319324721515548,1.4730027852080634,0.1592855225360626,0.2279347720282779,2014-02-25,0.55,amc,332500000.0,2025-04-25,2013-12-31,0.0,65.66453125,788030.71875
2013-09-30,VRSK,USD,1442145,2013-11-05,2013-11-05 16:17:42,2013,Q3,438597000.0,176580000.0,262017000.0,0.597398067,0,0.0,0.0,59330000.0,33097000.0,92427000.0,269007000.0,0.0,18692000.0,33097000.0,199932000.0,0.4558444312,169590000.0,0.3866647515,-18467000.0,151126000.0,0.3445668803,54685000.0,96441000.0,0.2198852249,0.57,0.56,168044103,172154556,https://www.sec.gov/Archives/edgar/data/1442145/000144214513000010/0001442145-13-000010-index.htm,https://www.sec.gov/Archives/edgar/data/1442145/000144214513000010/vrsk-20130930x10q.htm,2.610011254009907,0.5739029116659928,0.8316923801842663,0.5674165192217426,1.0992173881876712,2.8742573608786497,-7.373213209391823,2.8742573608786497,7.910548339801011,10916144930.88,12046570930.88,28.29746925809562,24.888781571419777,78.10580155322299,114.48380122788431,22.600620558258555,22.600620558258555,27.46614986167256,60.25334079026869,86.19408082998834,126.33921962936935,0.0088347123101292,0.0087348602096943,2.713506362292496,0.5393819098289951,5.654052377808455,1.0102750975608688,9.072865396961268,1.4491865492892029,0.0,0.0,0.0,0.0,0.7086904166145377,0.317756741866472,0.1012546825445682,1.341813457413059,0.0219039345914358,6.092188033574437,0.0537706419449833,0.1362459295467228,-9.624584981717568,4692000.0,-1239025000.0,-1485540000.0,1945835000.0,204164500.0,163312000.0,39728500.0,34.42574846613178,85.96483180428135,19.34046890927625,2.614322244541537,1.0469397556073354,4.653454909608391,0.1996699806626059,0.2642758609625236,2013-11-05,0.6,amc,398612903.0,2025-04-25,2013-09-30,0.0333333333333333,63.06875,595836.5
2013-06-30,VRSK,USD,1442145,2013-07-30,2013-07-30 16:22:03,2013,Q2,421320000.0,174663000.0,246657000.0,0.5854386215,0,0.0,0.0,61152000.0,34007000.0,95159000.0,269822000.0,0.0,19704000.0,34007000.0,180991000.0,0.4295808412,151498000.0,0.3595794171,-19577000.0,131927000.0,0.3131277889,47722000.0,84205000.0,0.1998599639,0.5,0.49,168147072,172467691,https://www.sec.gov/Archives/edgar/data/1442145/000119312513310236/0001193125-13-310236-index.htm,https://www.sec.gov/Archives/edgar/data/1442145/000119312513310236/d541058d10q.htm,2.5056636133396366,0.5007818393650054,0.3296756782062788,0.1189078094681303,1.0517043080000823,2.17372206160093,-8.149401495376619,2.17372206160093,8.471655099649906,10208208741.12,11440401741.12,30.30760863701681,24.22911027513529,184.1506790258686,510.5636061378414,27.92905361382197,27.92905361382197,27.153711528339507,63.20978248155986,206.37878812858537,572.1917445793739,0.0082487537368638,0.0019586198232273,3.8433947552017074,0.5758826835498458,6.808034653656812,0.8435799540619616,7.688692651238327,0.6583219523781249,0.0,0.0,0.0,0.0,0.7115839417943544,0.639318829599163,0.0841165859679103,1.042138383274032,0.0241407955947973,4.949001108933814,0.0485403862300095,0.1196862189928761,-10.085385251311424,-91527000.0,-1370298000.0,-1580237000.0,1830204000.0,223279500.0,154111000.0,41964500.0,51.38749643976075,81.39382696965012,21.38970474571031,1.7513988077917544,1.105734959895164,4.207631712076317,0.2303798853640853,0.2107678687381484,2013-07-30,0.53,amc,376203636.0,2025-04-25,2013-06-30,0.0377358490566038,59.7453125,724770.828125
2013-03-31,VRSK,USD,1442145,2013-04-30,2013-04-30 16:21:02,2013,Q1,403323000.0,164449000.0,238874000.0,0.5922647605,0,0.0,0.0,59028000.0,32421000.0,91449000.0,255898000.0,0.0,20090000.0,32421000.0,177800000.0,0.4408377405,147425000.0,0.3655258936,-20239000.0,127190000.0,0.3153551868,46679000.0,80511000.0,0.1996191638,0.48,0.47,168078592,172760644,https://www.sec.gov/Archives/edgar/data/1442145/000119312513187336/0001193125-13-187336-index.htm,https://www.sec.gov/Archives/edgar/data/1442145/000119312513187336/d496990d10q.htm,2.399609582640959,0.4790080583254767,1.1379022023221137,0.9709267436033734,1.6212594165472305,2.097375970403179,-8.326253708741206,2.097375970403179,8.749097565024819,10276325114.88,11459413114.88,31.90969282110519,25.47914479184177,53.7304522965434,62.97076520221579,29.15071063212717,29.15071063212717,28.412495976872133,64.4511423784027,59.91630693192928,70.22043430364234,0.0078346100478488,0.0158803850769279,4.114460292065221,0.5764093743827858,6.654038245219348,0.8495146228141115,7.338227974116476,2.3755387462582758,0.0,0.0,0.0,0.0,0.6962430062308577,0.1467397271733845,0.0695844273696268,0.8656426390302582,0.0201848146522762,4.754455783907359,0.0455239426065669,0.1053315331297638,-10.207232399947758,-97879000.0,-1399465000.0,-1611280000.0,1821239000.0,192213500.0,129964000.0,52019000.0,45.96745040575419,82.23516105297084,23.21461364921647,1.9579071539876791,1.0944223717398394,3.8768683106228488,0.2283844504203969,0.1669754587187403,2013-04-30,0.53,amc,376700000.0,2025-04-25,2013-03-31,0.0,56.40233333333333,730025.8333333334
2012-12-31,VRSK,USD,1442145,2013-02-26,2013-02-26 16:22:16,2012,Q4,415730000.0,170021000.0,245709000.0,0.591030236,0,0.0,0.0,56200000.0,30535000.0,86735000.0,256756000.0,20572000.0,0.0,30535000.0,189578000.0,0.4560123157,158974000.0,0.382397229,-20544000.0,138430000.0,0.3329805403,40131000.0,98299000.0,0.2364491377,0.58,0.57,168078589,172760641,https://www.sec.gov/Archives/edgar/data/1442145/000119312513076934/0001193125-13-076934-index.htm,https://www.sec.gov/Archives/edgar/data/1442145/000119312513076934/d448659d10k.htm,2.473426285129036,0.5848395121879563,0.8759711803625386,0.7650171313610921,0.5634388089728668,1.520663646218496,-9.00056937055796,1.520663646218496,8.694890935810985,8566965681.33,9938571681.33,21.7880285692886,20.60704226620643,58.18684580342588,66.62595896292667,33.51826035083395,33.51826035083395,23.906313427777643,52.42471004721012,67.50279614030917,77.29304559179674,0.0114741909395322,0.0150091648295289,5.717826527538137,0.6191597298011808,7.235048370591524,0.6672230289570342,0.0,1.4977975360888718,0.0,0.0,0.0,0.0,0.749212823936931,0.1266640404259943,0.0448584417771149,0.6107417717373506,0.0445096577105332,4.473281140702945,0.0572959423797598,0.1660618776839622,-10.97945021420902,-194791000.0,-1512803000.0,-1714186000.0,1727687000.0,181244000.0,143065500.0,51310500.0,38.62771510355279,58.05182889172514,32.618323618847086,2.329933307179286,1.5503387527697483,2.759185329438494,0.3845949192264203,0.1109540490014465,2013-02-26,0.54,amc,247971428.0,2025-04-25,2012-12-31,0.1666666666666666,48.730645161290326,847148.8548387097
2012-09-30,VRSK,USD,1442145,2012-10-30,2012-10-30 16:26:09,2012,Q3,398863000.0,156749000.0,242114000.0,0.6070104271,0,0.0,0.0,58707000.0,28156000.0,86863000.0,243612000.0,136000.0,18133000.0,28156000.0,182905000.0,0.4585659738,155251000.0,0.3892338974,-18635000.0,136616000.0,0.3425135949,53705000.0,82911000.0,0.2078683658,0.5,0.48,165978083,171660546,https://www.sec.gov/Archives/edgar/data/1442145/000119312512441544/0001193125-12-441544-index.htm,https://www.sec.gov/Archives/edgar/data/1442145/000119312512441544/d402682d10q.htm,2.403106439059186,0.4995298084024744,0.8046966056355765,0.6890668811978025,0.618545522061488,0.8558238378979229,-9.690189035380053,0.8558238378979229,9.553128770622084,7867361134.2,9337068134.2,23.722308059847304,19.724469640452988,58.90418782438119,68.7886782740229,55.38522988144853,55.38522988144853,23.40921101781815,51.04873094885323,69.90811858312993,81.63913731048352,0.0105386035527948,0.0145372759746371,11.034840335661183,0.6804960248463923,8.035357152620213,0.5407156228816159,8.561793415320135,1.610908082160389,0.0,0.0,0.0,0.0,0.7599122700768809,0.1436935655351073,0.0481167719241945,0.6816309134820286,0.0141652647650947,3.1014454936137352,0.0495643860450998,0.1499224267936769,-11.448354901170898,-306920000.0,-1608359000.0,-1800048000.0,1588286000.0,194504000.0,88232000.0,42553000.0,41.53110215788379,101.31968943980505,23.541394203471796,2.167050603614078,0.8882774956931725,3.823053096265945,0.5836829804009912,0.1156297244377741,2012-10-30,0.5,amc,369351851.0,2025-04-25,2012-09-30,0.08,48.72746031746031,694790.8095238095
2012-06-30,VRSK,USD,1442145,2012-07-31,2012-07-31 16:47:21,2012,Q2,373226000.0,147074000.0,226152000.0,0.605938493,0,0.0,0.0,62473000.0,25277000.0,87750000.0,234824000.0,156000.0,17377000.0,25277000.0,163805000.0,0.4388895736,138402000.0,0.3708262554,-17251000.0,121151000.0,0.3246049311,47820000.0,73331000.0,0.1964788091,0.44,0.43,165946012,171901352,https://www.sec.gov/Archives/edgar/data/1442145/000119312512326026/0001193125-12-326026-index.htm,https://www.sec.gov/Archives/edgar/data/1442145/000119312512326026/d362457d10q.htm,2.249080863720907,0.4418967296424092,-0.0131247504760765,-0.1281621639693275,0.6145372146695517,0.28130835708182,-7.542422893537206,0.28130835708182,7.67451404617063,8174500551.12,9333480551.12,27.8685022402531,21.902280524722286,-3753.214210798898,-384.3568060522851,175.11033270039846,175.11033270039846,25.007584013761097,56.97921645322181,-4285.344605656565,-438.8508816588301,0.0089707009671621,-0.002601749167059,26.90925838653014,0.6777903496546511,7.075363999877903,0.6492268794742094,7.964665937733786,-0.0297009450300691,0.0,0.0,0.0,0.0,0.700527101567276,-8.76492194674013,0.0511486338036471,0.7552320291173794,0.0246686993939329,1.672410825081429,0.0580599516032626,0.132121738441082,-9.213333791956387,-214764000.0,-1251635000.0,-1409166000.0,1217284000.0,211618500.0,0.0,43112000.0,49.42179805265442,0.0,26.989474686212382,1.8210587948280068,0.0,3.3346332615349734,1.5708624309155563,0.115037413493251,2012-07-31,0.46,amc,365259574.0,2025-04-25,2012-06-30,0.0217391304347825,47.98063492063493,782966.5714285715
2012-03-31,VRSK,USD,1442145,2012-05-01,2012-05-01 16:21:08,2012,Q1,346501000.0,133330000.0,213171000.0,0.6152103457,0,0.0,0.0,53979000.0,20231000.0,74210000.0,207540000.0,105000.0,16385000.0,20231000.0,159627000.0,0.4606826532,138961000.0,0.4010406896,-15950000.0,123011000.0,0.3550090765,48410000.0,74601000.0,0.2152980799,0.45,0.44,164836995,171350823,https://www.sec.gov/Archives/edgar/data/1442145/000119312512200848/0001193125-12-200848-index.htm,https://www.sec.gov/Archives/edgar/data/1442145/000119312512200848/d313698d10q.htm,2.1020827272421463,0.4525743750667136,1.150306094818096,1.044492469666776,0.7273731239762045,-0.0622311757139227,-8.00365233544812,-0.0622311757139227,7.559880595979076,7742393655.15,8857226655.15,25.946011632384284,22.344505947024683,40.83260986931276,44.96920883975815,-754.7663925862742,-754.7663925862742,25.561907917004568,55.4870207117217,46.712127623897096,51.44435854557388,0.0096353922730831,0.0222374381449175,-119.88331058685904,0.6499656720275385,6.983987671258622,0.7397331717046424,8.48098870918523,2.5416951515395234,0.0,0.0,0.0,0.0,0.6918658825407245,0.0919873637356088,0.0503375170634428,0.8621422569324304,0.0128311318004854,,0.0579216712750868,0.1279598904293803,-9.69217043783163,-147716000.0,-1319298000.0,-1482461000.0,1286105000.0,185813000.0,83502000.0,33921000.0,56.69775844802757,0.0,28.4310357758944,1.5873643414403973,0.0,3.1655547377668034,-7.272470267108599,0.1058136251513199,2012-05-01,0.45,amc,331755319.0,2025-04-25,2012-03-31,0.0444444444444443,42.165,760745.4677419355
2011-12-31,VRSK,USD,1442145,2012-02-28,2012-02-28 16:21:57,2011,Q4,351593000.0,140375000.0,211218000.0,0.6007457486,0,0.0,0.0,52829000.0,19532000.0,72361000.0,212736000.0,102000.0,14754000.0,19532000.0,158776000.0,0.4515903331,138857000.0,0.3949367593,-14367000.0,124490000.0,0.354074171,44172000.0,80318000.0,0.2284402704,0.49,0.47,164836992,171350820,https://www.sec.gov/Archives/edgar/data/1442145/000119312512085286/0001193125-12-085286-index.htm,https://www.sec.gov/Archives/edgar/data/1442145/000119312512085286/d282185d10k.htm,2.13297388974436,0.4872571321854745,0.3152629720396742,0.2066465760307007,1.1931120412583118,-0.5974993768389076,-6.278068942194723,-0.5974993768389076,6.79847397360903,6614908488.96,7529191488.96,20.589744792450013,18.814107473584517,127.29055918101874,194.1962977118868,-67.16324996405727,-67.16324996405727,21.414509074298977,47.42021142338893,144.8840896907653,221.0372394962276,0.0121419669121723,0.0051494287573062,-11.228408975530511,0.7175924303714345,5.758319897213685,1.2974517374517374,9.41148163209977,0.6470156129385692,0.0,0.0,0.0,0.0,0.6075948052891884,0.3445263340196663,0.0509225155222089,0.9166496006553349,0.0152676532240402,,0.0744968651818753,0.1328145411732022,-7.977949816021879,104004000.0,-1034858000.0,-1185942000.0,1159783000.0,155944500.0,156681000.0,26497500.0,39.251378724832406,107.07291184327694,16.492039180765804,2.2929130879945743,0.8405487293717516,5.457178400653112,-0.8154939587775408,0.1086163960089735,2012-02-28,0.44,amc,309408000.0,2025-04-25,2011-12-31,0.1363636363636363,36.8952380952381,894773.8888888889
2011-09-30,VRSK,USD,1442145,2011-11-01,2011-11-01 16:16:15,2011,Q3,340098000.0,137619000.0,202479000.0,0.5953548683,0,0.0,0.0,51475000.0,19595000.0,71070000.0,208689000.0,99000.0,14593000.0,19595000.0,151017000.0,0.4440396592,131409000.0,0.3863856888,-14580000.0,116829000.0,0.3435156925,45842000.0,70987000.0,0.2087251322,0.43,0.41,164195328,171169661,https://www.sec.gov/Archives/edgar/data/1442145/000095012311093958/0000950123-11-093958-index.htm,https://www.sec.gov/Archives/edgar/data/1442145/000095012311093958/c22496e10vq.htm,2.071301322288537,0.4323326422539866,0.8323440238202149,0.7485779376134258,0.3512523815537552,-0.96758538708239,-6.723498247160845,-0.96758538708239,6.296421540081822,5709071554.56,6675475554.56,20.106046017439816,16.786548449446926,41.773592414847776,46.44806940323644,-35.934813055459394,-35.934813055459394,19.628094121576723,44.20347083149579,48.8448239484294,54.31057377624824,0.0124340708154727,0.0215294201211799,-6.415501690029143,0.7386228171947479,6.3993060383930285,0.5370819425258053,9.004933872404578,1.925239832645414,0.0,0.0,0.0,0.0,0.6848839762510209,0.1006387789298075,0.0404412845709177,0.7019137535085481,0.0145752106745702,,0.0768044117905787,0.1632489266142181,-8.213287895743294,-234237000.0,-1103967000.0,-1267042000.0,821185000.0,168927500.0,73179000.0,28484000.0,41.95702415186212,95.7151265450265,17.83532797070172,2.1450520340586565,0.9402902472020662,5.046164564388384,-0.4468160102723559,0.083766086206789,2011-11-01,0.41,amc,309868888.0,2025-04-25,2011-09-30,0.0975609756097561,33.6084375,833825.109375
2011-06-30,VRSK,USD,1442145,2011-08-02,2011-08-02 16:16:33,2011,Q2,327280000.0,131185000.0,196095000.0,0.5991658519,0,0.0,0.0,55909000.0,19732000.0,75641000.0,206826000.0,0.0,14895000.0,19732000.0,143675000.0,0.438997189,123818000.0,0.3783243706,-14770000.0,109048000.0,0.3331948179,43471000.0,65577000.0,0.200369714,0.39,0.38,166960809,174634049,https://www.sec.gov/Archives/edgar/data/1442145/000095012311071625/0000950123-11-071625-index.htm,https://www.sec.gov/Archives/edgar/data/1442145/000095012311071625/c18159e10vq.htm,1.9602204970149613,0.3927688203762836,0.2485972621275451,0.1616127770439828,0.3433200901655909,-0.8651132015058696,-6.578376126579502,-0.8651132015058696,6.22934811007055,5780183207.58,6753375207.58,22.03586321263553,17.661278439195794,139.2613888975088,214.21573611459067,-40.017884295070616,-40.017884295070616,20.63485458194818,47.00452554431877,162.70840860550285,250.2825930244969,0.0113451421252537,0.0046681911335639,-7.097493769039048,0.7280519910318168,6.773565338437446,0.5775547302580141,8.31272239006378,0.6329353279350992,0.0,0.0,0.0,0.0,0.6774365824887489,0.3499012191008528,0.0443748472256172,0.7360125684167849,0.0260113664140796,,0.0697736338781696,0.1443797638915187,-8.061060904418593,-216123000.0,-1098331000.0,-1257052000.0,845413000.0,173643000.0,44229000.0,29433500.0,49.30777927157174,0.0,20.37306094446774,1.825269791695714,0.0,4.417598329741379,-0.4540085848795347,0.0869844850835623,2011-08-02,0.39,amc,311334146.0,2025-04-25,2011-06-30,0.0512820512820511,33.71190476190476,802410.6031746032
2011-03-31,VRSK,USD,1442145,2011-05-03,2011-05-03 16:31:46,2011,Q1,312869000.0,124556000.0,188313000.0,0.6018908872,0,0.0,0.0,49256000.0,19760000.0,69016000.0,193572000.0,10000.0,9615000.0,19760000.0,139429000.0,0.4456465805,119297000.0,0.3813001608,-9243000.0,110054000.0,0.3517574448,44178000.0,65876000.0,0.2105545772,0.39,0.37,169030230,176964195,https://www.sec.gov/Archives/edgar/data/1442145/000095012311043876/0000950123-11-043876-index.htm,https://www.sec.gov/Archives/edgar/data/1442145/000095012311043876/c14720e10vq.htm,1.8509647652967165,0.3897291034864,0.8612719748414234,0.7805290213472466,0.6320822021007722,-0.6453934305124001,-5.522875996796549,-0.6453934305124001,4.970306199074568,5537430334.799999,6266709334.799999,21.014596874430747,17.698878235939002,38.03676533888351,41.97153354202512,-50.75973576922019,-50.75973576922019,20.02981866148452,44.9455230604824,43.046203383683306,47.49918015053095,0.0118964927804151,0.0238256722022969,-7.613066155778204,0.6455977817698734,5.230468553887642,0.6329278940849189,12.407384295371816,2.2099247070253205,0.0,0.0,0.0,0.0,0.6408754142274246,0.0937484974000728,0.0436220910349059,0.6906882591093118,0.0122031904726898,,0.0772856175094984,0.1425921396396884,-6.792333832829784,-180772000.0,-933533000.0,-1083824000.0,744444000.0,159625500.0,100226500.0,25321500.0,48.32147000821431,63.91679244677093,21.077989016988344,1.862526119025366,1.408080671052929,4.269857049809742,-0.6038628301143082,0.0807429534941767,2011-05-03,0.38,amc,297255000.0,2025-04-25,2011-03-31,0.0526315789473684,33.06145161290323,781080.6451612903
2010-12-31,VRSK,USD,1442145,2011-02-28,2011-02-28 16:39:38,2010,Q4,293158000.0,116475000.0,176683000.0,0.6026886525,0,0.0,0.0,45240000.0,18280000.0,63520000.0,179995000.0,305000.0,9269000.0,17736000.0,131590000.0,0.4488705749,113707000.0,0.3878693401,-9122000.0,104585000.0,0.3567530137,38692000.0,65893000.0,0.2247695782,0.39,0.37,169030227,176964192,https://www.sec.gov/Archives/edgar/data/1442145/000095012311019814/0000950123-11-019814-index.htm,https://www.sec.gov/Archives/edgar/data/1442145/000095012311019814/y89886e10vk.htm,1.7343525190911564,0.3898296841309927,0.5574446752650932,0.460213545119359,0.358675492993333,-0.6770505017425079,-5.604553793801625,-0.6770505017425079,5.021658049361787,5760550136.16,6545119136.16,21.855698390420837,19.649984432149218,61.13611181915628,74.05257920246818,-50.33597923978958,-50.33597923978958,22.326251155213228,49.73872738171593,69.46265997516582,84.13831001619745,0.0114386644404634,0.0135039185774459,-7.335969311965886,0.6897953314874002,5.962223573219849,0.3335289270643461,12.267450641924697,1.42996979952347,0.0,0.0,0.0,0.0,0.6843347657116565,0.1744229238524807,0.0560619188287544,0.9266463689670726,0.0181062771611213,,0.0767087808261878,0.1715101524494199,-6.784091344798348,-480447000.0,-947339000.0,-1091097000.0,445859000.0,147213000.0,105640000.0,21958500.0,46.44014490479537,86.53831294269156,16.591371538956857,1.9379784491306933,1.0400017857940087,5.424506333830104,-0.5757763758060852,0.0972311301457342,2011-02-28,0.37,amc,278164102.0,2025-04-25,2010-12-31,0.0540540540540541,30.8796875,708496.515625
2010-09-30,VRSK,USD,1442145,2010-11-03,2010-11-03 17:25:37,2010,Q3,287354000.0,117005000.0,170349000.0,0.59281931,0,0.0,0.0,40982000.0,15649000.0,56631000.0,173636000.0,59000.0,8484000.0,16193000.0,129979000.0,0.4523305748,113718000.0,0.3957418376,-8416000.0,105302000.0,0.3664539209,42422000.0,62880000.0,0.2188241681,0.35,0.34,178687239,187188670,https://www.sec.gov/Archives/edgar/data/1442145/000095012310100219/0000950123-10-100219-index.htm,https://www.sec.gov/Archives/edgar/data/1442145/000095012310100219/c07450e10vq.htm,1.6081394598077594,0.3518997794800556,0.3848791910652333,0.3477416761697235,0.6301793045221321,0.3477808507634952,-2.9952278797032617,0.3477808507634952,3.014697652807764,5005029564.39,5427978564.39,19.89913153781012,17.41764361863764,72.7760831196836,80.54829754236607,80.53922445272272,80.53922445272272,18.88951803138289,41.76042717969826,78.92601114376282,87.35501495711091,0.0125633623520191,0.0124149116804613,8.531861483007209,0.5052396058360357,3.253979488994376,0.7271959244537862,13.403818953323904,1.093718193384224,0.0,0.0,0.0,0.0,0.5692269282483221,0.096491355619211,0.02309346659521,0.409806706601618,0.0198570404448867,1.6594095653420984,0.0865305321390943,0.1390971954926138,-4.231261864200611,-107206000.0,-535209000.0,-701495000.0,573718000.0,141350500.0,90428000.0,24267000.0,44.836821481517575,76.36981325584377,17.264646809965388,2.007278772807287,1.178476104144634,5.212965025618177,1.0118434603501545,0.0371375148955096,2010-11-03,0.34,amc,271433333.0,2025-04-25,2010-09-30,0.0588235294117645,28.5478125,584949.890625
2010-06-30,VRSK,USD,1442145,2010-08-04,2010-08-04 16:40:47,2010,Q2,281677000.0,115000000.0,166677000.0,0.5917309542,0,0.0,0.0,42638000.0,16964000.0,59602000.0,174602000.0,92000.0,8445000.0,16964000.0,124160000.0,0.4407885628,107075000.0,0.3801339833,-8324000.0,98751000.0,0.3505824047,40347000.0,58404000.0,0.2073438726,0.32,0.31,180492109,189541896,https://www.sec.gov/Archives/edgar/data/1442145/000095012310072531/0000950123-10-072531-index.htm,https://www.sec.gov/Archives/edgar/data/1442145/000095012310072531/c03781e10vq.htm,1.560605621822503,0.3235820132169877,0.1985959397260963,0.1538737629798541,0.6199384594702697,0.2968273809687713,-3.0397395378653367,0.2968273809687713,2.9870945770820376,5396714059.099999,5820589059.099999,23.10078958247723,19.159228687823283,150.55695519877247,194.3151283296727,100.73194697340178,100.73194697340178,20.664055137977183,46.87974435486469,162.38217489468545,209.5772534151874,0.0108221409102671,0.0051462796983228,9.905776948203451,0.5038622648746568,3.41394168814433,0.8822066135367064,12.67910005920663,0.6137422094377097,0.0,0.0,0.0,0.0,0.5717671096055325,0.2251917980192495,0.0286569368461038,0.4758311718934214,0.0227139596062156,1.4700612347842923,0.0808161339939867,0.129486258546838,-4.266644975598352,-38119000.0,-548649000.0,-714203000.0,650358000.0,136220500.0,79786000.0,25812000.0,44.58670746990347,63.83817391304348,20.417478260869565,2.018538822602028,1.4098147625994533,4.407988040936793,1.0901353243117125,0.0447221767462421,2010-08-04,0.33,amc,281700000.0,2025-04-25,2010-06-30,0.0,29.17507936507937,723066.7301587302
2010-03-31,VRSK,USD,1442145,2010-05-06,2010-05-06 17:14:42,2010,Q1,276154000.0,114993000.0,161161000.0,0.5835910398,0,0.0,0.0,37514000.0,17233000.0,54747000.0,169740000.0,32000.0,8466000.0,17233000.0,123711000.0,0.447978302,106414000.0,0.3853429608,-8402000.0,98012000.0,0.3549179081,42637000.0,55375000.0,0.2005221724,0.31,0.29,180053553,189454759,https://www.sec.gov/Archives/edgar/data/1442145/000095012310045644/0000950123-10-045644-index.htm,https://www.sec.gov/Archives/edgar/data/1442145/000095012310045644/c99696e10vq.htm,1.5337325778847586,0.3075473884150456,0.7619344229213849,0.720291256901773,0.7583188319532912,0.1569088725508238,-3.1839360592900934,0.1569088725508238,3.00057949981137,5077510194.599999,5478317194.599999,22.923296589616253,18.38651692389029,37.01105915634635,39.15082923718685,179.72215045306527,179.72215045306527,19.837906366013165,44.28318576844419,39.93262721209426,42.241305831553454,0.0109059357593987,0.0255422431525451,18.82341073198357,0.48983078792166,3.239865492963439,0.971448519370594,12.569572407276164,2.477453724604966,0.0,0.0,0.0,0.0,0.5540597174671335,0.0546545276953691,0.0271515169072329,0.4350954563918064,0.0140718584557891,1.0420079483254865,0.0785630919948897,0.1143761824896519,-4.490050246328657,-9283000.0,-573279000.0,-741578000.0,680520000.0,119526500.0,89701000.0,23047500.0,43.31148562034227,61.04797683337247,19.985129529623546,2.077970744040453,1.4742503301239729,4.503348345408263,1.960038227382132,0.0416431660196119,2010-05-06,0.31,amc,259460606.0,2025-04-25,2010-03-31,0.0645161290322581,28.399016393442626,513860.91803278687
2009-12-31,VRSK,USD,1442145,2010-03-09,2010-03-09 16:52:10,2009,Q4,265126000.0,153410000.0,111716000.0,0.4213694621,0,0.0,0.0,51879000.0,17679000.0,69558000.0,222968000.0,127000.0,9139000.0,17679000.0,57920000.0,0.2184621652,42158000.0,0.1590111871,-11056000.0,31102000.0,0.11731026,37547000.0,-6445000.0,-0.0243091964,-0.0358,-0.034,180053550,189454756,https://www.sec.gov/Archives/edgar/data/1442145/000095012310022607/0000950123-10-022607-index.htm,https://www.sec.gov/Archives/edgar/data/1442145/000095012310022607/c96162e10vk.htm,1.4724841581851622,-0.0357949065708507,0.3933551990505047,0.3135178395538438,0.4274950424470942,-0.1941033653599165,-3.522863059350954,-0.1941033653599165,3.350714273614711,5452021494.0,5974663494.0,-211.4826025601241,20.56388846812459,76.97877153547476,96.58142593445528,-155.99935603307677,-155.99935603307677,22.53518513461524,103.15372054558011,84.3581149876456,105.83992017714792,-0.0011821303358933,0.0103539577131388,-17.0010300723912,0.5959849661919869,9.023515193370166,0.7504520795660036,4.612977349819455,-10.989138867339022,0.0,0.0,0.0,0.0,0.6011868162290499,0.2029650547123191,0.0542195031796202,0.8131116013349171,0.0159094166547226,,-0.0114445836350983,-0.0162098400897388,-4.80430544135342,-74934000.0,-634304000.0,-806557000.0,613586000.0,108579500.0,50700500.0,20889500.0,36.03618656789602,59.48823414379767,12.061795189361842,2.497489567338941,1.5129042119900198,7.461575875486381,0.1844115711465278,0.0798373594966608,2010-03-09,,amc,,2025-04-25,2009-12-31,,28.435,2439497.8
2009-09-30,VRSK,USD,1442145,2009-11-16,2009-11-16 17:29:49,2009,Q3,258311000.0,117383000.0,140928000.0,0.5455749078,0,0.0,0.0,38500000.0,17633000.0,56133000.0,173516000.0,0.0,9449000.0,17633000.0,102481000.0,0.3967349435,84795000.0,0.3282670889,-9396000.0,75399000.0,0.2918923313,33194000.0,42205000.0,0.1633883187,0.24,0.23,172796403,179850853,https://www.sec.gov/Archives/edgar/data/1442145/000095012309063204/0000950123-09-063204-index.htm,https://www.sec.gov/Archives/edgar/data/1442145/000095012309063204/c91946e10vq.htm,1.4948864415887175,0.2442469823865488,0.4111601790692367,0.3641453115201709,0.3814431252946856,-6.936006648240242,-10.452185164988649,-6.936006648240242,3.870861825752241,4703518089.66,5302380089.66,27.861142575879636,18.208740973709983,66.20290919616592,74.75037887036537,-3.9244483721632646,-3.9244483721632646,20.527116884917792,51.74012831315073,74.63200542823765,84.26775725346852,0.0089730706240466,0.01337785861573,-0.5501982867159999,0.6468879000486573,5.843639308749915,0.564150986790828,8.973965498994602,1.6833787465940055,0.0,0.0,0.0,0.0,0.5960342405550062,0.1143468408236801,0.0314504608785533,0.4607270458798843,0.0116564915934667,,0.0624873609429241,0.1024908145597423,-11.910664598730104,-170556000.0,-1806100000.0,-1997130000.0,524256000.0,113309500.0,0.0,21544000.0,38.675008032952526,0.0,16.269050884710733,2.327084196681141,0.0,5.531976059192234,-0.0352143524038457,0.0470148675490658,2010-03-09,0.3,amc,248531250.0,2025-04-25,2009-09-30,0.0666666666666667,,
2009-06-30,VRSK,USD,1442145,2009-06-30,2009-06-29 20:00:00,2009,Q2,257916000.0,112978000.0,144938000.0,0.5619581569,0,0.0,0.0,38905000.0,18182000.0,57087000.0,170065000.0,0.0,8523000.0,18182000.0,106115000.0,0.4114324043,87851000.0,0.340618651,-8441000.0,79410000.0,0.3078909412,33471000.0,45939000.0,0.1781161308,0.27,0.26,172887334,179824482,,,1.4918154733070266,0.2657164000226876,0.2842082115743655,0.2388838964918043,0.2949030378361899,-5.948897332178192,-9.458500875489236,-5.948897332178192,4.034934103385504,4705993231.48,5349097231.48,25.61001127299245,18.24622447416988,95.77485410859654,113.946567348184,-4.575637883808188,-4.575637883808188,20.73968746211945,50.40849296970268,108.86309897997394,129.51809277191282,0.0097618074953228,0.0087760432215945,-0.6699789691479442,0.6826930602822651,6.0604438580785,0.4989433891380403,10.307520826000234,1.0695922854219726,0.0,0.0,0.0,0.0,0.6011542253067614,0.159475740801042,0.0303819848322709,0.4309756902430975,0.0136090820267063,,0.0683261500925327,0.1141145989879995,-10.927299914289843,-213395000.0,-1635255000.0,-1825329000.0,477649000.0,116259500.0,33194000.0,22151500.0,40.34464709440282,0.0,17.421179344651172,2.230779210669711,0.0,5.166125565869495,-0.0446664961900419,0.0453243150825612,2009-06-29,,amc,,2025-04-25,2009-06-30,,,
2009-03-31,VRSK,USD,1442145,2009-03-31,2009-03-30 20:00:00,2009,Q1,245751000.0,107523000.0,138228000.0,0.5624717702,0,0.0,0.0,33320000.0,17705000.0,51025000.0,158548000.0,0.0,8154000.0,17705000.0,104553000.0,0.4254428263,87203000.0,0.3548429101,-8509000.0,78694000.0,0.3202184325,33779000.0,44915000.0,0.182766296,0.26,0.25,173938003,180604453,,,1.412865479431772,0.258224190374314,0.7783980364544026,0.730340683513539,0.2862226721092112,-5.698058980244817,-9.233882028644423,-5.698058980244817,3.7211017077159374,4734592441.66,5328673441.66,26.353069362462428,19.26581149887488,34.96925573449144,37.27027757655431,-4.777065329504626,-4.777065329504626,21.68322180442805,50.96624144366971,39.35708228386992,41.9468287360864,0.0094865609983216,0.0268310317234951,-0.6448200954688132,0.6263188636457184,5.682103813376948,0.365644492505568,10.694505764042187,3.0144272514750083,0.0,0.0,0.0,0.0,0.6027268112263399,0.061738790040844,0.0340141037065973,0.4721265179327873,0.0081586646646402,,0.0763596954713532,0.1107994632091017,-10.7096578543563,-354318000.0,-1606123000.0,-1807265000.0,347767000.0,106921500.0,74884500.0,19967000.0,42.812358851032144,55.568762032309365,18.77793588348539,2.1021967117756755,1.619614990660963,4.792859053222787,-0.0453179216413129,0.0480573529408636,2009-03-30,,amc,,2025-04-25,2009-03-31,,,
2008-12-31,VRSK,USD,1442145,2008-12-31,2008-12-30 19:00:00,2008,Q4,231469000.0,97912000.0,133557000.0,0.5769973517,0,0.0,0.0,39946000.0,17416000.0,57362000.0,155274000.0,0.0,8750000.0,17416000.0,92965000.0,0.4016304559,76195000.0,0.3291801494,-9396000.0,66799000.0,0.2885872406,30360000.0,36439000.0,0.1574249684,0.21,0.2,172796400,179850850,,,1.339547583167242,0.2108782358891736,0.3116963084879083,0.2634950728140169,0.2216423490304196,-5.844004851952934,-9.085305017928617,-5.844004851952934,3.926609582144073,4703518008.0,5340087008.0,32.269807129723645,20.32029346478362,87.32859279613814,103.30363945443764,-4.657764784521644,-4.657764784521644,23.07041983159732,57.44190833109235,99.1475493501671,117.2846414091498,0.0077471798636728,0.0096802010585605,-0.6632390032708703,0.7210362620669906,6.84740493734201,0.3345758260563004,8.708,1.4780866653859874,0.0,0.0,0.0,0.0,0.6029700380136445,0.1546416635722242,0.035983220215234,0.4782384014699127,0.0101914295218798,,0.0646038062752491,0.0988063732402004,-10.526522832651606,-335972000.0,-1569908000.0,-1769773000.0,306700000.0,,,,37.6926931900168,76.64321022959393,16.085873028842226,2.387730681548571,1.1742723162351134,5.594971428571428,-0.0360845415483703,0.0482012356738913,2008-12-30,,amc,,2025-04-25,2008-12-31,,,
2008-09-30,VRSK,USD,1442145,2008-09-30,2008-09-29 20:00:00,2008,Q3,224391000.0,98307000.0,126084000.0,0.5618941936,0,0.0,0.0,32265000.0,16095000.0,48360000.0,146667000.0,0.0,8393000.0,16095000.0,93821000.0,0.4181139172,77724000.0,0.3463775285,-8391000.0,69333000.0,0.3089829806,28493000.0,40840000.0,0.1820037346,0.22,0.22,182267670,189667517,,,1.2311069758010291,0.224066067229586,0.2859366117973637,0.2611763238099219,,,,,,4961325977.4,,30.370506717678744,22.110182571493507,95.19592412072836,104.22077929165616,0.0,0.0,,,,,0.0082316703611163,0.0095950155697987,0.0,0.0,,0.0,9.260574288097224,1.276126346718903,0.0,0.0,0.0,0.0,0.0,0.086593625880231,0.020112214839276,0.2803976390183286,0.0129283260023797,,0.0,0.0,,,,,,,,,,,,0.0,0.0,0.0,0.0,0.0247602879874417,2008-09-29,,amc,,2025-04-25,2008-09-30,,,
2008-06-30,VRSK,USD,1442145,2008-06-30,2008-06-29 20:00:00,2008,Q2,222072000.0,97368000.0,124704000.0,0.5615476062,0,0.0,0.0,30354000.0,15413000.0,45767000.0,143135000.0,0.0,7847000.0,15413000.0,95125000.0,0.428352066,78937000.0,0.3554567888,-7072000.0,71865000.0,0.3236112612,31942000.0,39923000.0,0.1797750279,0.22,0.21,182267667,189667514,,,1.2183839495789452,0.2190350085514618,0.285651321800262,0.2415184257556772,,,,,,4961325895.74,,31.06809292725997,22.34106909353723,95.29099963007778,112.70361635901048,0.0,0.0,,,,,0.0080468408725739,0.0088728297485553,0.0,0.0,,0.0,10.059513189754046,1.3041354607619668,0.0,0.0,0.0,0.0,0.0,0.1544991837126668,0.0362224864008069,0.5218970998507754,0.0115683201844446,,0.0,0.0,,,,,,,,,,,,0.0,0.0,0.0,0.0,0.0441328960445848,2008-06-29,,amc,,2025-04-25,2008-06-30,,,
2008-03-31,VRSK,USD,1442145,2008-03-31,2008-03-30 20:00:00,2008,Q1,215618000.0,93310000.0,122308000.0,0.5672439221,0,0.0,0.0,28674000.0,15948000.0,44622000.0,137932000.0,0.0,6326000.0,15948000.0,93176000.0,0.4321346084,77686000.0,0.3602945951,-6784000.0,70902000.0,0.3288315447,29876000.0,41026000.0,0.1902716842,0.25,0.23,163289015,166218625,,,1.3204684956915198,0.2512477645847762,0.5503370817687889,0.4905290169090676,,,,,,4444726988.3,,27.08481809279481,20.61389581713957,49.46059588155435,55.49111074308972,0.0,0.0,,,,,0.009230263210315,0.0180209043684448,0.0,0.0,,0.0,12.280429971546,2.190415833861454,0.0,0.0,0.0,0.0,0.0,0.108675331612214,0.0452930645864445,0.6123651868572861,0.0095168306913151,,0.0,0.0,,,,,,,,,,,,0.0,0.0,0.0,0.0,0.0598080648597212,2008-03-30,,amc,,2025-04-25,2008-03-31,,,
