date,symbol,reportedCurrency,cik,fillingDate,acceptedDate,calendarYear,period,revenue,costOfRevenue,grossProfit,grossProfitRatio,researchAndDevelopmentExpenses,generalAndAdministrativeExpenses,sellingAndMarketingExpenses,sellingGeneralAndAdministrativeExpenses,otherExpenses,operatingExpenses,costAndExpenses,interestIncome,interestExpense,depreciationAndAmortization,ebitda,ebitdaratio,operatingIncome,operatingIncomeRatio,totalOtherIncomeExpensesNet,incomeBeforeTax,incomeBeforeTaxRatio,incomeTaxExpense,netIncome,netIncomeRatio,eps,epsdiluted,weightedAverageShsOut,weightedAverageShsOutDil,link,finalLink,revenuePerShare,netIncomePerShare,operatingCashFlowPerShare,freeCashFlowPerShare,cashPerShare,bookValuePerShare,tangibleBookValuePerShare,shareholdersEquityPerShare,interestDebtPerShare,marketCap,enterpriseValue,peRatio,priceToSalesRatio,pocfratio,pfcfRatio,pbRatio,ptbRatio,evToSales,enterpriseValueOverEBITDA,evToOperatingCashFlow,evToFreeCashFlow,earningsYield,freeCashFlowYield,debtToEquity,debtToAssets,netDebtToEBITDA,currentRatio,interestCoverage,incomeQuality,dividendYield,payoutRatio,salesGeneralAndAdministrativeToRevenue,researchAndDdevelopementToRevenue,intangiblesToTotalAssets,capexToOperatingCashFlow,capexToRevenue,capexToDepreciation,stockBasedCompensationToRevenue,grahamNumber,roic,returnOnTangibleAssets,grahamNetNet,workingCapital,tangibleAssetValue,netCurrentAssetValue,investedCapital,averageReceivables,averagePayables,averageInventory,daysSalesOutstanding,daysPayablesOutstanding,daysOfInventoryOnHand,receivablesTurnover,payablesTurnover,inventoryTurnover,roe,capexPerShare,report_date,epsEstimated,time,revenueEstimated,updatedFromDate,fiscalDateEnding,surprise(%),QuarterAvgPrice,QuarterAvgVolume
2025-03-31,VRTX,USD,875320,2025-05-05,2025-05-05 16:10:03,2025,Q1,2770200000.0,363000000.0,2407200000.0,0.8689625298,979700000,0.0,0.0,396400000.0,401000000.0,1777100000.0,2140100000.0,120900000.0,-3000000.0,-97300000.0,630100000.0,0.2274565013,630100000.0,0.2274565013,100300000.0,730400000.0,0.2636632734,84100000.0,646300000.0,0.2333044546,2.52,2.49,256899999,259500000,https://www.sec.gov/Archives/edgar/data/875320/000087532025000171/0000875320-25-000171-index.htm,https://www.sec.gov/Archives/edgar/data/875320/000087532025000171/ex-991_q12025.htm,10.78318416030823,2.5157648988546706,,,24.13857541509761,67.91825639516644,61.9657456674416,89.06383841597446,6.407551601430718,124550257515.18,126199357515.18,48.17819028128578,44.96074561951483,0.0,0.0,5.443511178303796,5.443511178303796,45.55604559785575,200.2846492861133,0.0,0.0,0.005189069961748,,0.0720744738969865,0.0720744738969865,2.6172036184732583,2.645591034045253,-210.03333333333333,0.0,,,0.0,0.3536567756840661,0.0668342037979939,0.0,,0.0,,71.00304757539557,0.0291951627449741,0.030269819636275,10.9092059591639,6225600000.0,15919000000.0,4576500000.0,10389200000.0,1707250000.0,206500000.0,1282550000.0,58.64522417153996,0.0,337.11570247933884,1.534651819843776,0.0,0.2669706552916084,0.0282467603417757,,2025-05-05,4.25,amc,2861806801.0,2025-05-11,2025-03-31,-0.0447058823529412,466.03725,1462023.7166666666
2024-12-31,VRTX,USD,875320,2025-02-13,2025-02-13 16:01:52,2024,Q4,2912000000.0,423400000.0,2488600000.0,0.8546016484,998700000,0.0,0.0,377600000.0,86300000.0,1376300000.0,1886000000.0,128200000.0,2800000.0,46500000.0,1184400000.0,0.4067307692,1026000000.0,0.3523351648,110500000.0,1136500000.0,0.3902815934,223500000.0,913000000.0,0.3135302198,3.55,3.5,257500000,260500000,https://www.sec.gov/Archives/edgar/data/875320/000087532025000053/0000875320-25-000053-index.htm,https://www.sec.gov/Archives/edgar/data/875320/000087532025000053/vrtx-20241231.htm,11.30873786407767,3.545631067961165,2.270291262135922,1.9106796116504856,23.75106796116505,63.726601941747575,56.29398058252427,63.726601941747575,6.80504854368932,103695250000.0,100875150000.0,28.3940991237678,35.60963255494506,177.37812179267877,210.7627032520325,6.319182064157566,6.319182064157566,34.64119162087912,85.16983282674772,172.5541395826206,205.03079268292683,0.0088046463073284,0.0047446724898199,0.106614420826833,0.0776409919585323,-2.3810368118878755,2.692139370476351,366.4285714285714,0.6403066812705367,0.0,0.0,0.0,0.3429601648351648,0.0849368931177107,0.1583989052343482,0.0317994505494505,1.9913978494623656,0.0576236263736263,71.30145821268823,0.0432419524962682,0.0442789037455199,6.998252427184466,6031800000.0,14495700000.0,3472800000.0,10530300000.0,1680000000.0,404400000.0,1142600000.0,49.74107142857143,87.78932451582429,256.22579121398206,1.8093699515347337,1.025181598062954,0.3512526962004313,0.055638163026521,0.3596116504854369,2025-02-10,4.02,amc,2784163726.0,2025-05-10,2024-12-31,-0.0099502487562188,463.53203125,1416049.34375
2024-09-30,VRTX,USD,875320,2024-11-05,2024-11-05 16:11:53,2024,Q3,2771900000.0,392600000.0,2379300000.0,0.8583642989,875900000,0.0,0.0,371800000.0,15300000.0,1263000000.0,1655600000.0,132200000.0,7500000.0,53200000.0,1284800000.0,0.4635087846,1116300000.0,0.4027201558,107800000.0,1224100000.0,0.4416104477,178700000.0,1045400000.0,0.3771420325,4.05,4.01,258000000,261000000,https://www.sec.gov/Archives/edgar/data/875320/000087532024000223/0000875320-24-000223-index.htm,https://www.sec.gov/Archives/edgar/data/875320/000087532024000223/vrtx-20240930.htm,10.743798449612402,4.051937984496124,5.309302325581395,5.774418604651163,25.28875968992248,60.58488372093024,53.14457364341085,60.58488372093024,6.629457364341086,119990640000.0,116454340000.0,28.694911038836807,43.28822829106389,87.59719667104686,80.54144180426903,7.676502312726714,7.676502312726714,42.01246076698293,90.64005292652551,85.01557891663016,78.16776748556853,0.0087123462296725,0.0124159684455387,0.1089444625709332,0.0765685560381651,-2.7524128268991284,2.467619742770129,148.84,1.3103118423569926,0.0,0.0,0.0,0.3159926404271438,0.0863121734516775,0.0876040297853701,0.0432916050362567,2.255639097744361,0.0665969190807749,74.31984467011591,0.0521887525659009,0.0514453313386415,6.852906976744186,5831000000.0,13711300000.0,3194800000.0,10264500000.0,1703350000.0,361850000.0,997200000.0,56.839712832353264,90.7335710646969,247.53438614365768,1.5833999771506913,0.9919151086407276,0.3635858492313391,0.0668803459813574,0.4651162790697674,2024-11-04,4.14,amc,2685460400.0,2025-04-25,2024-09-30,0.0579710144927536,480.365625,1072544.5625
2024-06-30,VRTX,USD,875320,2024-08-02,2024-08-02 16:03:02,2024,Q2,2634700000.0,371900000.0,2262800000.0,0.8588454093,5415700000,0.0,0.0,372200000.0,-23100000.0,5787900000.0,6159800000.0,156500000.0,9900000.0,54000000.0,-3327300000.0,-1.2628762288,-3525100000.0,-1.3379511899,123500000.0,-3391200000.0,-1.2871294645,202400000.0,-3593600000.0,-1.3639503549,-13.92,-13.92,258100000,258100000,https://www.sec.gov/Archives/edgar/data/875320/000087532024000198/0000875320-24-000198-index.htm,https://www.sec.gov/Archives/edgar/data/875320/000087532024000198/vrtx-20240630.htm,10.208058891902365,-13.923285548237118,-14.54320030995738,-14.840371948857031,22.454475009686167,57.24409143742735,49.78380472685006,57.24409143742735,3.654784967067029,121629625000.0,117982925000.0,-8.461544481856635,46.16450639541504,-32.4034593456948,-31.7545949403441,8.232290672568649,8.232290672568649,44.78040194329525,-35.45905839569621,-31.431938672208013,-30.802528522570032,-0.0295454335241105,-0.0314915054617655,0.0631755636324257,0.046363767316872,1.09599374868512,2.520748759585025,-356.07070707070704,1.0445235975066784,0.0,0.0,0.0,2.0555281436216646,0.0956432761609568,-0.0204337169650468,0.0291114737920825,1.4203703703703705,0.0585265874672638,,-0.2252345008284354,-0.1973789724605363,8.281576908175126,5394400000.0,12849200000.0,3584200000.0,9090600000.0,1724650000.0,339650000.0,863850000.0,56.571526169962425,79.3519763377252,221.33369185264857,1.5909063462351307,1.13418725221104,0.4066258473649683,-0.2432265968175326,0.2971716388996513,2024-08-01,-11.63,amc,2663659477.0,2025-04-25,2024-06-30,0.1031814273430781,434.04603174603176,1168789.253968254
2024-03-31,VRTX,USD,875320,2024-05-07,2024-05-07 16:14:28,2024,Q1,2687200000.0,342600000.0,2344600000.0,0.8725066984,865900000,0.0,0.0,342700000.0,-31200000.0,1208600000.0,1551200000.0,181200000.0,10400000.0,53500000.0,1343000000.0,0.4997767193,1136000000.0,0.4227448645,139600000.0,1279100000.0,0.4759973206,179500000.0,1099600000.0,0.4091991664,4.26,4.21,258200000,261100000,https://www.sec.gov/Archives/edgar/data/875320/000087532024000139/0000875320-24-000139-index.htm,https://www.sec.gov/Archives/edgar/data/875320/000087532024000139/vrtx-20240331.htm,10.407436096049574,4.258714175058095,5.060418280402788,4.098373353989156,39.393106119287374,71.8303640588691,64.38303640588691,71.8303640588691,2.833849728892332,108567936000.0,100131236000.0,24.6835067297199,40.40188151235487,83.09194550742386,102.59680211680212,5.853791854032545,5.853791854032545,37.26229383745162,74.55788235294118,76.63495790601561,94.62411264411264,0.0101282205457051,0.0097468924895099,0.0388912253458855,0.0301579603134119,-6.281980640357409,3.500803498511552,109.23076923076924,1.1882502728264823,0.0,0.0,0.0,0.3222313188448943,0.0803975348491056,0.1901117403949181,0.0924382256623995,4.642990654205607,0.071412622804406,82.96301746190593,0.0485342374564008,0.0499943167610084,25.37548412083656,9492800000.0,16623700000.0,7917900000.0,12901400000.0,1678300000.0,358150000.0,775950000.0,60.05805299196189,92.31173380035028,213.59894921190897,1.4985500780727192,0.974957313602732,0.4213503874062231,0.0592884949262937,0.9620449264136328,2024-05-06,4.06,amc,2581247308.0,2025-04-25,2024-03-31,0.1724137931034483,422.7404918032786,1321281.049180328
2023-12-31,VRTX,USD,875320,2024-02-15,2024-02-15 16:12:14,2023,Q4,2517700000.0,368000000.0,2149700000.0,0.8538348493,821800000,0.0,0.0,369100000.0,-9800000.0,1190900000.0,1558900000.0,179500000.0,10600000.0,59000000.0,1217200000.0,0.4834571236,958800000.0,0.3808237677,159100000.0,1147600000.0,0.4558128451,178800000.0,968800000.0,0.3847956468,3.76,3.71,257700000,260899999,https://www.sec.gov/Archives/edgar/data/875320/000087532024000062/0000875320-24-000062-index.htm,https://www.sec.gov/Archives/edgar/data/875320/000087532024000062/vrtx-20231231.htm,9.76988746604579,3.7594101668606905,0.910360884749709,0.459837019790454,43.544819557625146,68.22041133100504,60.739231664726425,68.22041133100504,3.178114086146682,104855553000.0,95291653000.0,27.058101001238647,41.64735790602534,446.9546163682864,884.8569873417722,5.964343985347319,5.964343985347319,37.8486924574016,78.28758872822873,406.1877791986359,804.148970464135,0.009239377145815,0.0011301261269396,0.0459830265522968,0.0355650192255237,-7.857295432139336,3.987201894345154,90.45283018867924,0.2421552436003303,0.0,0.0,0.0,0.3264090241093061,0.0848166756121811,0.4948849104859335,0.0461135163045636,1.967796610169492,0.0828533979425666,75.96407985862113,0.0420115581401724,0.0465717733135278,29.54462553356616,10596800000.0,15652500000.0,8994400000.0,13977600000.0,1551050000.0,370400000.0,713750000.0,55.88672200818207,89.24184782608695,180.68478260869568,1.610400409364206,1.0084954782132092,0.4981050351922035,0.0551068235079975,0.4505238649592549,2024-02-05,4.1,amc,2512806468.0,2025-04-25,2023-12-31,0.0243902439024391,369.4160317460317,1414084.650793651
2023-09-30,VRTX,USD,875320,2023-11-07,2023-11-07 16:16:57,2023,Q3,2483500000.0,318700000.0,2164800000.0,0.8716730421,810000000,0.0,0.0,263800000.0,-15900000.0,1073800000.0,1392500000.0,167900000.0,10900000.0,42100000.0,1232200000.0,0.4961546205,1038100000.0,0.417998792,141100000.0,1179200000.0,0.4748137709,143900000.0,1035300000.0,0.4168713509,4.01,3.97,258000000,260600000,https://www.sec.gov/Archives/edgar/data/875320/000087532023000031/0000875320-23-000031-index.htm,https://www.sec.gov/Archives/edgar/data/875320/000087532023000031/vrtx-20230930.htm,9.625968992248062,4.0127906976744185,4.916279069767442,4.7589147286821705,89.29612403100775,64.0031007751938,57.44651162790698,64.0031007751938,2.928682170542636,89716920000.0,79351420000.0,21.664474065488264,36.12519428226294,70.73235572374645,73.0712819677472,5.433174264812752,5.433174264812752,31.951447553855445,64.39816588216199,62.56024913276569,64.62894608242385,0.0115396293140691,0.013685266948531,0.0450983479482583,0.0342765877143725,-8.412189579613699,4.082847141190198,95.23853211009174,1.225152129817444,0.0,0.0,0.0,0.3261526072075699,0.0778599110751074,0.032008830022075,0.0163478961143547,0.9643705463182898,0.0527078719549023,76.01775165573407,0.05028017626487,0.0516756012099068,74.89680232558139,11096400000.0,14821200000.0,9482400000.0,14222500000.0,1547450000.0,369450000.0,646100000.0,55.76122407892088,106.1531220583621,194.48697834954504,1.6140248261519463,0.8478318701782389,0.4627559169449687,0.0626968170146795,0.1573643410852713,2023-11-06,3.97,amc,2498240000.0,2025-04-25,2023-09-30,0.0277078085642317,349.7338888888889,970906.4285714284
2023-06-30,VRTX,USD,875320,2023-08-02,2023-08-02 16:05:15,2023,Q2,2493200000.0,308600000.0,2184600000.0,0.8762233275,785700000,0.0,0.0,262600000.0,1600000.0,1048300000.0,1356900000.0,144700000.0,11200000.0,41400000.0,1214100000.0,0.4869645436,1026400000.0,0.411679769,135100000.0,1161500000.0,0.4658671587,245800000.0,915700000.0,0.3672789989,3.55,3.52,257700000,260399999,https://www.sec.gov/Archives/edgar/data/875320/000087532023000021/0000875320-23-000021-index.htm,https://www.sec.gov/Archives/edgar/data/875320/000087532023000021/vrtx-20230630.htm,9.674815677143966,3.5533566162204115,4.402017850213427,4.170741171905316,82.99340318199457,60.03181994567326,53.46759798214978,60.03181994567326,3.0221187427240976,90687207000.0,81303707000.0,24.758984110516543,36.37381958928285,79.94288346262341,84.37589039821363,5.862057827306693,5.862057827306693,32.61018249639018,66.96623589490157,71.67110983779972,75.64542891700782,0.0100973448217453,0.0118517267821469,0.0496179752039404,0.0377213846244569,-7.728770282513796,4.138569851734734,91.64285714285714,1.238833679152561,0.0,0.0,0.0,0.3151371731108615,0.0831285750791185,0.0525387870239774,0.0239050216589122,1.4396135265700485,0.0478501524145676,69.27896833255738,0.0476075479924175,0.0490791956092959,69.7605743112146,10520800000.0,13778600000.0,8993900000.0,13659100000.0,1552000000.0,343100000.0,569300000.0,56.1759987165089,105.8651976668827,176.0045366169799,1.6021076982393008,0.8501377410468319,0.5113504556752279,0.0591912192473271,0.2312766783081102,2023-08-01,3.88,amc,2419410000.0,2025-04-25,2023-06-30,0.0025773195876289,336.93548387096774,1239329.9677419355
2023-03-31,VRTX,USD,875320,2023-05-02,2023-05-02 16:07:33,2023,Q1,2374800000.0,266900000.0,2107900000.0,0.8876115883,742600000,0.0,0.0,241100000.0,345200000.0,1328900000.0,1595800000.0,122600000.0,11400000.0,38800000.0,1163000000.0,0.4897254506,779000000.0,0.3280276234,112500000.0,891500000.0,0.3754000337,191700000.0,699800000.0,0.2946774465,2.72,2.69,257400000,260300000,https://www.sec.gov/Archives/edgar/data/875320/000087532023000012/0000875320-23-000012-index.htm,https://www.sec.gov/Archives/edgar/data/875320/000087532023000012/vrtx-20230331.htm,9.226107226107226,2.7187257187257186,3.496114996114996,3.3325563325563325,40.45881895881896,56.06954156954157,49.497668997669,56.06954156954157,3.1103341103341102,81099018000.0,72598318000.0,28.9722127750786,34.14983072258717,90.12003333703744,94.5430380041968,5.619271910922029,5.619271910922029,30.57028718207849,62.42331728288908,80.67376152905878,84.63315224994172,0.0086289577513749,0.0105771934254493,0.0546828987756629,0.0415933214575581,-7.309286328460877,4.284482188883748,68.33333333333333,1.2859388396684768,0.0,0.0,0.0,0.3127000168435236,0.0891526388464335,0.0467829758862095,0.0177278086575711,1.0850515463917525,0.0515411824153612,58.56490720389773,0.0383427997413354,0.0404915927001724,28.362859362859364,9939500000.0,12740700000.0,8423800000.0,13079100000.0,1495000000.0,313550000.0,497850000.0,58.65841334007074,108.9846384413638,180.4383664293743,1.534306757979067,0.8258044554455446,0.4987852737806018,0.0484884599128344,0.1635586635586635,2023-05-01,3.0,amc,2336930000.0,2025-04-25,2023-03-31,0.0166666666666666,299.9283870967742,1280807.8064516129
2022-12-31,VRTX,USD,875320,2023-02-10,2023-02-10 16:12:03,2022,Q4,2302700000.0,283300000.0,2019400000.0,0.8769705129,694100000,0.0,0.0,267400000.0,24400000.0,985900000.0,1269200000.0,86000000.0,11600000.0,38400000.0,1096300000.0,0.4760932818,1033500000.0,0.4488209493,43300000.0,1076800000.0,0.467624962,257900000.0,818900000.0,0.3556260043,3.19,3.15,256900000,260300000,https://www.sec.gov/Archives/edgar/data/875320/000087532023000007/0000875320-23-000007-index.htm,https://www.sec.gov/Archives/edgar/data/875320/000087532023000007/vrtx-20221231.htm,8.96340988711561,3.187621642662515,4.197742312183729,4.066952121448034,41.95601401323472,54.15609186453873,47.57142857142857,54.15609186453873,3.5472946671856755,74187582000.0,64583282000.0,22.64854744169007,32.21764971555131,68.7941227744807,71.00649119448698,5.332364098988693,5.332364098988693,28.046763364745733,58.91022712761106,59.888058234421365,61.8140141653905,0.0110382354825906,0.0140832194800472,0.0646675339797451,0.0495677900269408,-8.760649457265346,4.826519820575472,89.09482758620689,1.316888508975455,0.0,0.0,0.0,0.3014287575454901,0.0931964806152862,0.0311572700296735,0.0145915664220263,0.875,0.048421418334998,62.32299283941696,0.050713670449157,0.0497530271639741,30.565395095367847,10492700000.0,12221100000.0,8996600000.0,13640100000.0,1413700000.0,215400000.0,424400000.0,56.367742215659874,96.54429932933286,146.3254500529474,1.5966578837886565,0.9322145442579796,0.6150673035171516,0.0588598906035492,0.1307901907356948,2023-02-07,3.51,amc,2304798374.0,2025-04-25,2022-12-31,0.0712250712250712,304.7704761904762,1439759.761904762
2022-09-30,VRTX,USD,875320,2022-10-28,2022-10-28 16:07:51,2022,Q3,2334300000.0,289400000.0,2044900000.0,0.8760227906,645000000,0.0,0.0,246800000.0,17200000.0,891800000.0,1181200000.0,46200000.0,13700000.0,36700000.0,1226800000.0,0.5255536992,1126700000.0,0.4826714647,49700000.0,1176400000.0,0.503962644,245900000.0,930500000.0,0.3986205715,3.63,3.59,256500000,259500000,https://www.sec.gov/Archives/edgar/data/875320/000087532022000038/0000875320-22-000038-index.htm,https://www.sec.gov/Archives/edgar/data/875320/000087532022000038/vrtx-20220930.htm,9.100584795321636,3.6276803118908383,3.7251461988304095,3.5138401559454198,38.09239766081871,50.79766081871345,44.252631578947366,50.79766081871345,1.9325536062378168,74267010000.0,65577510000.0,19.9535222998388,31.815537848605576,77.72580847723705,82.39987795406635,5.699868760361024,5.699868760361024,28.093008610718417,53.454116400391264,68.6316169544741,72.75880394985022,0.0125291162253603,0.0121359403051233,0.0369926935592804,0.0288512186946319,-7.08306162373655,4.827541504620918,82.24087591240875,1.0268672756582482,0.0,0.0,0.0,0.2763140984449299,0.100488435569602,0.0567242281527995,0.0232189521483956,1.4768392370572208,0.0580902197660969,64.39136328692301,0.0622551479780182,0.0619194016343261,28.564912280701755,9152800000.0,11350800000.0,7867300000.0,11950300000.0,1359050000.0,162450000.0,377950000.0,53.40701709291864,39.464409122322046,120.7256392536282,1.6851718163442102,2.28053585500394,0.7454920144255538,0.0714143181678639,0.2113060428849902,2022-10-27,3.64,amc,2230018501.0,2025-04-25,2022-09-30,0.1016483516483515,287.71796875,1382099.75
2022-06-30,VRTX,USD,875320,2022-08-05,2022-08-05 16:06:38,2022,Q2,2196200000.0,261800000.0,1934400000.0,0.8807940989,600100000,0.0,0.0,215300000.0,-78100000.0,815400000.0,1077200000.0,10800000.0,14600000.0,-54600000.0,1076300000.0,0.4900737638,1106300000.0,0.5037337219,-81900000.0,1024400000.0,0.4664420362,213900000.0,810500000.0,0.3690465349,3.17,3.13,255900000,258700000,https://www.sec.gov/Archives/edgar/data/875320/000087532022000030/0000875320-22-000030-index.htm,https://www.sec.gov/Archives/edgar/data/875320/000087532022000030/vrtx-20220630.htm,8.582258694802658,3.1672528331379444,4.454083626416569,4.245799140289176,36.16021883548261,46.63345056662759,41.204767487299726,46.63345056662759,2.1344275107463853,72110061000.0,63939461000.0,22.24246175200494,32.8340137510245,63.265538690998426,66.36913115508514,6.042658147232581,6.042658147232581,29.11367862671888,59.40672767815665,56.09708808562906,58.84902070869765,0.0112397630616343,0.015067245609458,0.0445468638706163,0.0341158501366944,-7.591377868623989,4.726645091693635,75.77397260273973,1.4062924120913016,0.0,0.0,0.0,0.2732446953829341,0.0891530079192925,0.0467625899280575,0.0242691922411437,1.4289544235924934,0.0518623076222566,57.64762258400916,0.0659870828490671,0.057105615444233,26.5268659632669,8636500000.0,10544300000.0,7305300000.0,11125800000.0,1312850000.0,185800000.0,353300000.0,54.62207449230489,68.0672268907563,126.40565317035905,1.6476854977867808,1.3222222222222222,0.7119934729398967,0.0679180458373486,0.2082844861273935,2022-08-04,3.48,amc,2131907847.0,2025-04-25,2022-06-30,0.0344827586206896,267.6574193548387,1779672.7903225806
2022-03-31,VRTX,USD,875320,2022-05-06,2022-05-06 16:03:58,2022,Q1,2097500000.0,245800000.0,1851700000.0,0.8828128725,603100000,0.0,0.0,215200000.0,-72800000.0,818300000.0,1064100000.0,1600000.0,14900000.0,-78700000.0,1005600000.0,0.4794278903,1040900000.0,0.4962574493,-86100000.0,954800000.0,0.4552085816,192700000.0,762100000.0,0.3633373063,2.99,2.96,255100000,257900000,https://www.sec.gov/Archives/edgar/data/875320/000087532022000014/0000875320-22-000014-index.htm,https://www.sec.gov/Archives/edgar/data/875320/000087532022000014/vrtx-20220331.htm,8.222265778126225,2.987455899647198,3.748333986671893,3.4990199921599374,32.293610348882794,42.75578204625637,37.25911407291258,42.75578204625637,2.1916895335162683,66573447000.00001,59517547000.00001,21.83881610024931,31.73942646007152,69.62293139510564,74.58374075733812,6.103735857706061,6.103735857706061,28.37546936829559,59.18610481304695,62.24382660531271,66.67885615057138,0.011447506991789,0.0134077479869714,0.0498945631245988,0.038173132904511,-7.016607000795545,5.210812523098041,69.85906040268456,1.2546909854349824,0.0005062078278746,0.044219918645847,0.0,0.2875327771156138,0.0983578959182385,0.0665132817402217,0.0303218116805721,1.7715877437325904,0.0621215733015494,53.60921375713005,0.0672078218606732,0.0592893985483005,23.63014504116033,7975700000.0,9504800000.0,6520700000.0,10485300000.0,1214800000.0,184300000.0,346000000.0,55.47175208581645,63.56387306753459,124.0886899918633,1.622447400990099,1.415898617511521,0.725287695485394,0.0698725589071238,0.2493139945119561,2022-05-05,3.49,amc,2074879249.0,2025-04-25,2022-03-31,0.0085959885386818,237.32758064516128,1699177.3548387096
2021-12-31,VRTX,USD,875320,2022-02-09,2022-02-09 16:37:44,2021,Q4,2072600000.0,247400000.0,1825200000.0,0.8806330213,694300000,0.0,0.0,255200000.0,7100000.0,949500000.0,1196900000.0,1200000.0,15100000.0,33832000.0,919832000.0,0.4438058477,877700000.0,0.4234777574,-6823000.0,870900000.0,0.4201968542,100800000.0,770100000.0,0.3715622889,3.02,3.0,254600000,257000000,https://www.sec.gov/Archives/edgar/data/875320/000087532022000007/0000875320-22-000007-index.htm,https://www.sec.gov/Archives/edgar/data/875320/000087532022000007/vrtx-20211231.htm,8.140612725844463,3.024744697564808,3.9080911233307134,3.6653574234092696,29.55577376276512,39.6700706991359,34.16260801256873,39.6700706991359,2.2458758837391986,55910160000.0,49671860000.0,18.150292169848072,26.97585641223584,56.19111557788945,59.91230175739391,5.535659405940594,5.535659405940594,23.965965454019106,54.00101322850259,49.92146733668342,53.22745392198885,0.0137738829579453,0.0166910629481296,0.0551188118811881,0.0414442583286804,-6.781999321615252,4.811485909479078,58.12582781456954,1.2920232174624404,0.0010255023416137,0.0744526684846123,0.0,0.3349898677988999,0.1043886097152428,0.0621105527638191,0.0298176203801987,1.826672972333885,0.0572266718131815,51.95975663898675,0.0666815262450273,0.0640133662502182,20.50883739198743,7141200000.0,8697800000.0,5682300000.0,9637500000.0,1118586000.0,161431500.0,343278000.0,49.364083759529095,70.93775262732417,128.45189975747778,1.8231878958479943,1.2687179487179487,0.7006513735485698,0.0762475247524752,0.2427336999214454,2022-01-26,3.3,amc,2002574436.0,2025-04-25,2021-12-31,0.0212121212121213,194.45484375,1859585.515625
2021-09-30,VRTX,USD,875320,2021-11-03,2021-11-03 16:18:27,2021,Q3,1984164000.0,236512000.0,1747652000.0,0.8808001758,493751000,0.0,0.0,198189000.0,42368000.0,691940000.0,928452000.0,1116000.0,15255000.0,31696000.0,1129692000.0,0.5693541461,1054512000.0,0.531464133,341000.0,1082741000.0,0.5456912836,230813000.0,851928000.0,0.4293637018,3.3,3.28,257876000,259707000,https://www.sec.gov/Archives/edgar/data/875320/000087532021000033/0000875320-21-000033-index.htm,https://www.sec.gov/Archives/edgar/data/875320/000087532021000033/vrtx-20210930.htm,7.694256154120585,3.3036343048597,3.5955265321317222,3.3923280956738897,26.993147869518683,36.9584916781709,31.52115745552126,36.9584916781709,2.2266050349780517,46776127640.0,41059362640.0,13.726549555831008,23.574728520424724,50.44880030198446,53.47065345221765,4.9079383861094055,4.9079383861094055,20.693532712013724,36.3456257457785,44.283177998274375,46.935714037494286,0.0182128800091499,0.0187018473767787,0.0586454857288671,0.0442938659906353,-5.060463382939775,4.901006214770077,69.12566371681416,1.0883548844503292,0.0,0.0,0.0,0.2488458615316072,0.1111170722603555,0.0565142364106988,0.0264091073116939,1.6532054517920245,0.0519090155854052,52.41364489984679,0.0760796880330722,0.075952515680572,18.86509407622268,6681858000.0,8128550000.0,5306676000.0,9126363000.0,1014757000.0,127698500.0,327538000.0,49.91194276279582,48.65575531051279,126.8901366526857,1.803175653324512,1.8497297889146973,0.7092749868048558,0.0893876929185114,0.2031984364578324,2021-11-02,3.08,amc,1846180000.0,2025-04-25,2021-09-30,0.1558441558441558,195.24453125,1821906.953125
2021-06-30,VRTX,USD,875320,2021-07-30,2021-07-30 16:10:41,2021,Q2,1793370000.0,227972000.0,1565398000.0,0.872880666,1407090000,0.0,0.0,194669000.0,8051000.0,1601759000.0,1829731000.0,1133000.0,15478000.0,31238000.0,2461000.0,0.0013722768,-37961000.0,-0.0211674111,-6294000.0,-44255000.0,-0.0246770047,-111179000.0,66924000.0,0.0373174526,0.26,0.26,258988000,261020000,https://www.sec.gov/Archives/edgar/data/875320/000087532021000027/0000875320-21-000027-index.htm,https://www.sec.gov/Archives/edgar/data/875320/000087532021000027/vrtx-20210630.htm,6.92452932182186,0.2584057948630824,-0.771078196673205,-0.9637512162725688,25.90078690904598,35.50896566636292,30.09497737346904,35.50896566636292,2.259679985173058,52219750440.0,46725824440.0,195.07108974358977,29.118224593920942,-261.4909886830245,-209.21374375,5.678284236563976,5.678284236563976,26.05475972052616,18986.519479886225,-233.98009233850777,-187.202822275641,0.0012815840641922,-0.0047798007056121,0.0619538349588251,0.0466181179912493,-2232.395774075579,4.943049767404307,-2.452577852435715,-2.983981830135676,0.0,0.0,0.0,0.7846066344368424,0.1147270515704625,-0.2498748122183275,0.0278247099037008,1.597413406748191,0.0583382124157312,14.368498745523288,0.0054097411181583,0.006185482398123,17.531196426089238,6348665000.0,7794238000.0,4933465000.0,8772056000.0,953346500.0,127686500.0,310241500.0,46.62884959601198,50.3485515765094,126.9708560700437,1.9301355444054835,1.7875390092053884,0.7088240781045955,0.0072771985895344,0.1926730195993636,2021-07-29,2.69,amc,1718070000.0,2025-04-25,2021-06-30,0.1561338289962825,209.1697619047619,2098253.1746031744
2021-03-31,VRTX,USD,875320,2021-04-30,2021-04-30 16:19:12,2021,Q1,1724305000.0,192329000.0,1531976000.0,0.8884599882,455973000,0.0,0.0,192077000.0,-52653000.0,648050000.0,840379000.0,1465000.0,15678000.0,28834000.0,865472000.0,0.5019251235,887826000.0,0.5148891872,-66840000.0,820960000.0,0.4761106649,167822000.0,653138000.0,0.3787833359,2.52,2.49,259369000,261916000,https://www.sec.gov/Archives/edgar/data/875320/000087532021000015/0000875320-21-000015-index.htm,https://www.sec.gov/Archives/edgar/data/875320/000087532021000015/vrtx-20210331.htm,6.648076678400272,2.518180661528556,3.550925515385416,3.277569794385605,26.69543391847137,34.62346695248854,29.217431535765648,34.62346695248854,2.269099236994398,55735804410.0,50004330410.0,21.33385456442589,32.32363439762687,60.51661716612378,65.56382120926949,6.206484182964089,6.206484182964089,28.999701566718183,57.776947619333725,54.29351836047774,58.82170381131632,0.0117184636862048,0.015252314181142,0.063790623294174,0.0472846232114924,-6.6223679102270205,4.940358195431466,56.62877918101799,1.41011547329967,6.516457488049377e-05,0.0055608462530123,0.0,0.2644387158884304,0.1157367867544021,0.0769815418023887,0.0411180156642821,2.4589026843309982,0.0667944476180258,44.29145809954407,0.0675583719357767,0.0609674260968154,18.012012808007125,6540506000.0,7578096000.0,5065577000.0,8928787000.0,931451500.0,141489000.0,289820000.0,51.02321805017094,59.82202371977185,139.8523883553702,1.763902855196302,1.5044626444199345,0.6435356668440054,0.0727304595170693,0.2733557209998111,2021-04-29,2.69,amc,1660850000.0,2025-04-25,2021-03-31,0.1078066914498141,219.64729508196723,2089881.0163934424
2020-12-31,VRTX,USD,875320,2021-02-11,2021-02-11 16:03:06,2020,Q4,1627820000.0,203101000.0,1424719000.0,0.8752312909,466584000,0.0,0.0,211843000.0,156799000.0,678427000.0,881528000.0,2320000.0,16288000.0,29355000.0,934266000.0,0.5739369218,745792000.0,0.4581538499,142831000.0,888623000.0,0.5458975808,284433000.0,604190000.0,0.3711651165,2.32,2.3,260038000,263106000,https://www.sec.gov/Archives/edgar/data/875320/000087532021000006/0000875320-21-000006-index.htm,https://www.sec.gov/Archives/edgar/data/875320/000087532021000006/vrtx-20201231.htm,6.259931240818649,2.323468108507218,1.8902121997554204,1.7068120813111929,25.607399687737946,33.40594451580154,28.01381721133065,33.40594451580154,2.298756335612488,61457380920.0,56050669920.0,25.429658269749584,37.75440830067206,125.0335809019647,138.46867068016115,7.074788736723414,7.074788736723414,34.43296551215737,59.99433771538298,114.03375586692084,126.28689407799276,0.0098310404861945,0.0072218502213387,0.0669377671793401,0.0494797055908333,-5.787121654860608,5.015688637339675,45.78781925343811,0.8135305119250567,0.0024512596818289,0.2493387841573015,0.0,0.2866312000098291,0.1193142365838516,0.0970262060883735,0.0292974653217186,1.624629535002555,0.0596054846358934,41.78991566314888,0.05113357743061,0.0583778195397912,16.914091402025857,6264916000.0,7284657000.0,4760033000.0,8625608000.0,838634500.0,131462500.0,263118500.0,48.94993303927953,68.74663344838282,124.42050999256526,1.8386133424897668,1.3091550158245189,0.7233534085769133,0.069552534502001,0.1834001184442273,2021-02-01,2.59,amc,1577780000.0,2025-04-25,2020-12-31,-0.0308880308880309,229.44,2100445.984375
2020-09-30,VRTX,USD,875320,2020-10-30,2020-10-30 16:13:31,2020,Q3,1538271000.0,186182000.0,1352089000.0,0.87896671,493497000,0.0,0.0,184551000.0,84386000.0,678048000.0,864230000.0,3100000.0,13856000.0,26642000.0,786369000.0,0.5112031625,672241000.0,0.4370107738,73630000.0,745871000.0,0.4848762019,78437000.0,667434000.0,0.4338858368,2.56,2.53,260392000,264079000,https://www.sec.gov/Archives/edgar/data/875320/000087532020000043/0000875320-20-000043-index.htm,https://www.sec.gov/Archives/edgar/data/875320/000087532020000043/vrtx-20200930.htm,5.907520200313374,2.5631893452947865,3.486082521736459,2.814806138437433,23.622300224277243,31.235494946081293,25.85069817813143,31.235494946081293,2.3104703677532337,70857871040.0,66087556040.0,26.541152773158093,46.0633211183205,78.05896684983057,96.67450851555284,8.711883722980332,8.711883722980332,42.96223229847016,84.04140554879453,72.8038575023024,90.16615804833324,0.0094193346512376,0.0103439884552309,0.0722658082223915,0.0520077054351349,-6.066255155022642,3.968255326431078,48.51623845265589,1.3600565748823104,0.0,0.0,0.0,0.3208127826631328,0.1240668494544107,0.1925589480781009,0.1136308231774505,6.560881315216576,0.0647083641308976,42.442973227827785,0.0633864771989778,0.0674211511216504,14.207678231282069,5376950000.0,6731315000.0,4020275000.0,7700021000.0,791842500.0,104618500.0,232339000.0,46.33288282753819,52.10353310201845,118.6548645948588,1.94246493003686,1.7273300799732805,0.7585024036502892,0.0820601482294218,0.6712763832990261,2020-10-29,2.34,amc,4055878568.0,2025-04-25,2020-09-30,0.1282051282051283,275.88234375,1287678.125
2020-06-30,VRTX,USD,875320,2020-07-31,2020-07-31 16:18:29,2020,Q2,1524485000.0,184520000.0,1339965000.0,0.8789624037,420928000,0.0,0.0,191804000.0,116365000.0,612732000.0,797252000.0,4243000.0,13871000.0,26697000.0,865338000.0,0.5676264443,718033000.0,0.4710003706,106737000.0,824770000.0,0.5410154905,-12500000.0,837270000.0,0.5492149808,3.22,3.18,259637000,263403000,https://www.sec.gov/Archives/edgar/data/875320/000087532020000030/0000875320-20-000030-index.htm,https://www.sec.gov/Archives/edgar/data/875320/000087532020000030/vrtx-20200630.htm,5.871601505178384,3.224771507912971,3.999919117845299,3.9311153649133215,20.99380673786864,28.9605949845361,23.560139733551072,28.9605949845361,2.2198107357580006,75375217470.0,71106359470.0,22.506245736142464,49.44306927913361,72.57896758582108,73.84927000390923,10.02431062466137,10.02431062466137,46.642872491365935,82.1717750405044,68.4684745509746,69.66683368555537,0.0111080276528985,0.0135410952599404,0.0748046146140794,0.0550561662477473,-4.933168311110803,3.9236868023836906,51.76504938360608,1.2403728785218626,0.0,0.0,0.0,0.2761116049026392,0.1372462441883695,0.0172012860522644,0.0117180556056635,0.669138854552946,0.0768712056858545,45.8399856573127,0.085059169870547,0.0949909401966756,13.315047547152371,4814897000.0,6117084000.0,3764630000.0,6945412000.0,818518500.0,101077000.0,203152500.0,46.74307717032309,49.4829286798179,106.92401907652288,1.925418809550272,1.818809080245636,0.8417192018903558,0.1113503196199829,0.0688037529319781,2020-07-30,2.07,amc,1209074310.0,2025-04-25,2020-06-30,0.2608695652173913,271.11809523809524,2074880.7142857143
2020-03-31,VRTX,USD,875320,2020-05-01,2020-05-01 16:37:49,2020,Q1,1515107000.0,162497000.0,1352610000.0,0.892748829,448528000,0.0,0.0,182258000.0,-61130000.0,630786000.0,793283000.0,12576000.0,14136000.0,26821000.0,698491000.0,0.4610176047,720224000.0,0.4753618061,-62690000.0,657534000.0,0.4339851905,54781000.0,602753000.0,0.3978286682,2.32,2.29,259815000,263515000,https://www.sec.gov/Archives/edgar/data/875320/000087532020000019/0000875320-20-000019-index.htm,https://www.sec.gov/Archives/edgar/data/875320/000087532020000019/a2020q110-q.htm,5.831483940496122,2.319931489713835,3.139533899120528,3.0646729365125185,16.128383657602527,24.87021149664184,19.473456113003483,24.87021149664184,2.259500028866693,61822979250.0,58802483250.0,25.64192100661465,40.804365137247736,75.79150525071779,77.64286921617746,9.5676709477171,9.5676709477171,38.810779205693066,84.18502636397605,72.08854655767207,73.8494581133635,0.009749659549123,0.0128794828178714,0.0886639860320592,0.0644217981804302,-4.324316276086592,3.843158147249322,50.94963214487832,1.3532873332857738,9.435003085846918e-05,0.009677264152978,0.0,0.2960371775722771,0.157666289112323,0.0238446091568202,0.012837377162141,0.7251780321389956,0.0763682036978246,36.03035807697871,0.0876294436626184,0.0804631611379083,9.569671689471354,3863778000.0,5059496000.0,2791205000.0,6002239000.0,739393500.0,94156500.0,177294500.0,50.21045378313215,55.77499892305704,103.6193283568312,1.792455419517337,1.613626207759451,0.8685638232480076,0.0932815344182774,0.074860958759117,2020-04-29,1.85,amc,1094901542.0,2025-04-25,2020-03-31,0.3837837837837837,229.3908064516129,1851170.6129032257
2019-12-31,VRTX,USD,875320,2020-02-13,2020-02-13 16:48:57,2019,Q4,1413265000.0,185012000.0,1228253000.0,0.8690889536,480011000,0.0,0.0,195277000.0,127375000.0,675288000.0,860300000.0,12359000.0,14249000.0,26256000.0,717455000.0,0.5076577995,551465000.0,0.3902063661,125485000.0,676950000.0,0.4789972157,93716000.0,583234000.0,0.412685519,2.26,2.23,258003000,262108000,https://www.sec.gov/Archives/edgar/data/875320/000087532020000007/0000875320-20-000007-index.htm,https://www.sec.gov/Archives/edgar/data/875320/000087532020000007/a201910k-main.htm,5.477707623554765,2.260570613519998,1.7286930772122804,1.6637287124568318,14.760657821808271,23.58594279911474,18.151285062576797,23.58594279911474,2.2930741115413387,56489756850.0,53957805850.0,24.21401909439436,39.97110014753072,126.65637578249718,131.60198436238807,9.28307177986618,9.28307177986618,38.17953876307699,75.20723369409929,120.97945743125683,125.70339682211733,0.0103245974584151,0.0075986696161536,0.0948805010941221,0.0694083583930448,-3.5290729035270503,3.826674813743543,38.70201417643344,0.7647153629589496,0.0001600998217077,0.0155066405593638,0.0,0.3396468461328908,0.1685597042242769,0.0375800434072931,0.0118597715219721,0.6383683729433273,0.0648080862400186,34.635935192173655,0.0664250574035182,0.0843273729752019,8.27107630531428,3404792000.0,4683086000.0,2376093000.0,5552030000.0,538416500.0,90069000.0,164904000.0,40.34389870264954,42.61831664973083,81.48217412924566,2.2308205923115048,2.1117680630065063,1.104536065241012,0.0958439793046918,0.0649643608795246,2020-01-30,1.21,amc,1005912147.0,2025-04-25,2019-12-31,0.4049586776859504,202.3840625,1308877.78125
2019-09-30,VRTX,USD,875320,2019-10-31,2019-10-31 16:19:23,2019,Q3,949828000.0,131914000.0,817914000.0,0.8611180129,555948000,0.0,0.0,159674000.0,-31747000.0,715622000.0,847536000.0,17628000.0,14548000.0,25847000.0,111061000.0,0.1169274858,99333000.0,0.1045799871,-28667000.0,70666000.0,0.0743987332,13148000.0,57518000.0,0.060556227,0.22,0.22,256946000,260473000,https://www.sec.gov/Archives/edgar/data/875320/000087532019000057/0000875320-19-000057-index.htm,https://www.sec.gov/Archives/edgar/data/875320/000087532019000057/a2019q310-q.htm,3.696605512442303,0.2238524826228079,1.3029547064363718,1.2084173328247958,15.553194056338686,20.445517735243985,18.703809360721703,20.445517735243985,2.3085473212270284,43531791320.0,40712474320.0,189.2094271358531,45.83123609748292,130.02754367676357,140.19990892050834,8.286412806654136,8.286412806654136,42.8629965846448,366.5775953755144,121.6063679511573,131.11992450837042,0.0013212872306859,0.0071326722513563,0.1101428904818485,0.077000454983816,-25.385301771098767,3.634140428378178,6.827948858949684,5.82059529190862,0.0,0.0,0.0,0.5853143937639236,0.0595544405635305,0.0725561473047202,0.0255741039430296,0.9397995898943784,0.0899320719119672,10.147785365769115,0.012939842122211,0.0081389234625927,8.36289045169024,3335641000.0,4805869000.0,2340793000.0,4516675000.0,454107500.0,84786500.0,152661500.0,42.00586843091592,63.12840183756084,110.7353275618964,2.1425577749455806,1.4256657444233096,0.8127487585178613,0.0109487314296243,0.0945373736115759,2019-10-30,1.14,amc,888050569.0,2025-04-25,2019-09-30,0.0789473684210527,176.90625,1164367.375
2019-06-30,VRTX,USD,875320,2019-08-01,2019-08-01 16:20:06,2019,Q2,941293000.0,135740000.0,805553000.0,0.8557941045,379091000,0.0,0.0,156502000.0,53939000.0,535593000.0,671333000.0,18076000.0,14837000.0,27698000.0,369673000.0,0.3927289377,269960000.0,0.2867969909,57178000.0,327138000.0,0.3475410951,59711000.0,267427000.0,0.2841060116,1.04,1.03,256154000,259822000,https://www.sec.gov/Archives/edgar/data/875320/000087532019000037/0000875320-19-000037-index.htm,https://www.sec.gov/Archives/edgar/data/875320/000087532019000037/a2019q210-q.htm,3.674715210381255,1.0440086822770678,1.8104304441859191,1.7465704224802268,15.425181726617582,19.79264426868212,19.595950092522468,19.79264426868212,2.355668855454141,46579043360.0,43872936360.0,43.543699177719525,49.48410681902447,100.4402022645871,104.1126070037171,9.1872514622882,9.1872514622882,46.60922407794385,118.6803914811198,94.60491852273536,98.06396722330132,0.0057413587894691,0.0096049847254741,0.1160909394838031,0.0836822956972453,-7.320272240601829,3.977900162025343,18.195052908269865,1.734114356441197,2.151182007444302e-05,0.0037468168883471,0.0,0.4027343239565151,0.0071634616820059,0.0352733914251028,0.0173782233587204,0.590584157700917,0.0952806405656899,21.56230693568816,0.0374846558091379,0.038296386683998,9.400202612490924,3413022000.0,5019581000.0,2595633000.0,4194537000.0,451598500.0,79653500.0,139857500.0,44.45055896516812,51.083321054958006,94.82488581110948,2.0247214454721445,1.7618275034070998,0.9491179370284653,0.0527473069340715,0.0638600217056926,2019-07-31,1.07,amc,799351992.0,2025-04-25,2019-06-30,0.1775700934579438,174.81825396825397,1213073.7301587302
2019-03-31,VRTX,USD,875320,2019-05-01,2019-05-01 16:37:21,2019,Q1,858435000.0,95092000.0,763343000.0,0.8892263246,339490000,0.0,0.0,147045000.0,42610000.0,486535000.0,581627000.0,15615000.0,14868000.0,27140000.0,362173000.0,0.4218991537,276808000.0,0.3224565634,43357000.0,320165000.0,0.3729635907,51534000.0,268631000.0,0.3129310897,1.05,1.03,255695000,260175000,https://www.sec.gov/Archives/edgar/data/875320/000087532019000019/0000875320-19-000019-index.htm,https://www.sec.gov/Archives/edgar/data/875320/000087532019000019/a2019q110-q.htm,3.3572615811807034,1.0505915250591524,1.2702008252019008,1.199644107237138,13.602280060228006,18.47244959815405,18.27540233481296,18.47244959815405,2.389464009855492,47572054750.0,45274275750.0,44.27267771590026,55.41718912905462,146.47290122050347,155.08766214713947,10.071755725271649,10.071755725271649,52.74048209823691,125.00731901605036,139.39810997462928,147.59676911942572,0.005646823569251,0.0064479661770337,0.1262050598806388,0.0911043273890688,-6.344423797466956,6.590217672319177,18.617702448210924,1.209033953639007,0.0,0.0,0.0,0.3954754873694572,0.0077003090577361,0.0555476870781811,0.0210161514849697,0.6647383935151069,0.109258126707322,20.896350815042258,0.0391782360604599,0.041374121517451,8.038114746084203,3438023000.0,4672929000.0,2233229000.0,4230966000.0,423992500.0,96624500.0,130529000.0,45.95191249191844,77.85702267278005,129.37807596853574,1.95856918938528,1.1559650871605358,0.6956356347569094,0.0568734276132028,0.0705567179647627,2019-04-30,0.97,amc,730422763.0,2025-04-25,2019-03-31,0.1752577319587628,184.7018032786885,1483380.262295082
2018-12-31,VRTX,USD,875320,2019-02-13,2019-02-13 16:38:26,2018,Q4,870106000.0,122289000.0,747817000.0,0.8594550549,437881000,0.0,0.0,153210000.0,-90452000.0,591091000.0,713380000.0,0.0,4773000.0,18826000.0,56096000.0,0.0644703059,127722000.0,0.1467890119,-95225000.0,32497000.0,0.0373483231,-1492599000.0,1550527000.0,1.7819978256,6.08,5.97,254868000,259812000,https://www.sec.gov/Archives/edgar/data/875320/000087532019000006/0000875320-19-000006-index.htm,https://www.sec.gov/Archives/edgar/data/875320/000087532019000006/a201810k-main.htm,3.4139476120972425,6.083647221306715,1.234278136133214,1.172595225763925,12.430913257058556,17.401961015113706,17.204274369477535,17.401961015113706,2.2440478993047384,42234176280.0,40151205280.0,6.809648635592931,48.539116245606856,134.25661133327824,141.31901303968118,9.522490014549504,9.522490014549504,46.14518837934688,715.7587934968625,127.63513430691276,134.34922146712307,0.0367126137306542,0.0070761886775929,0.1278775740366337,0.0908056775823108,-37.13225541928123,5.174539680942358,26.75927089880578,0.2062676710187424,0.0001860341716601,0.0050673093728777,0.0,0.5032501787138578,0.0080667343590945,0.0499748869914615,0.0180679135645542,0.8350685222564539,0.090728026240481,48.80590450893105,1.0808827832220544,0.2502660796182528,6.776029160192727,2986808000.0,4384819000.0,1891595000.0,3849197000.0,394721500.0,101568000.0,124255000.0,42.376354145357006,81.68216274562715,91.52417633638348,2.1238259358340983,1.1018317460603495,0.9833467352846574,0.349595497658168,0.0616829103692892,2019-02-05,1.05,amc,709471046.0,2025-04-25,2018-12-31,0.238095238095238,173.27142857142857,1484368.5555555555
2018-09-30,VRTX,USD,875320,2018-10-25,2018-10-25 16:10:19,2018,Q3,784535000.0,111255000.0,673280000.0,0.8581898832,330510000,0.0,0.0,137295000.0,-60995000.0,467805000.0,579060000.0,0.0,8143000.0,19192000.0,163846000.0,0.2088447297,205649000.0,0.262128522,-69138000.0,136511000.0,0.1740024346,8055000.0,128746000.0,0.1641048519,0.51,0.5,254905000,259788000,https://www.sec.gov/Archives/edgar/data/875320/000087532018000029/0000875320-18-000029-index.htm,https://www.sec.gov/Archives/edgar/data/875320/000087532018000029/a2018q310-q.htm,3.0777544575430063,0.5050744394970675,1.4960397010651028,1.414001294599949,11.988328985308252,11.512057433161374,11.200631607853907,11.512057433161374,2.251372079794433,48832150850.0,46919591850.0,94.82265633495408,62.24343190552366,128.05141458720118,135.48078119277764,16.640813435152587,16.640813435152587,59.8056069518887,286.36397501312206,123.03615555870228,130.1745437470175,0.0026365007020779,0.007381120710967,0.1927915021429684,0.1224329342716908,-11.672906265639686,5.968906200483242,25.25469728601253,2.968705237591082,6.997439065291551e-05,0.0265406303885169,0.0,0.4212813959861574,0.0171795604262428,0.0548370517217869,0.026655279879164,1.0896206752813673,0.1090225420153339,11.437877163137427,0.0478111718098074,0.0283490580994289,6.733556619132618,2963401000.0,2855097000.0,1873431000.0,3851137000.0,386597000.0,87591500.0,119587500.0,43.5645955884696,74.54415531886207,100.4314412835378,2.0658977498650444,1.2073381154434666,0.8961337092227144,0.0438735163049275,0.0820384064651536,2018-10-24,1.0,amc,734119266.0,2025-04-25,2018-09-30,0.09,178.0668253968254,1182213.4444444445
2018-06-30,VRTX,USD,875320,2018-07-26,2018-07-26 16:08:10,2018,Q2,752157000.0,104382000.0,647775000.0,0.8612231223,337532000,0.0,0.0,137303000.0,53819000.0,474835000.0,579217000.0,8049000.0,10106000.0,18059000.0,244756000.0,0.3254054672,172878000.0,0.2298429716,43713000.0,216591000.0,0.2879598275,10341000.0,207360000.0,0.2756871238,0.82,0.8,254135000,258584000,https://www.sec.gov/Archives/edgar/data/875320/000087532018000022/0000875320-18-000022-index.htm,https://www.sec.gov/Archives/edgar/data/875320/000087532018000022/a2018q210-q.htm,2.9596749758986367,0.8159442815826234,1.2658744368150785,1.149353686033014,10.890884765970842,10.682837861766384,10.37046845180711,10.682837861766384,2.2831605249178586,43192784600.0,41617550600.0,52.07463421103395,57.42522452094443,134.2629213902264,147.87441156308964,15.90963021242536,15.90963021242536,55.3309356956061,170.03689633757702,129.3663739536156,142.4814552399131,0.0048008018450377,0.006762495210832,0.2099998416138006,0.1315050147783842,-6.43593619768259,5.8279741850098015,17.106471403126854,1.5597721212121212,0.0,0.0,0.0,0.4487520557543172,0.0183107109724485,0.0920476339978178,0.0393694401567757,1.6397364195138158,0.109599458623665,14.004410392751598,0.043283937294192,0.0487217816157041,5.901759891396305,2714065000.0,2635499000.0,1655716000.0,3609377000.0,360366500.0,78548000.0,116185500.0,47.0772857262513,71.59337816864976,99.17658216933954,1.9117499790310568,1.2570995014090611,0.907472288632906,0.0763789820776807,0.1165207468471481,2018-07-25,0.75,amc,600159574.0,2025-04-25,2018-06-30,0.2533333333333332,155.01078125,1657748.96875
2018-03-31,VRTX,USD,875320,2018-04-27,2018-04-27 16:36:36,2018,Q1,640799000.0,71613000.0,569186000.0,0.8882442076,310553000,0.0,0.0,129808000.0,96838000.0,440361000.0,511974000.0,5789000.0,11097000.0,16343000.0,242082000.0,0.3777814884,128901000.0,0.201156681,85741000.0,214642000.0,0.3349599484,-12659000.0,210263000.0,0.3281262923,0.83,0.81,253231000,258526000,https://www.sec.gov/Archives/edgar/data/875320/000087532018000014/0000875320-18-000014-index.htm,https://www.sec.gov/Archives/edgar/data/875320/000087532018000014/a2018q110-q.htm,2.530491922394968,0.8303209322713254,0.9977332948967544,0.8821115898132535,9.781649955969057,9.59922363375732,9.285739107771166,9.59922363375732,2.2848308461444296,41271588380.0,39843188380.0,49.07138723883897,64.4064494170559,163.3502668835615,184.76120468443625,16.97845640629236,16.97845640629236,62.17735729924672,164.5855056551086,157.69675243511955,178.36666269731128,0.0050946185560886,0.0054123916420005,0.2334573380763125,0.1435610251926777,-5.900480002643732,6.02039798637112,11.615842119491754,1.1115525228661554,0.0002317817262549,0.0454954033757722,0.0,0.4846340272066592,0.0200820951516503,0.1158843808008485,0.0456913946494922,1.7915315425564462,0.1219352714345684,13.39159501795444,0.0389840036762057,0.0542811706969503,4.971774782708279,2436364000.0,2351437000.0,1399504000.0,3316418000.0,304318500.0,74028000.0,114588000.0,45.96833016281237,93.0777931381174,147.47517908759582,1.957869682915055,0.9669331100969458,0.6102721865253183,0.0864987590612389,0.1156217050835008,2018-04-26,0.63,amc,531189473.0,2025-04-25,2018-03-31,0.2063492063492063,163.33819672131148,1793346.3606557378
2017-12-31,VRTX,USD,875320,2018-02-15,2018-02-14 18:01:38,2017,Q4,651634000.0,84052000.0,567582000.0,0.871013483,306664000,0.0,0.0,134794000.0,-748000.0,441458000.0,525510000.0,0.0,12547000.0,16432000.0,141421000.0,0.2170252013,125737000.0,0.1929564756,-13295000.0,112442000.0,0.1725539183,10257000.0,100684000.0,0.1545100471,0.4,0.39,251557000,256804000,https://www.sec.gov/Archives/edgar/data/875320/000087532018000009/0000875320-18-000009-index.htm,https://www.sec.gov/Archives/edgar/data/875320/000087532018000009/a201710k-main.htm,2.590402970300965,0.4002432848221278,0.9044113262600524,0.7335395158950059,8.302953207424162,8.118660979420172,7.803090353279773,8.118660979420172,2.291560163302949,37698332020.0,36596831020.0,93.6055679651186,57.8520028420862,165.69894211708447,204.29710568101143,18.458708939796484,18.458708939796484,56.16163524309658,258.7793257012749,160.85741357560732,198.3277841183133,0.0026707812946892,0.0048948319491192,0.2761148427316964,0.1590267269108356,-7.788807885674688,3.076243093922652,10.021279987247947,2.2264618094632285,0.0,0.0,0.0,0.4706077337892129,0.0223868264479497,0.1872612752789975,0.0653802594708072,2.5927458617332038,0.1157121942685618,8.550578320915385,0.0410469748290077,0.0290437687321692,3.38643031201676,1676068000.0,1962922000.0,979620000.0,2544889000.0,272418000.0,75566000.0,105011000.0,38.85750283134397,79.23023842383286,119.74373007186028,2.316155013631048,1.1359299402654268,0.7516051149065546,0.0492991745605212,0.1693612183322269,2018-01-31,0.58,amc,566144262.0,2025-04-25,2017-12-31,0.0517241379310345,148.06746031746033,1506735.7142857143
2017-09-30,VRTX,USD,875320,2017-10-30,2017-10-30 17:15:07,2017,Q3,578165000.0,72874000.0,505291000.0,0.8739563965,454947000,0.0,0.0,120710000.0,-77553000.0,575657000.0,648531000.0,0.0,13574000.0,15225000.0,-388371000.0,-0.6717303884,-326043000.0,-0.5639272526,-91127000.0,-417170000.0,-0.7215414285,-125903000.0,-102952000.0,-0.1780668148,-0.41,-0.41,250268000,250268000,https://www.sec.gov/Archives/edgar/data/875320/000087532017000060/0000875320-17-000060-index.htm,https://www.sec.gov/Archives/edgar/data/875320/000087532017000060/a2017q310-q.htm,2.310183483305896,-0.4113670145603912,0.6796154522352038,0.5678952163280963,7.241229402080969,7.20525196988828,6.888056003963751,7.20525196988828,2.2420525196988828,38050746720.0,37213320720.0,-92.39924119978242,65.81295429505418,223.7147485389744,267.72544587197274,21.101274547426748,21.101274547426748,64.36453386144093,-95.81899966784336,218.79120397916347,261.8333079098828,-0.0027056499247592,0.0037351697995796,0.3036416591431886,0.1711958603331431,2.156252655321844,3.061230634593008,-24.01966995727125,-0.5839521813319051,0.0,0.0,0.0,0.7868809076993591,0.0248204919762688,1.1050350998906435,0.3250819402765647,12.344893267651887,0.127593334082831,,-0.090071635395826,-0.0330086397915189,2.652687319193824,1464997000.0,1723860000.0,780655000.0,2304359000.0,255721000.0,76539500.0,95227500.0,41.01661290462065,95.2660756922908,121.26794192716194,2.1942328638711466,0.9447224454873084,0.7421582206289719,-0.0570926618915687,0.7509989291479534,2017-10-25,0.37,amc,415439527.0,2025-04-25,2017-09-30,0.4324324324324325,150.5147619047619,1833092.174603175
2017-06-30,VRTX,USD,875320,2017-07-28,2017-07-28 16:23:20,2017,Q2,544135000.0,71205000.0,472930000.0,0.8691409301,289451000,0.0,0.0,127249000.0,-2537000.0,416700000.0,487905000.0,0.0,14664000.0,14890000.0,65060000.0,0.1195659165,52707000.0,0.0968638297,-17201000.0,35506000.0,0.0652521893,4337000.0,17996000.0,0.033072675,0.07,0.07,247521000,251635000,https://www.sec.gov/Archives/edgar/data/875320/000087532017000047/0000875320-17-000047-index.htm,https://www.sec.gov/Archives/edgar/data/875320/000087532017000047/a2017q210-q.htm,2.1983387268150985,0.0727049422069238,0.7338892457609657,0.6636810573648296,6.741448200354718,7.54372760291046,6.191422141959672,7.54372760291046,2.182465326174345,31898031270.0,31200443270.0,443.12668467992887,58.62153926874765,175.59870340704532,194.1745942119896,17.0830664604433,17.0830664604433,57.3395265329376,479.5641449431294,171.75848056459293,189.9281294166984,0.0005641727493359,0.0051500043250161,0.281455267184403,0.1599534209034956,-10.722225637872732,3.315430296479407,3.5943126022913257,5.828002181654849,0.0,0.0,0.0,0.5319470352026611,0.1018762512958083,0.0974770579071086,0.0325415567827836,1.1891873740765615,0.1333896918963125,3.512903540715796,0.0171585895066681,0.0060985404304493,1.9488457545016384,1448084000.0,1532507000.0,655127000.0,2522911000.0,227952000.0,69543000.0,87141500.0,41.010796952962046,95.98609648198862,116.61638929850432,2.194544039298404,0.937635796210216,0.7717611610287981,0.009637800572077,0.0715373645064459,2017-07-26,0.35,amc,488294871.0,2025-04-25,2017-06-30,0.1142857142857144,120.3763492063492,1868013.238095238
2017-03-31,VRTX,USD,875320,2017-04-28,2017-04-28 16:22:12,2017,Q1,714718000.0,46988000.0,667730000.0,0.9342565879,273563000,0.0,0.0,113326000.0,-544000.0,386889000.0,433877000.0,0.0,16765000.0,14850000.0,285148000.0,0.3989657459,270842000.0,0.3789494598,-17309000.0,253533000.0,0.3547315165,3985000.0,247756000.0,0.3466486083,1.01,0.99,246024000,248700000,https://www.sec.gov/Archives/edgar/data/875320/000087532017000030/0000875320-17-000030-index.htm,https://www.sec.gov/Archives/edgar/data/875320/000087532017000030/a2017q110-q.htm,2.905074301694144,1.007039963580789,1.0799434201541314,1.034829935290866,5.72619744415179,0.0,-1.3605339316489449,6.839954638571847,2.097543329106104,26902724400.0,26398326400.0,27.146390400232484,37.6410338063404,101.25530463845354,105.66953686864916,15.986948127309777,15.986948127309777,36.93530371419217,92.57763126516755,99.3568733721753,103.68834335586602,0.0092093275133131,0.0094634653433092,0.2966978113172565,0.1694371641797629,-1.7688989577342291,3.821619613063398,16.155204294661498,1.064692964880504,0.0,0.0,0.0,0.3827565557324707,0.1135927170128784,0.041999759119582,0.0156131509210625,0.7514478114478115,0.0965163882818118,12.449193651708407,0.1068285318429071,0.0948537488241674,-5.450463166195168,1382018000.0,-334724000.0,-1074889000.0,2425137000.0,221719000.0,62298000.0,79812000.0,26.18648194112923,120.94683749042308,157.09968502596408,3.4368877882234137,0.7441285929210547,0.5728846622774932,0.1472290412427434,0.0453573635092511,2017-04-27,0.29,amc,679836585.0,2025-04-25,2017-03-31,0.4137931034482758,88.03983870967743,1879198.064516129
2016-12-31,VRTX,USD,875320,2017-02-23,2017-02-23 15:18:18,2016,Q4,458706000.0,60482000.0,398224000.0,0.8681464816,248452000,0.0,0.0,109908000.0,1105000.0,358360000.0,418842000.0,0.0,20439000.0,15451000.0,56196000.0,0.1225098429,39640000.0,0.0864170078,-19334000.0,20306000.0,0.0442680061,-7453000.0,32945000.0,0.0718216025,0.13,0.13,245454000,247757000,https://www.sec.gov/Archives/edgar/data/875320/000087532017000017/0000875320-17-000017-index.htm,https://www.sec.gov/Archives/edgar/data/875320/000087532017000017/a201610k-main.htm,1.868806375125278,0.1342206686385229,0.5896176065576442,0.5293700611927286,5.844504469269191,5.451901374595647,4.088207973795497,5.451901374595647,3.498366292665835,18082596180.0,17736900180.0,137.21806176961604,39.42088435730076,124.94538694342336,139.16540696316193,13.512716929048246,13.512716929048246,38.66725131129744,315.6256705103566,122.5567299134905,136.5048971532516,0.0018219175870574,0.0071856937857028,0.626404601435819,0.2896721767512099,-6.151612214392483,221.3987930600956,1.9394295219922697,5.213588385748766,0.0,0.0,0.0,0.5416366910395766,0.115669961659211,0.1021807025787015,0.0322385144297218,0.9570901559769596,0.1288014545264287,4.057653456939611,0.0185282448006835,0.012873862717614,0.3845007618535448,1753052000.0,1003467000.0,205412000.0,2786138000.0,208856000.0,56182500.0,74701500.0,46.20273116113589,91.44191660328693,115.47832412949307,1.947936793738826,0.9842313387902556,0.7793670429359312,0.024619056621962,0.0602475412908325,2017-01-25,0.26,amc,380065714.0,2025-04-25,2016-12-31,0.346153846153846,81.3684126984127,1997216.4126984128
2016-09-30,VRTX,USD,875320,2016-10-31,2016-10-31 16:48:15,2016,Q3,413783000.0,54077000.0,359706000.0,0.8693107257,275370000,0.0,0.0,106055000.0,-167000.0,381425000.0,435502000.0,0.0,20140000.0,14569000.0,-4325000.0,-0.0104523385,-21727000.0,-0.0525081987,-20307000.0,-42034000.0,-0.101584647,503000.0,-41841000.0,-0.101118219,-0.17,-0.17,242756250,244920000,https://www.sec.gov/Archives/edgar/data/875320/000087532016000107/0000875320-16-000107-index.htm,https://www.sec.gov/Archives/edgar/data/875320/000087532016000107/a2016q310-q.htm,1.7045204809350945,-0.1723580752297829,0.27046059576221,0.2132715429571844,4.648452923457172,4.937631883834093,3.5587837594294687,4.937631883834093,3.443297546407147,21170772562.5,21266822562.5,-126.49537871047536,51.16394961247804,322.4499293666991,408.915314208178,17.662313038265836,17.662313038265836,51.39607611356677,-4917.184407514451,323.91285735500185,410.7705283159176,-0.0019763567851138,0.0024454941286226,0.6805557293635042,0.3131641967753849,-22.208092485549138,199.10031781124772,-1.078798411122145,-1.6606216961327365,0.0,0.0,0.0,0.6654937491390415,0.1285008894986943,0.2114505909589374,0.0335514025467455,0.95291372091427,0.1479253618442517,,-0.0075018002062672,-0.0184312329689169,-0.4332936845086377,1433652000.0,863917000.0,34692000.0,2455989000.0,185792500.0,51108000.0,69194000.0,39.63577527351293,84.73583963607449,119.49460953825104,2.2706759077863565,1.062124366578937,0.7531720497499965,-0.0349070322139823,0.0571890528050256,2016-10-25,0.19,amc,465525000.0,2025-04-25,2016-09-30,-0.1578947368421052,94.5034375,1365643.96875
2016-06-30,VRTX,USD,875320,2016-08-01,2016-08-01 16:51:11,2016,Q2,431608000.0,45252000.0,386356000.0,0.8951548627,271008000,0.0,0.0,111652000.0,-1219000.0,382660000.0,427912000.0,0.0,20155000.0,14963000.0,17097000.0,0.0396123334,3353000.0,0.0077686234,-21374000.0,-18021000.0,-0.0417531649,18130000.0,-64525000.0,-0.1494990825,-0.26,-0.26,244482000,244482000,https://www.sec.gov/Archives/edgar/data/875320/000087532016000091/0000875320-16-000091-index.htm,https://www.sec.gov/Archives/edgar/data/875320/000087532016000091/a2016q210-q.htm,1.765397861601263,-0.2639253605582415,0.1671288683829484,0.1020197805973446,4.382473965363503,4.780904115640415,3.4117890069616577,4.780904115640415,3.440944527613485,21030341640.0,21245569640.0,-81.48137016660209,48.72556032325629,514.6926490455213,843.1698195814289,17.992412715116203,17.992412715116203,49.22422577894756,1242.6489816926946,519.9600988742046,851.79895918531,-0.0030681860097447,0.0011860007044564,0.7024832206152227,0.3221262449087518,12.588641282096274,2.244332950686757,0.1663607045398164,-1.1302591906171338,0.0,0.0,0.0,0.6279030972549166,0.1313167374269414,0.3895741556534508,0.0368806880317325,1.0638240994452983,0.1435144853663509,,0.003106613270984,-0.0291406873092476,-0.5456004941059055,775039000.0,834121000.0,17757000.0,1800370000.0,185617000.0,63261500.0,64894500.0,39.48499564419566,102.03261734287987,132.43635640413683,2.27934683875874,0.8820708744298468,0.679571701031702,-0.0552040689740726,0.0651090877856038,2016-07-27,0.22,amc,377650000.0,2025-04-25,2016-06-30,0.0909090909090908,86.4065625,1904074.515625
2016-03-31,VRTX,USD,875320,2016-05-03,2016-05-03 17:03:32,2016,Q1,398080000.0,50649000.0,347431000.0,0.8727667805,255860000,0.0,0.0,105214000.0,4411000.0,361074000.0,411723000.0,0.0,20698000.0,16415000.0,2772000.0,0.0069634244,-14330000.0,-0.0359977894,-16287000.0,-30617000.0,-0.076911676,5485000.0,-41631000.0,-0.1045794815,-0.17,-0.17,243831000,243831000,https://www.sec.gov/Archives/edgar/data/875320/000087532016000078/0000875320-16-000078-index.htm,https://www.sec.gov/Archives/edgar/data/875320/000087532016000078/a2016q110-q.htm,1.6326061903531544,-0.1707371088991965,-0.0620798831977886,-0.1111876668676255,4.2062658152572885,4.577752623743495,3.204982139268592,4.577752623743495,3.468131615750253,19382126190.0,19602821190.0,-116.3923890250054,48.68902278436495,-1280.4469967628986,-714.9174206041828,17.364415802572662,17.364415802572662,49.24342139770901,7071.724816017316,-1295.0268342472089,-723.0578433108333,-0.0021479067668788,-0.0013987629496493,0.7390624244085727,0.3315800516579003,79.61580086580086,2.439980001485397,-0.6923374239056914,0.4192842501800454,0.0,0.0,0.0,0.6427351286173634,0.1345404528949245,-0.7910418180617032,0.0300793810289389,0.7294547669814194,0.1393488745980707,,-0.0080485560030044,-0.0193346405459454,-0.7303480689493953,794928000.0,781474000.0,-24739000.0,1820173000.0,179758500.0,75081500.0,59641500.0,41.119925643086816,133.66285612746552,112.30231593911036,2.188719911149232,0.673335903537576,0.8014082278481013,-0.0372971462052431,0.0491077836698368,2016-04-27,0.27,amc,1282766666.0,2025-04-25,2016-03-31,-0.6666666666666667,90.4527868852459,2672228.393442623
2015-12-31,VRTX,USD,875320,2016-02-16,2016-02-16 16:23:48,2015,Q4,417935000.0,64415000.0,353520000.0,0.8458731621,310429000,0.0,0.0,97054000.0,-1688000.0,407483000.0,471898000.0,0.0,20654000.0,15747000.0,-39647000.0,-0.0948640339,-55487000.0,-0.1327646644,-22344000.0,-77829000.0,-0.186222738,-1379000.0,-75512000.0,-0.1806788137,-0.31,-0.31,239484334,242987000,https://www.sec.gov/Archives/edgar/data/875320/000087532016000067/0000875320-16-000067-index.htm,https://www.sec.gov/Archives/edgar/data/875320/000087532016000067/a201510k-main.htm,1.745145467427527,-0.315310812773248,0.1216906321730422,0.0693824089554016,4.35294443936362,4.562636652466796,3.164950238456934,4.562636652466796,3.5128310313609075,30134313747.22,30240159747.22,-99.76663890249232,72.1028718514123,1034.0155010541123,1813.5720839684643,27.57835207674708,27.57835207674708,72.35613132956082,-762.7351312134588,1037.6474538386576,1819.942209149013,-0.002505847673633,0.0005513979889962,0.7510103598491782,0.3286340454417121,-2.6697101924483566,2.6762055420273367,-2.686501404086376,-0.3902958389693179,0.0,0.0,0.0,0.7427686123440248,0.1340480447889405,0.4298459321277837,0.0299735604818931,0.7955166063377151,0.1068252240180889,,-0.0262348458563999,-0.0349217345620747,-0.8377677430875291,848745000.0,757956000.0,-49271000.0,1881184000.0,171455500.0,76920500.0,52640000.0,38.25358010216899,104.70822013506172,78.35861212450516,2.352720967805493,0.8595313709268501,1.1485655189629655,-0.0691071493941501,0.0523082232176406,2016-01-27,0.14,amc,417900000.0,2025-04-25,2015-12-31,0.2142857142857142,120.7196875,1766482.328125
2015-09-30,VRTX,USD,875320,2015-10-30,2015-10-30 16:23:50,2015,Q3,309816000.0,31960000.0,277856000.0,0.8968419965,246284000,0.0,0.0,99772000.0,-1326000.0,346056000.0,378016000.0,0.0,21134000.0,16168000.0,-55184000.0,-0.1781186252,-70026000.0,-0.226024479,-22460000.0,-92486000.0,-0.298519121,1330000.0,-95149000.0,-0.3071145454,-0.39,-0.39,241969000,241969000,https://www.sec.gov/Archives/edgar/data/875320/000087532015000056/0000875320-15-000056-index.htm,https://www.sec.gov/Archives/edgar/data/875320/000087532015000056/a2015q310-q.htm,1.2803954225541287,-0.393228058139679,-0.2565328616475664,-0.2928887584773256,4.156854803714525,4.449875810537714,3.066541581772872,4.449875810537714,3.480264000760428,25198651660.0,25263383660.0,-66.20839856435695,81.33424890902988,-405.9518898716027,-355.5616150698462,23.402900313169848,23.402900313169848,81.54318582642601,-457.8026902725428,-406.9947265316643,-356.47500578524057,-0.0037759560028776,-0.002812452069112,0.7624757135480323,0.3372984227974361,-1.1730211655552334,3.456548582645036,-3.3134285984669254,0.6616462010744436,0.0,0.0,0.0,0.794936349317014,0.1375205269694695,-0.1417202326293235,0.0283942727296201,0.5440994557149926,0.2121710951016087,,-0.0342627137528177,-0.0453248249747888,-0.8384483136269522,921105000.0,742008000.0,-61197000.0,1962499000.0,129895500.0,75801000.0,45655000.0,48.01069021612828,222.18116395494368,138.53973717146434,1.8745825064136696,0.405074842520184,0.6496331077098197,-0.088368321922261,0.0363558968297591,2015-10-28,-0.28,amc,667261538.0,2025-04-25,2015-09-30,-0.5357142857142857,128.47390625,1916033.578125
2015-06-30,VRTX,USD,875320,2015-08-04,2015-08-04 16:16:59,2015,Q2,166076000.0,16860000.0,149216000.0,0.8984802139,223858000,0.0,0.0,94394000.0,1414000.0,318252000.0,335112000.0,0.0,21111000.0,14065000.0,-154971000.0,-0.9331330234,-171164000.0,-1.030636576,-19697000.0,-190861000.0,-1.1492389027,30131000.0,-188848000.0,-1.137117946,-0.78,-0.78,240757000,240757000,https://www.sec.gov/Archives/edgar/data/875320/000087532015000047/0000875320-15-000047-index.htm,https://www.sec.gov/Archives/edgar/data/875320/000087532015000047/a2015q210-q.htm,0.6898075653044355,-0.7843925617946726,-0.4579970675826663,-0.5137379183159784,4.221891783001118,4.353833948753307,2.963535847348156,4.353833948753307,3.5121637169428097,29728674360.0,29682598360.0,-39.355294151910535,179.00644500108385,-269.6087131119293,-240.35601733421728,28.36121024674304,28.36121024674304,178.72900575640068,-191.53647043640424,-269.19085085157707,-239.9834933622237,-0.0063523855020624,-0.0041604949653059,0.7865430407473268,0.3472795486912154,0.2973201437688341,3.3208229563189,-8.1078110937426,0.4989592383434694,0.0,0.0,0.0,1.347925046364315,0.1409914522426227,-0.1217056935047974,0.0808063778029336,0.954141485958052,0.3809159661841566,,-0.0963447830676424,-0.0926020999838674,-0.9032395735118812,867577000.0,713492000.0,-84457000.0,1915679000.0,87425500.0,58113500.0,38101000.0,51.221790023844505,388.094306049822,224.80249110320284,1.757064717146817,0.2319023974251406,0.4003514354237409,-0.1801613407923557,0.055740850733312,2015-07-29,-0.63,amc,178403703.0,2025-04-25,2015-06-30,-0.1428571428571428,125.98111114285716,1442515.4126984128
2015-03-31,VRTX,USD,875320,2015-05-04,2015-05-04 16:29:38,2015,Q1,138509000.0,12307000.0,126202000.0,0.9111465681,215599000,0.0,0.0,85860000.0,-5113000.0,301459000.0,313766000.0,0.0,21307000.0,16363000.0,-158894000.0,-1.1471745518,-171985000.0,-1.2416882657,-26420000.0,-198405000.0,-1.4324339935,299000.0,-198606000.0,-1.4338851627,-0.83,-0.83,239284337,239493000,https://www.sec.gov/Archives/edgar/data/875320/000087532015000029/0000875320-15-000029-index.htm,https://www.sec.gov/Archives/edgar/data/875320/000087532015000029/a2015q110-q.htm,0.5788469138287141,-0.8300000012119473,-0.9287528084213886,-0.9728760432823482,4.936110799429383,4.168835338353133,3.880830695575365,4.168835338353133,3.574049228303648,28228373235.89,28397401235.89,-35.5331324782358,203.80172577875803,-127.01980433363632,-121.25902453305936,28.29807138571301,28.29807138571301,205.0220652512833,-178.71915387547674,-127.78038317774798,-121.9851085417799,-0.007035687049351,-0.0082468088775311,0.8359659842191317,0.3850293675348955,-1.0637783679685828,4.490847710935795,-8.07176045431079,1.1184274096143008,0.0,0.0,0.0,1.5565703311698156,0.0318192542617669,-0.0475080545006209,0.0762260936112454,0.6452362036301412,0.4142979878563848,,-0.0901052865847459,-0.0947135597488115,0.3766961980465942,1055765000.0,928622000.0,189913000.0,1833296000.0,85194500.0,57359000.0,32468500.0,52.19790771718805,318.287153652393,249.28983505322176,1.72420704078076,0.2827635327635328,0.3610255507641761,-0.1990963743700735,0.0441232390400881,2015-04-29,-0.75,amc,167540322.0,2025-04-25,2015-03-31,-0.1733333333333333,119.8144262295082,1723765.6721311477
2014-12-31,VRTX,USD,875320,2015-02-13,2015-02-13 16:23:20,2014,Q4,144556000.0,14027000.0,130529000.0,0.9029649409,201463000,0.0,0.0,78527000.0,-3792000.0,279990000.0,294017000.0,0.0,21177000.0,16336000.0,-141081000.0,-0.9759608733,-153625000.0,-1.0627369324,-29133000.0,-178594000.0,-1.2354658402,2043000.0,-176656000.0,-1.2220592711,-0.74,-0.74,237840541,238272000,https://www.sec.gov/Archives/edgar/data/875320/000087532015000012/0000875320-15-000012-index.htm,https://www.sec.gov/Archives/edgar/data/875320/000087532015000012/a201410k-main.htm,0.607785364901268,-0.7427497400453693,-0.7643061995894131,-0.8260114031610785,5.832083942325038,4.608898867245681,4.319145910452668,4.608898867245681,3.5590021635546147,28255456270.8,28455495270.8,-39.98655051455937,195.4637391101027,-155.43508617857557,-143.82368033342163,25.77622191805565,25.77622191805565,196.84755576247267,-201.696155193116,-156.5355136112838,-144.84190297029866,-0.006252102188934,-0.0069529579390663,0.7528834145393607,0.3532486499003342,-1.4179017727404823,4.204003215172136,-7.254332530575624,1.0051812038972383,0.0,0.0,0.0,1.393667506018429,0.0294973824096042,-0.0807336219558484,0.1015246686405268,0.8983839373163565,0.2931874152577547,,-0.077688582816643,-0.0779114701723652,0.9668105741485006,1179887000.0,1027268000.0,308015000.0,1964614000.0,102182500.0,54833000.0,23800500.0,56.06913583663079,456.7947529764026,197.92685535039567,1.6051611756998343,0.197025030199174,0.4547134336099585,-0.1611555734763265,0.0617052077761629,2015-01-28,-0.61,amc,127013513.0,2025-04-25,2014-12-31,0.1967213114754098,112.627578125,1609847.125
2014-09-30,VRTX,USD,875320,2014-11-06,2014-11-06 16:02:54,2014,Q3,178987000.0,14184000.0,164803000.0,0.9207540212,190939000,0.0,0.0,75224000.0,-3990000.0,266163000.0,280347000.0,0.0,20384000.0,16961000.0,-129232000.0,-0.7220189176,-142203000.0,-0.7944878678,-24374000.0,-166577000.0,-0.9306653556,3419000.0,-170060000.0,-0.9501248694,-0.72,-0.72,236105555,236137000,https://www.sec.gov/Archives/edgar/data/875320/000087532014000063/0000875320-14-000063-index.htm,https://www.sec.gov/Archives/edgar/data/875320/000087532014000063/a2014q310-q.htm,0.7580804272055353,-0.7202710668963295,-0.3712195589807279,-0.4106002503837743,6.258798104093739,4.89571285182172,4.764449527669944,4.89571285182172,3.3387439783024164,26517014882.05,26566363882.05,-38.98185182001941,148.15050747847607,-302.5433258645476,-273.5263797209758,22.940479435637013,22.940479435637013,148.4262202397381,-205.57109602923424,-303.1063685243077,-274.0354209299087,-0.0064132407345412,-0.003655954504352,0.6643383323023951,0.31915401195136,-0.3818636251083323,4.4336204719247245,-6.976206828885401,0.5153886863459956,0.0,0.0,0.0,1.06677579935973,0.0128806701007362,-0.1060846349561308,0.0519479068312223,0.5481988090324863,0.2577617368859191,,-0.0707209841828815,-0.071601376619199,1.3623715884194254,1277918000.0,1124913000.0,399915000.0,2029788000.0,98075000.0,46917500.0,14367500.0,57.47747043081341,244.11167512690355,106.3007614213198,1.5658309129719703,0.3686837180286962,0.8466543305676595,-0.1471228171865335,0.0393806914030464,2014-10-28,-0.54,amc,154138888.0,2025-04-25,2014-09-30,-0.3148148148148149,95.20671875,1647425.953125
2014-06-30,VRTX,USD,875320,2014-07-31,2014-07-31 17:08:30,2014,Q2,138421000.0,17300000.0,121121000.0,0.8750189639,224780000,0.0,0.0,77446000.0,37731000.0,302226000.0,319526000.0,0.0,15585000.0,14172000.0,-180835000.0,-1.3064130443,-180835000.0,-1.3064130443,22146000.0,-158689000.0,-1.1464228694,693000.0,-159382000.0,-1.1514293351,-0.68,-0.68,233808000,233808000,https://www.sec.gov/Archives/edgar/data/875320/000087532014000058/0000875320-14-000058-index.htm,https://www.sec.gov/Archives/edgar/data/875320/000087532014000058/a2014q210-q.htm,0.5920285020187505,-0.6816789844658866,-0.5471155820160132,-0.5971609183603641,5.214368199548347,5.013810476972559,4.88125727092315,5.013810476972559,2.0908309382057078,22136941440.0,22189651440.0,-34.72308893099597,159.9247328078832,-173.05301313320825,-158.55022840403663,18.883841029661284,18.883841029661284,160.30552762947818,-122.7066189620372,-173.4650675422139,-158.9277504100386,-0.0071998202837546,-0.0063071495390828,0.4037196240794561,0.2234694166643057,-0.2914811845052119,3.7120777578497575,-11.603144048764838,0.8026000426647928,0.0,0.0,0.0,1.6238865490062924,0.0146339160079704,-0.0914712320200125,0.084531971304932,0.8256421112051934,0.3066297743839446,,-0.1023494986903183,-0.0763752451088446,1.4583867960035586,984411000.0,1141277000.0,401833000.0,1745403000.0,70850000.0,52467000.0,11621500.0,53.212879548623405,288.0156069364162,62.33410404624278,1.6913198602184698,0.3124830663078229,1.4438324152896012,-0.1359602616805528,0.0500453363443509,2014-07-29,-0.77,amc,144505882.0,2025-04-25,2014-06-30,-0.2077922077922078,70.12126984126985,2121721.8095238097
2014-03-31,VRTX,USD,875320,2014-05-05,2014-05-05 16:07:48,2014,Q1,118451000.0,15476000.0,102975000.0,0.8693468185,238963000,0.0,0.0,74212000.0,451000.0,313175000.0,328651000.0,0.0,15717000.0,15788000.0,-199803000.0,-1.6867987607,-216388000.0,-1.8268144634,-14920000.0,-231654000.0,-1.9556947599,803000.0,-232457000.0,-1.9624739344,-1.0,-1.0,232111000,232887000,https://www.sec.gov/Archives/edgar/data/875320/000087532014000026/0000875320-14-000026-index.htm,https://www.sec.gov/Archives/edgar/data/875320/000087532014000026/a2014q110-q.htm,0.5103204932122993,-1.0014906661037175,-0.7572325309873293,-0.8241229411790049,5.705029059372455,5.3029714231553005,5.169449099784155,5.3029714231553005,2.1070823873060736,16414889920.0,16464204920.0,-17.653684251280882,138.57958075491132,-93.3927124179288,-85.81243946300866,13.335919498114354,13.335919498114354,138.9959132468278,-82.40219075789653,-93.67329069992375,-86.07024444816193,-0.0141613499166249,-0.011653322132056,0.3845710135366787,0.2154468510423702,-0.2468181158441064,3.829531459170014,-13.767767385633393,0.7561054302516165,0.0,0.0,0.0,2.0173995998345307,0.0141058154628721,-0.0883353625925968,0.1310752969582359,0.9834051178109956,0.393242775493664,,-0.117886110986322,-0.1073151207045236,1.7599079750636548,1056830000.0,1199886000.0,464100000.0,1814026000.0,72687500.0,49449000.0,12704000.0,45.48057846704545,288.277978805893,65.4878521581804,1.978866651074209,0.3121986645417683,1.3743006837758636,-0.1888546224727389,0.0668904101916755,2014-05-01,-0.7,amc,80580000.0,2025-04-25,2014-03-31,-0.0714285714285713,79.19950819672131,1585556.68852459
2013-12-31,VRTX,USD,875320,2014-02-11,2014-02-11 16:38:29,2013,Q4,351157000.0,22264000.0,328893000.0,0.9365981598,249609000,0.0,0.0,75188000.0,-66091000.0,324797000.0,347061000.0,0.0,0.0,17631000.0,-411405000.0,-1.1715699815,-274162000.0,-0.7807390996,-66091000.0,-340253000.0,-0.9689483621,-155704000.0,44285000.0,0.1261116822,0.19,0.19,231264000,235717000,https://www.sec.gov/Archives/edgar/data/875320/000087532014000015/0000875320-14-000015-index.htm,https://www.sec.gov/Archives/edgar/data/875320/000087532014000015/a201310k.htm,1.5184248304967485,0.1914911097274111,0.1247708246852082,0.0621973156219731,6.335080254600802,5.8651800539643,5.731168707624187,5.8651800539643,1.906639165628892,17182915200.0,17054553200.0,97.0018922885853,48.93228726751852,595.4917761219892,1194.5853170189098,12.667982792749951,12.667982792749951,48.566747067550985,-41.45441402024769,591.0432576676486,1185.6613737486095,0.0025772693099247,0.000837110573647,0.3250776869740232,0.1901376474154618,0.3120088477291233,3.9931126187382016,0.0,-0.156354139009152,0.0,0.0,0.0,0.7108188075419257,0.0133641449202493,0.5015075376884423,0.0412094874941977,0.8207702342464976,0.0665514285632922,5.026969399042107,-0.076725493559185,0.0193549176612913,2.480503883008164,1190747000.0,1325413000.0,625940000.0,1918650000.0,102899000.0,50430000.0,13845000.0,21.917632284135017,199.3994789795185,57.187836866690624,4.106282961282552,0.4513552415512802,1.5737612214603802,0.0326488032704096,0.0625735090632351,2014-01-29,-0.45,amc,1016631578.0,2025-04-25,2013-12-31,0.2444444444444445,69.639953125,1869895.0
2013-09-30,VRTX,USD,875320,2013-11-07,2013-11-07 16:22:30,2013,Q3,221700000.0,27339000.0,194361000.0,0.8766847091,228567000,0.0,0.0,87804000.0,4652000.0,316371000.0,343710000.0,0.0,0.0,9489000.0,-109316000.0,-0.4930807397,-134058000.0,-0.6046820027,4656000.0,-129406000.0,-0.5836986919,-751000.0,-124125000.0,-0.5598782138,-0.54,-0.54,229160377,230505000,https://www.sec.gov/Archives/edgar/data/875320/000087532013000045/0000875320-13-000045-index.htm,https://www.sec.gov/Archives/edgar/data/875320/000087532013000045/a2013q310-q.htm,0.9674447341304556,-0.5416512296975319,-0.0598707341103737,-0.1406613151103342,6.208097659046878,6.487535146619173,5.258736330321188,5.519688946924712,1.7130753803917855,17374939784.14,17184327784.14,-34.99484347258812,78.37140182291384,-1266.3950279985422,-539.0252461419619,13.736281288503225,13.736281288503225,77.51162735290933,-157.19865147041602,-1252.5020250830903,-533.1118627579574,-0.0071439096504554,-0.0018552006741009,0.3103572315150518,0.1519962210894955,1.743678875919353,4.025987853450191,0.0,0.1066359919789837,0.0,0.0,0.0,1.0309742895805143,0.1090277629895208,-1.3494169096209911,0.083509246729815,1.9511012751607124,0.1412178619756427,,-0.0609228487627612,-0.0539401163672456,1.8483267288393403,1239139000.0,1205094000.0,552569000.0,2169655000.0,142573500.0,50051500.0,16526000.0,48.82855209742896,169.64665861955447,44.58356194447492,1.8431838777529288,0.530514427648303,2.0186812375396883,-0.0981307524583087,0.0807905809999605,2013-10-29,-0.39,amc,139588888.0,2025-04-25,2013-09-30,-0.1794871794871795,79.5749375,2172553.796875
2013-06-30,VRTX,USD,875320,2013-08-02,2013-08-02 16:02:47,2013,Q2,310750000.0,37931000.0,272819000.0,0.8779372486,222455000,0.0,0.0,106521000.0,-6578000.0,328976000.0,366907000.0,0.0,0.0,10554000.0,-46406000.0,-0.1493354787,-56933000.0,-0.1832115849,-6578000.0,-63511000.0,-0.2043797265,-1799000.0,-57165000.0,-0.1839581657,-0.26,-0.26,219865384,222053000,https://www.sec.gov/Archives/edgar/data/875320/000087532013000038/0000875320-13-000038-index.htm,https://www.sec.gov/Archives/edgar/data/875320/000087532013000038/a2013q210-q.htm,1.4133648250877,-0.260000000727718,-0.004216216228017,-0.0124075875445677,6.507145299416483,7.043687240916469,5.7629399269145525,6.014830420053754,1.6332721116299054,17683772835.120003,17511625835.120003,-77.33653824508004,56.90675087729687,-19076.34610045308,-6482.323796716935,13.371948065541838,13.371948065541838,56.35277823047467,-377.3569330500367,-18890.642756332258,-6419.220034582125,-0.0032326246515941,-0.0001542656663504,0.271540841148986,0.13895289647719,3.709584967461104,4.49778856130716,0.0,0.0150213896810993,0.0,0.0,0.0,0.7158648431214802,0.108961359022013,-1.9428263214670984,0.0057956556717618,0.1706462004927041,0.133065164923572,,-0.024994037125068,-0.0248248063065821,2.4034433724228275,1334938000.0,1267071000.0,680924000.0,2198268000.0,179460000.0,54098500.0,20520500.0,47.748801287208366,115.24346840315307,46.289578445071314,1.884864071427705,0.7809553222153592,1.9442821261981649,-0.0432264889565073,0.0081913758647882,2013-07-29,-0.21,amc,227123076.0,2025-04-25,2013-06-30,-0.8571428571428571,73.642734375,2508025.9375
2013-03-31,VRTX,USD,875320,2013-05-08,2013-05-08 16:33:48,2013,Q1,328368000.0,42743000.0,285625000.0,0.8698320177,218095000,0.0,0.0,92879000.0,-4652000.0,310974000.0,353717000.0,500000.0,4000000.0,10691000.0,-428784000.0,-1.3058032451,-438288000.0,-1.3347463821,-4652000.0,-442940000.0,-1.3489134142,-130313000.0,-308016000.0,-0.9380207572,-1.43,-1.43,215395804,215421000,https://www.sec.gov/Archives/edgar/data/875320/000087532013000024/0000875320-13-000024-index.htm,https://www.sec.gov/Archives/edgar/data/875320/000087532013000024/a2013q110-q.htm,1.5244865215665946,-1.4300000012999323,-0.3053819934208189,-0.3824819168715097,5.753844675637228,4.535055845377563,3.227732328527625,3.46392541611442,3.3464950877130364,11631373416.0,11969095416.0,-9.44055943197756,35.421762827072065,-176.8277146766396,-141.18314518419615,15.589250204057016,15.589250204057016,36.45024915947961,-27.91404393820665,-181.96198449329563,-145.28245937974145,-0.0264814815055543,-0.0070829984605835,0.9607379559451292,0.2996450180040915,-0.7876273368409269,3.84110205353266,-109.572,0.2104040917771018,0.0,0.0,0.0,0.6641786044925206,0.117710892830718,-0.252470430843139,0.0505743556010329,1.553362641474137,0.0952437509136091,,-0.1552230842568043,-0.1459347440257514,-0.0916522032156206,1158144000.0,695240000.0,150381000.0,1943968000.0,168652000.0,80459500.0,25998000.0,53.18685133752375,125.55108438808692,45.33795007369628,1.692147546559205,0.7168396867191038,1.985091956158276,-0.4128264409641945,0.0770999234506908,2013-04-30,-0.17,amc,537381818.0,2025-04-25,2013-03-31,-1.1764705882352942,48.0091,1772160.2166666666
2012-12-31,VRTX,USD,875320,2013-03-01,2013-03-01 16:01:47,2012,Q4,333994000.0,87715000.0,246279000.0,0.7373755217,213109000,0.0,0.0,110452000.0,44987000.0,323561000.0,411276000.0,497000.0,3296000.0,12373000.0,-64909000.0,-0.1943418145,-77476000.0,-0.231968239,-3296000.0,-80772000.0,-0.2418366797,-2696000.0,-76148000.0,-0.2279921196,-0.35,-0.35,214607000,214607000,https://www.sec.gov/Archives/edgar/data/875320/000087532013000009/0000875320-13-000009-index.htm,https://www.sec.gov/Archives/edgar/data/875320/000087532013000009/vrtx10k_12312012.htm,1.5563052463339966,-0.354825331885726,0.1889919713709245,0.0583065743428685,6.156439445125275,5.751825429739012,2.515714771652369,4.655859314933809,3.1496036941945045,8992033300.0,9175257300.0,-29.521567539528284,26.92273903124008,221.70253951034297,718.6153615132552,8.999412818511178,8.999412818511178,27.471323736354545,-141.35570259902326,226.22000788974088,733.2580542841888,-0.0084683850092058,0.0013915650201161,0.673183010068256,0.2437697695927355,-2.822782664961716,3.6742876030918303,-23.506067961165048,-0.5194810184947999,0.0,0.0,0.0,0.6380623604016838,0.2516924655925731,0.6914864764910378,0.0839715683515272,2.2667097712761657,0.0585818906926471,,-0.0319992059246412,-0.0368791880650679,-0.3775342835974595,1156961000.0,539890000.0,64679000.0,2285062000.0,141439500.0,92512000.0,58369500.0,38.600992832206565,103.93068460354556,31.257595622185487,2.331546247818499,0.8659617738814517,2.879300157563025,-0.0762104926039352,0.1306853923683756,2013-01-29,-0.12,amc,292244750.0,2025-04-25,2012-12-31,-1.3333333333333337,46.18362903225807,2377643.870967742
2012-09-30,VRTX,USD,875320,2012-11-06,2012-11-06 16:32:20,2012,Q3,336006000.0,38536000.0,297470000.0,0.8853115718,200161000,0.0,0.0,97684000.0,8552000.0,297845000.0,336381000.0,519000.0,4041000.0,8593000.0,8218000.0,0.0244578966,-1071000.0,-0.0031874431,-4041000.0,-5112000.0,-0.015214014,21355000.0,-57543000.0,-0.1712558704,-0.27,-0.27,213122222,213767000,https://www.sec.gov/Archives/edgar/data/875320/000104746912010125/0001047469-12-010125-index.htm,https://www.sec.gov/Archives/edgar/data/875320/000104746912010125/a2211595z10-q.htm,1.5765882921397094,-0.2700000002815286,0.4971841932090967,0.3967910957685116,6.092945108276884,5.934369434267629,2.675713469241138,4.822270481020041,1.8958182596275672,12028618209.68,11991732209.68,-52.25925920476861,35.798819692743585,113.51929681373336,142.2410951301366,11.70403033636168,11.70403033636168,35.689041891156705,1459.2032379751763,113.171187603741,141.80490994714123,-0.0047838412523304,0.0070303170759835,0.3892061459542507,0.1471224864582946,-4.488440009734728,1.550667550852547,-0.2650334075723831,-4.0035138096497525,0.0,0.0,0.0,0.595706624286471,0.2554384746634849,0.2019233491567652,0.0636774343315298,2.4899336669382057,0.0898287530579811,,-0.0033308522064771,-0.028425687301138,-0.0360157187174972,580446000.0,570254000.0,180446000.0,1622187000.0,162623500.0,71542000.0,87040000.0,37.39995714362244,195.55428690056053,201.49340876063945,2.4064198697978214,0.4602302584436057,0.446664734859461,-0.0559902231416136,0.100393097440585,2012-11-01,0.17,amc,248888888.0,2025-04-25,2012-09-30,-0.2352941176470588,53.75190476190476,1701780.761904762
2012-06-30,VRTX,USD,875320,2012-08-08,2012-08-08 16:31:41,2012,Q2,418305000.0,114423000.0,303882000.0,0.7264603579,196544000,0.0,0.0,117514000.0,10468000.0,314058000.0,428481000.0,560000.0,3635000.0,8665000.0,-1511000.0,-0.0036121968,-10770000.0,-0.0257467637,-3635000.0,-14405000.0,-0.0344365953,20063000.0,-64931000.0,-0.155224059,-0.31,-0.31,211344000,211344000,https://www.sec.gov/Archives/edgar/data/875320/000104746912007979/0001047469-12-007979-index.htm,https://www.sec.gov/Archives/edgar/data/875320/000104746912007979/a2210334z10-q.htm,1.97926129911424,-0.3072289726701491,0.5602477477477478,0.4867041411159058,5.78835453100159,5.884278711484594,2.5982048224695284,4.910349950791128,1.9098483988189872,11818356480.0,11764295480.0,-45.50352096841262,28.252964894036648,99.81298492462312,114.89526239038712,11.388190365330376,11.388190365330376,28.123726658777684,-7785.768021178028,99.35640792196276,114.36969415333164,-0.0054940803410255,0.0087035790614432,0.3854407466758144,0.1535593522252285,35.77829252150894,1.65753618469304,-2.9628610729023386,-3.4352152721364746,0.0,0.0,0.0,0.4698581178804939,0.2666143541140086,0.1312697943499007,0.0371570982895255,1.7937680323139065,0.0826095791348418,,-0.0156790787976651,-0.0339888105094107,0.213874063138769,632056000.0,549115000.0,232056000.0,1599109000.0,208923000.0,66289000.0,108700000.0,39.93645784774268,46.68362129991347,69.06347500065546,2.253579932980638,1.9278710068742413,1.303149023404134,-0.0625676328060182,0.0735436066318419,2012-07-30,0.58,amc,4043566666.0,2025-04-25,2012-06-30,-0.2068965517241378,51.20825396825396,4243359.571428572
2012-03-31,VRTX,USD,875320,2012-05-10,2012-05-10 16:17:07,2012,Q1,438737000.0,39211000.0,399526000.0,0.9106275514,196371000,0.0,0.0,111146000.0,13653000.0,307517000.0,346728000.0,364000.0,3741000.0,8560000.0,100568000.0,0.2292216066,91649000.0,0.2088927991,-3741000.0,87908000.0,0.2003660507,32000.0,91590000.0,0.2087583222,0.44,0.43,208018000,219264000,https://www.sec.gov/Archives/edgar/data/875320/000104746912005755/0001047469-12-005755-index.htm,https://www.sec.gov/Archives/edgar/data/875320/000104746912005755/a2209148z10-q.htm,2.109129979136421,0.4402984357122941,0.0140180176715476,-0.0155707679143151,4.715298676076109,5.314814102625735,1.976199175071388,4.47316097645396,1.9408945379726752,8530818180.0,8662895180.0,23.285342777595805,19.44403635891205,2925.520637860082,-2633.7814695893794,9.168013450861796,9.168013450861796,19.74507547801986,86.13967842653727,2970.814533607682,-2674.558561284347,0.0107363676106387,-0.0003796822217584,0.4298773345025997,0.1705143950383721,1.3133103969453503,1.7091183030135697,24.498529804865008,0.0331831216714461,0.0,0.0,0.0,0.4475824924727114,0.2960522080974728,2.1107681755829906,0.01402890569977,0.7190420560747663,0.0683325089974176,6.656900935419877,0.0608508486863686,0.0554636779218954,-0.0982150583122614,595848000.0,411085000.0,195848000.0,1460671000.0,207681500.0,73934000.0,121012500.0,47.63792431456658,168.07375481370025,297.4560710004846,1.8892510808343523,0.5354792013765602,0.3025656854045295,0.0984311626677327,0.0295887855858627,2012-04-26,0.56,amc,571330232.0,2025-04-25,2012-03-31,-0.2321428571428572,38.218790322580645,2939290.1774193547
2011-12-31,VRTX,USD,875320,2012-02-22,2012-02-22 17:08:51,2011,Q4,563340000.0,30127000.0,533213000.0,0.9465207512,186438000,0.0,0.0,121881000.0,124754000.0,308319000.0,338446000.0,197000.0,12430000.0,9724000.0,232955000.0,0.413524692,223902000.0,0.397454468,-13101000.0,210801000.0,0.3741985302,22660000.0,158629000.0,0.2815866084,0.76,0.72,208018000,219264000,https://www.sec.gov/Archives/edgar/data/875320/000104746912001298/0001047469-12-001298-index.htm,https://www.sec.gov/Archives/edgar/data/875320/000104746912001298/a2206536z10-k.htm,2.708131027122653,0.7625734311453817,2.421247199761559,2.376400119220452,4.657875760751473,4.641482948590987,1.302868021036641,3.782571700525916,1.982664961686008,6908277780.0,6832957780.0,10.88747609201344,12.263069868995633,13.716071619316883,13.974919346029203,8.779741041097145,8.779741041097145,12.129367309262612,29.33166396943616,13.566527181865652,13.82255272750812,0.0229621629372292,0.0715567636019407,0.5083606259444388,0.1814651496180158,-0.3233242471722006,3.3930439303883286,18.0130329847144,2.6770507225963507,0.0,0.0,0.0,0.3309511130045798,0.3150652367212876,0.0185223055892531,0.0165601590513721,0.95937885643768,0.0553537827954698,8.056115397946336,0.1102876439787158,0.1050670690189616,-0.3666978338413021,938906000.0,271020000.0,92486000.0,1766574000.0,314398000.0,61945000.0,90042000.0,29.25790819043561,222.9820426859628,335.8681581305805,3.0760914079777213,0.4036199458749765,0.2679622876456461,0.2016018443323509,0.044847080541107,2012-02-02,0.7,amc,532851351.0,2025-04-25,2011-12-31,0.0571428571428572,34.70055555555556,3782597.968253968
2011-09-30,VRTX,USD,875320,2011-11-03,2011-11-03 17:16:53,2011,Q3,659200000.0,38406000.0,620794000.0,0.9417384709,189052000,0.0,0.0,110654000.0,108502000.0,299706000.0,338112000.0,77000.0,6982000.0,7750000.0,215419000.0,0.3267885316,215707000.0,0.3272254248,-15097000.0,200610000.0,0.3043234223,-27842000.0,221110000.0,0.3354217233,1.06,1.02,206002000,219349000,https://www.sec.gov/Archives/edgar/data/875320/000104746911009007/0001047469-11-009007-index.htm,https://www.sec.gov/Archives/edgar/data/875320/000104746911009007/a2206080z10-q.htm,3.1999689323404628,1.073339093795206,0.208226133726857,0.1597557305268881,3.1974689566120715,3.547761672216774,0.1642945214124134,2.814351316977505,1.975621595906836,9158848920.0,9016303920.0,10.355534485097916,13.8938848907767,213.51786735050703,278.29987602552416,15.79760129156447,15.79760129156447,13.677645509708736,41.85472924858068,210.19475276838796,273.96851777575205,0.0241416800223842,0.0035932463006497,0.6899382850204049,0.1912047717062827,-0.661710434084273,1.6209564726363368,30.894729303924372,0.1877637315497347,0.0,0.0,0.0,0.2867900485436893,0.3331747927101269,0.2327777130201655,0.0151471480582524,1.2883870967741935,0.0476365291262135,8.244207000930079,0.1727650529021576,0.1585021329794974,-1.6232572984728304,477251000.0,33845000.0,-115327000.0,1275520000.0,270838500.0,58261500.0,60138000.0,60.84570691747573,115.40696766130291,158.53929073582253,1.4791511933958772,0.7798489278752436,0.5676826203919946,0.3813806355021543,0.0484704031999689,2011-10-27,0.21,amc,135717647.0,2025-04-25,2011-09-30,3.8571428571428577,47.88,2086984.734375
2011-06-30,VRTX,USD,875320,2011-08-09,2011-08-09 16:13:29,2011,Q2,114424000.0,9306000.0,105118000.0,0.9186709082,172796000,0.0,0.0,97471000.0,4643000.0,270267000.0,279573000.0,202000.0,6962000.0,8709000.0,-165890000.0,-1.4497832623,-165890000.0,-1.4497832623,-8980000.0,-174870000.0,-1.5282633014,24448000.0,-174069000.0,-1.5212630217,-0.85,-0.85,204413000,204413000,https://www.sec.gov/Archives/edgar/data/875320/000104746911007153/0001047469-11-007153-index.htm,https://www.sec.gov/Archives/edgar/data/875320/000104746911007153/a2205008z10-q.htm,0.559768703556036,-0.8515554294492034,-1.0576382128338218,-1.4021906630204537,2.903391662956857,2.761409499395831,-1.1659385655511147,1.5045471667653232,1.9908812061855168,10627431870.0,10569236870.0,-15.26324599727694,92.8776469097392,-49.15669589953514,-37.07769661510121,34.55524768410888,34.55524768410888,92.36905605467383,-63.71232063415516,-48.88751761141562,-36.87466199856259,-0.0163792158001385,-0.0269703916718687,1.300605757131384,0.226873121206965,0.350804750135632,1.3409117805838495,-23.827923010629128,1.0846737374446864,0.0,0.0,0.0,1.510137733342655,0.4553349214451818,-0.3257753417054048,0.6155264629797944,8.08715122287289,0.3024015940711739,,-0.1649556303503152,-0.1812654183749019,-2.47938242675368,210287000.0,-238333000.0,-371508000.0,1097291000.0,50805000.0,51078000.0,35219000.0,75.52121932461722,650.6286266924565,508.9168278529981,1.191718046992168,0.1383277591973244,0.176846186005853,-0.5659878588452572,0.3445524501866319,2011-07-28,-0.96,amc,129204705.0,2025-04-25,2011-06-30,-0.1145833333333333,51.40119049206349,2600524.714285714
2011-03-31,VRTX,USD,875320,2011-05-06,2011-05-06 16:18:42,2011,Q1,73662000.0,2666000.0,70996000.0,0.963807662,158612000,0.0,0.0,71523000.0,0.0,230135000.0,232801000.0,1402000.0,10599000.0,8858000.0,-155237000.0,-2.1074230947,-159899000.0,-2.1707121718,-16197000.0,-176096000.0,-2.3905948793,8099000.0,-176096000.0,-2.3905948793,-0.87,-0.87,202329000,202329000,https://www.sec.gov/Archives/edgar/data/875320/000104746911004721/0001047469-11-004721-index.htm,https://www.sec.gov/Archives/edgar/data/875320/000104746911004721/a2203470z10-q.htm,0.3640704001897899,-0.8703448344033727,-0.9223986675167672,-0.9463695268597184,4.069866405705559,1.935817406303595,-0.7568366373579665,1.935817406303595,2.029363067083809,9697628970.0,9651092970.0,-13.767531587883882,131.65036205913498,-51.9623473969608,-50.64617851659199,24.759566601646277,24.759566601646277,131.01861163150608,-62.17005591450492,-51.71299574554729,-50.40314276313728,-0.0181586654371661,-0.0197448263480016,1.0212626891889132,0.2599956970712134,0.2997738941102958,1.5320117510380435,-15.086234550429284,1.0598082863892422,0.0,0.0,0.0,2.153240476772284,0.3541154393894781,-0.0259875259875259,0.0658412750128967,0.5475276586136826,0.4013466916456246,,-0.1726634783348078,-0.1772151134413823,-1.5334405843947234,303152000.0,-153130000.0,-273841000.0,918831000.0,9061500.0,35366000.0,8908000.0,6.834731611957319,1177.5281320330082,601.4403600900225,13.168037182695745,0.0764312949743413,0.1496407723394701,-0.4496006862885271,0.0239708593429513,2011-05-03,-1.09,amc,92336781.0,2025-04-25,2011-03-31,-0.1651376146788991,42.0244435483871,2477240.741935484
2010-12-31,VRTX,USD,875320,2011-02-17,2011-02-17 16:37:47,2010,Q4,65524000.0,3049000.0,62475000.0,0.9534674318,168888000,0.0,0.0,62478000.0,0.0,231366000.0,234415000.0,523000.0,7686000.0,8205000.0,-201461000.0,-3.0746138819,-166634000.0,-2.5430987119,-13758000.0,-170972000.0,-2.6093034613,-29274000.0,-180392000.0,-2.7530675783,-0.89,-0.89,201368000,202329000,https://www.sec.gov/Archives/edgar/data/875320/000104746911001025/0001047469-11-001025-index.htm,https://www.sec.gov/Archives/edgar/data/875320/000104746911001025/a2201820z10-k.htm,0.3253943029677009,-0.8958325056612768,-0.8248728695721267,-0.8965227841563704,5.122020380596719,2.502746215883358,-0.2027581343609709,2.502746215883358,2.7048835962019786,7053921040.0,7347715040.0,-9.77582298549825,107.65400524998472,-42.4671501417795,-39.07318432845329,13.996624898556073,13.996624898556073,112.13776692509614,-36.47214617221199,-44.23589604040866,-40.70057242246484,-0.0255732944807672,-0.0255929998331821,1.0655154145162538,0.3112186646235234,-1.4583169943562275,2.226362359225162,-21.680197762164976,0.9207891702514523,0.0,0.0,0.0,2.5774983212258102,0.3157456101205138,-0.0868617664942836,0.220194127342653,1.7584399756246192,0.3847750442585922,,-0.0995224723013717,-0.152791188537781,-0.8971894739978546,582256000.0,-40829000.0,-164434000.0,1199391000.0,8746500.0,30247500.0,0.0,17.209114217691226,1058.2453263365037,0.0,5.22978689440498,0.0850464422191849,0.0,-0.3579398102676135,0.0716499145842437,2011-02-03,-0.93,amc,67683333.0,2025-04-25,2010-12-31,-0.032258064516129,35.0073046875,1912693.21875
2010-09-30,VRTX,USD,875320,2010-10-28,2010-10-28 16:53:45,2010,Q3,23795000.0,3228000.0,20567000.0,0.8643412482,170434000,0.0,0.0,48855000.0,0.0,219289000.0,222517000.0,493000.0,3458000.0,6758000.0,-199588000.0,-8.3878125657,-199588000.0,-8.3878125657,-9369000.0,-208957000.0,-8.781550746,3477000.0,-208957000.0,-8.781550746,-1.04,-1.04,200887000,200887000,https://www.sec.gov/Archives/edgar/data/875320/000104746910008963/0001047469-10-008963-index.htm,https://www.sec.gov/Archives/edgar/data/875320/000104746910008963/a2200597z10-q.htm,0.1184496756883222,-1.0401718378989182,-0.8163295783201502,-0.8702404834558732,5.988496020150632,3.236127773325302,0.5241454150841021,3.236127773325302,2.0083828221836155,6944663590.0,6774762590.0,-8.308723313887548,291.8539016600126,-42.3480918958473,-39.7246515844869,10.682520104722997,10.682520104722997,284.71370413952513,-33.94373704831954,-41.31204701506189,-38.75278909735728,-0.0300888584870962,-0.025173285607633,0.6152937412320642,0.2117714202820901,0.8512585927009639,1.9341260516791383,-57.71775592828224,0.7848026148920592,0.0,0.0,0.0,7.162597184282412,0.2884337332813081,-0.0660406122324532,0.4551376339567136,1.602545131695768,1.0584156335364572,,-0.161716123892066,-0.155470835035308,-0.1592885552574333,592334000.0,105294000.0,-12294000.0,1202575000.0,4256000.0,35569500.0,0.0,18.775372977516287,687.100371747212,0.0,4.793513295729251,0.130985229670508,0.0,-0.3214248357165711,0.053910905135723,2010-10-25,-0.93,amc,21282692.0,2025-04-25,2010-09-30,0.1182795698924731,34.87953125,1413960.359375
2010-06-30,VRTX,USD,875320,2010-08-03,2010-08-03 16:41:27,2010,Q2,31622000.0,3086000.0,28536000.0,0.9024097148,155082000,0.0,0.0,40915000.0,0.0,195997000.0,199083000.0,484000.0,3199000.0,7912000.0,-169573000.0,-5.3625007906,-169573000.0,-5.3625007906,-30433000.0,-200006000.0,-6.3249003858,24633000.0,-200006000.0,-6.3249003858,-1.0,-1.0,200397000,200397000,https://www.sec.gov/Archives/edgar/data/875320/000104746910006916/0001047469-10-006916-index.htm,https://www.sec.gov/Archives/edgar/data/875320/000104746910006916/a2199547z10-q.htm,0.1577967734047914,-0.9980488729871204,-0.5433564374716189,-0.5916904943686782,4.886026237917734,4.12748194833256,1.4088683962334765,4.12748194833256,0.4471424222917509,6593061300.0,6341860300.0,-8.241079392618222,208.4960249193599,-60.54957249258405,-55.60339453332546,7.970961572173829,7.970961572173829,200.55215672632977,-37.39899807162697,-58.24258451422117,-53.48485995968728,-0.0303358320056875,-0.0179845135066467,0.1044654137474535,0.0522348540262918,1.4813738036126034,6.121453468532151,-53.00812753985621,0.5444186674399768,0.0,0.0,0.0,4.904243880842452,0.3293443001519766,-0.0889546043145646,0.3063057365125545,1.224216380182002,0.8390993612042249,,-0.1278156416558105,-0.1802830358752478,0.7721622579180327,840451000.0,282333000.0,177488000.0,1445691000.0,5712000.0,37808000.0,0.0,10.098033014989564,1355.9786130913803,0.0,8.912626832018038,0.0663727282503495,0.0,-0.2418057511772564,0.0483340568970593,2010-07-28,-0.84,amc,26544000.0,2025-04-25,2010-06-30,0.1904761904761905,36.93746031746032,2161118.492063492
2010-03-31,VRTX,USD,875320,2010-05-03,2010-05-03 16:33:34,2010,Q1,22429000.0,3367000.0,19062000.0,0.8498818494,143012000,0.0,0.0,35552000.0,0.0,178564000.0,181931000.0,455000.0,3500000.0,7584000.0,-151918000.0,-6.7732845869,-160282000.0,-7.1461946587,-4989000.0,-165271000.0,-7.3686298988,-1815000.0,-165271000.0,-7.3686298988,-0.83,-0.83,198935000,198935000,https://www.sec.gov/Archives/edgar/data/875320/000104746910004633/0001047469-10-004633-index.htm,https://www.sec.gov/Archives/edgar/data/875320/000104746910004633/a2198073z10-q.htm,0.1127453690904064,-0.8307788976298791,-0.9875688038806646,-1.0032020509211552,5.492663432779551,4.979576243496619,2.240983235730264,4.979576243496619,0.6475280870636138,8130473449.999999,7859242449.999999,-12.29869948448306,362.49825895046587,-41.38445831763903,-40.73954988675766,8.20752570128365,8.20752570128365,350.4053881136029,-51.73345126976395,-40.0038809031772,-39.38048649109093,-0.0203273525233638,-0.024546172031347,0.1265036159465058,0.0707879220607557,1.7853776379362551,1.8321490476391795,-45.79485714285714,1.188726394830309,0.0,0.0,0.0,6.376209371795444,0.3077452321694264,-0.0158300332888802,0.1386597708324044,0.4100738396624472,0.9249186321280484,,-0.1372121874529963,-0.134860057119543,1.6030361675924296,511770000.0,445810000.0,347078000.0,1114681000.0,8738500.0,33055000.0,0.0,31.603727317312405,778.4051084051084,0.0,2.847765363128492,0.1156210294976134,0.0,-0.1668372682745615,0.0156332470404906,2010-04-21,-0.8,amc,21590361.0,2025-04-25,2010-03-31,0.0374999999999998,40.79950819672131,1663146.8852459015
2009-12-31,VRTX,USD,875320,2010-02-19,2010-02-19 17:27:39,2009,Q4,33889000.0,3647000.0,30242000.0,0.8923839594,135230000,0.0,0.0,32574000.0,14325000.0,167804000.0,171451000.0,327000.0,4562000.0,8383000.0,-129179000.0,-3.8118268465,-146719000.0,-4.32939892,-495459000.0,-642178000.0,-18.9494526247,-483534000.0,-158644000.0,-4.6812830122,-0.8,-0.8,198935000,198935000,https://www.sec.gov/Archives/edgar/data/875320/000104746910001033/0001047469-10-001033-index.htm,https://www.sec.gov/Archives/edgar/data/875320/000104746910001033/a2196377z10-k.htm,0.1703521250659763,-0.7974665091612838,-0.5143740417724383,-0.5524668861688491,6.458958956443059,5.511076482268077,2.7724834745017217,5.511076482268077,0.7962299243471486,8524364750.0,8231542750.0,-13.43316600375684,251.53780725309096,-83.30513696287392,-77.56120968108822,7.775250468374036,7.775250468374036,242.89718640266756,-63.72198848109987,-80.44350709001534,-74.89689049633775,-0.0186106536560392,-0.0128930428510816,0.1403170167082289,0.0786688540149568,2.266792590126878,4.587939610296156,-32.161113546690046,0.6450102115428255,0.0,0.0,0.0,3.9903803594086575,0.278601556235579,-0.0740567005775601,0.2236123815987488,0.9039723249433376,0.3877659417510106,,-0.0212873976094063,-0.1124587611984523,2.176448337396637,1022143000.0,551544000.0,447884000.0,1629224000.0,26278500.0,28475500.0,-428305000.0,25.49765410605211,912.8077872223746,0.0,3.529736485782731,0.0985968801535591,0.0,-0.1447024935558664,0.0380928443964108,2010-02-04,-0.85,amc,33900000.0,2025-04-25,2009-12-31,-0.0,38.06921875,2416177.859375
2009-09-30,VRTX,USD,875320,2009-11-09,2009-11-09 16:45:01,2009,Q3,24957000.0,3712000.0,21245000.0,0.8512641744,132132000,0.0,0.0,36572000.0,0.0,168704000.0,172416000.0,595000.0,1927000.0,6815000.0,-140644000.0,-5.6354529791,-148233000.0,-5.9395360019,-1332000.0,-149565000.0,-5.9929078014,-4709000.0,-149565000.0,-5.9929078014,-0.84,-0.84,178735000,178735000,https://www.sec.gov/Archives/edgar/data/875320/000104746909009834/0001047469-09-009834-index.htm,https://www.sec.gov/Archives/edgar/data/875320/000104746909009834/a2195217z10-q.htm,0.1396312977312781,-0.8367974934959577,-0.1210451226676364,-0.1476375639913839,4.792625954625563,3.405846644473662,0.3174644026072118,3.405846644473662,0.8164433379024814,6774056500.0,6358923500.0,-11.322930665596898,271.42911808310294,-313.10637855327013,-256.7097354858269,11.127923232097563,11.127923232097563,254.79518772288336,-45.21290279002304,-293.91834989600187,-240.97784978020312,-0.0220790895381519,-0.0038954502372396,0.2365526395332028,0.0915162527145055,2.951658087085123,1.3729930439040656,-76.92423456149456,0.1446528265302711,0.0,0.0,0.0,5.294386344512562,0.3508135731313366,-0.2196903166165935,0.1904475698200905,0.6974321349963316,0.8577954081019353,,-0.1581568564913265,-0.146418610479408,-2.821075894480656,248319000.0,56742000.0,-50681000.0,862765000.0,28859000.0,23728000.0,-428305000.0,154.90804183195095,483.9924568965517,-20769.100215517243,0.5809898500791507,0.1859533112914537,-0.0043333605724892,-0.245694413415163,0.0265924413237474,2009-10-26,-0.82,amc,24404761.0,2025-04-25,2009-09-30,0.024390243902439,35.63875,1358653.375
2009-06-30,VRTX,USD,875320,2009-08-10,2009-08-10 16:21:21,2009,Q2,19064000.0,3267000.0,15797000.0,0.8286298783,139331000,0.0,0.0,32526000.0,0.0,171857000.0,175124000.0,1489000.0,3325000.0,7745000.0,-148315000.0,-7.7798468317,-157167000.0,-8.2441775073,-14130000.0,-171297000.0,-8.985365086,7492000.0,-171297000.0,-8.985365086,-0.99,-0.99,172563000,172563000,https://www.sec.gov/Archives/edgar/data/875320/000104746909007495/0001047469-09-007495-index.htm,https://www.sec.gov/Archives/edgar/data/875320/000104746909007495/a2194024z10-q.htm,0.1104755944205884,-0.992663548964726,-0.684184906382017,-0.7107607076835707,4.371528079599914,4.224874393699692,1.0215051894090854,4.224874393699692,0.8537461680661556,6207091110.0,5942142110.0,-9.058960621026635,325.5922739194293,-52.57350705120061,-50.607749712599166,8.513862578646114,8.513862578646114,311.6944035879144,-40.06433678319792,-50.329412696396055,-48.44756349316353,-0.0275969849587079,-0.0197598195074665,0.1975154206049732,0.1000086118526873,1.7863938239557695,4.261520034843206,-47.26827067669173,0.6892414928457591,0.0,0.0,0.0,7.308592110784725,0.3839101422622503,-0.0388430102062423,0.2405581200167855,0.5921239509360878,1.5068191355434326,,-0.1305855118016178,-0.1930992579132064,0.3165017993428487,599076000.0,176274000.0,71937000.0,1216217000.0,15732000.0,25097000.0,0.0,69.69051615610574,757.4104683195592,0.0,1.2914239262972498,0.1188259256565068,0.0,-0.2349569375234035,0.0265758013015536,2009-08-05,-0.84,amc,16206060.0,2025-04-25,2009-06-30,0.1785714285714286,29.968888888888888,1983694.4126984128
2009-03-31,VRTX,USD,875320,2009-05-11,2009-05-11 16:31:15,2009,Q1,23979000.0,3576000.0,20403000.0,0.8508695108,143581000,0.0,0.0,28520000.0,0.0,172101000.0,175677000.0,2599000.0,3378000.0,7164000.0,-161893000.0,-6.7514491847,-161893000.0,-6.7514491847,-779000.0,-162672000.0,-6.783935944,10974000.0,-162672000.0,-6.783935944,-1.04,-1.04,155860000,155860000,https://www.sec.gov/Archives/edgar/data/875320/000104746909005373/0001047469-09-005373-index.htm,https://www.sec.gov/Archives/edgar/data/875320/000104746909005373/a2192154z10-q.htm,0.1538496086231233,-1.0437058899011933,-1.1905492108302322,-1.2327601693827794,5.576709867830104,4.535166174772232,0.988502502245605,4.535166174772232,1.86627742846144,4477857800.0,4163158800.0,-6.881727955640799,186.740806539055,-24.131719830350452,-23.305425267255828,6.3349387636149626,6.3349387636149626,173.61686475666207,-25.715496037506256,-22.435768677347905,-21.667545201886146,-0.036328085273275,-0.0429084639534556,0.4067335265848106,0.1836024786015302,1.9438703341095664,5.031667772826396,-47.925695677915925,1.1406941575686045,0.0,0.0,0.0,5.987780975019809,0.3530167962740511,-0.0354550304754821,0.2743650694357563,0.9183417085427136,0.9778139205137828,,-0.1246332338730465,-0.1605685519692034,0.1455184139612472,722874000.0,154068000.0,43141000.0,1342258000.0,20095500.0,37230000.0,0.0,62.68735143250345,571.3087248322147,0.0,1.4356963237935576,0.1575330396475771,0.0,-0.2301361956055802,0.0422109585525471,2009-04-16,-0.82,bmo,18923076.0,2025-04-25,2009-03-31,0.2682926829268294,30.845245901639345,2292746.950819672
2008-12-31,VRTX,USD,875320,2009-02-17,2009-02-13 17:58:57,2008,Q4,32811000.0,4215000.0,28596000.0,0.8715369845,144610000,0.0,0.0,24208000.0,0.0,168818000.0,173033000.0,0.0,0.0,8575000.0,-131647000.0,-4.0122824662,-141863000.0,-4.3236414617,-469000.0,-143504000.0,-4.3736551766,2110000.0,-142332000.0,-4.3379354485,-0.91,-0.91,148860000,155860000,https://www.sec.gov/Archives/edgar/data/875320/000104746909001305/0001047469-09-001305-index.htm,https://www.sec.gov/Archives/edgar/data/875320/000104746909001305/a2190245z10-k.htm,0.2204151551793631,-0.9561467150342604,-0.653130458148596,-0.6975480317076448,5.589822652156388,1.6046889695015452,1.6046889695015452,1.6046889695015452,1.9313448878140536,4522366800.0,4420751800.0,-7.943341623809122,137.83081283715828,-46.51444381589097,-43.55255641052804,18.932017716453025,18.932017716453025,134.7338331657066,-33.58034592508754,-45.46929082026228,-42.57395533384054,-0.0314729004290408,-0.0229607647040041,1.203563384880732,0.2932240262157578,0.7718747863604943,4.006118283740603,0.0,0.6830860242250513,0.0,0.0,0.0,4.407363384230898,0.0,-0.0680071997942916,0.2015177836701106,0.7710787172011662,1.767242692999299,,-0.1884357182186752,-0.1451657812150999,0.7262713287652828,651017000.0,238874000.0,125976000.0,719348000.0,22727500.0,41612500.0,0.0,64.4299167961964,1105.1957295373666,0.0,1.3968666184171314,0.0814335394126738,0.0,-0.595845508510763,0.0444175735590487,2009-02-09,-0.93,bmo,31775000.0,2025-04-25,2008-12-31,0.0322580645161289,25.9746875,2192979.4375
2008-09-30,VRTX,USD,875320,2008-11-05,2008-11-05 17:04:39,2008,Q3,31609000.0,4194000.0,27415000.0,0.8673162707,129968000,0.0,0.0,27190000.0,0.0,157158000.0,161352000.0,0.0,0.0,7953000.0,-121790000.0,-3.8530165459,-130628000.0,-4.1326204562,584000.0,-130044000.0,-4.1141447056,301000.0,-130044000.0,-4.1141447056,-0.93,-0.93,140109000,140109000,https://www.sec.gov/Archives/edgar/data/875320/000104746908011653/0001047469-08-011653-index.htm,https://www.sec.gov/Archives/edgar/data/875320/000104746908011653/a2188805z10-q.htm,0.2256029234381802,-0.9281630730359934,-0.909863035208302,-0.9848475115802696,6.566794424341048,2.4972913945570947,2.4972913945570947,2.4972913945570947,2.051973820382702,4657223160.0,4401847160.0,-8.953168081572391,147.33851624537314,-36.5329711327267,-33.75141796993898,13.310421071584743,13.310421071584743,139.25929830111676,-36.14292766236965,-34.52970787574522,-31.900679489223545,-0.0279230768061369,-0.0296283848249178,0.8216797706727486,0.2693072200563156,2.096855242630758,5.280960640131218,0.0,0.9802835963212452,0.0,0.0,0.0,4.111740327122022,0.0,-0.082412927518042,0.3323736910373627,1.3210109392682006,0.0,,-0.1475951753846085,-0.1218149152174035,1.5622158462340034,772555000.0,349893000.0,235357000.0,842268000.0,18665500.0,33905000.0,0.0,62.54357936030877,675.2145922746781,0.0,1.438996631157243,0.1332909582075321,0.0,-0.3716679099038849,0.0749844763719675,2008-10-27,-0.92,bmo,31260215.0,2025-04-25,2008-09-30,0.0108695652173913,30.04765625,2870283.375
2008-06-30,VRTX,USD,875320,2008-08-11,2008-08-11 14:22:13,2008,Q2,69409000.0,3701000.0,65708000.0,0.9466783846,127132000,0.0,0.0,28889000.0,0.0,156021000.0,159722000.0,0.0,0.0,8170000.0,-82143000.0,-1.1834632396,-91481000.0,-1.3179991067,160000.0,-91321000.0,-1.3156939302,1008000.0,-91321000.0,-1.3156939302,-0.66,-0.66,138725000,138725000,https://www.sec.gov/Archives/edgar/data/875320/000104746908009124/0001047469-08-009124-index.htm,https://www.sec.gov/Archives/edgar/data/875320/000104746908009124/a2186465z10-q.htm,0.5003351955307263,-0.6582879798161831,0.7479401693998918,0.6789691836366913,5.997923950261308,1.7295008109569292,1.7295008109569292,1.7295008109569292,2.0724454856730943,4643125750.0,4380993750.0,-12.711002261254256,66.89515408664582,44.74956870795505,49.29531532009767,19.352404918203604,19.352404918203604,63.11852569551499,-53.33374420218399,42.223190019082864,46.51230226138656,-0.019668000592058,0.0202859033055479,1.1982911326456185,0.2961459819428206,3.191166624058045,4.689207956521264,0.0,-1.1361899234568171,0.0,0.0,0.0,1.8316356668443576,0.0,0.0922145762254476,0.1378495584146148,1.1711138310893512,0.0,,-0.1173873268400885,-0.0940672946678272,0.8124400792935664,674734000.0,239925000.0,126748000.0,741364000.0,20095000.0,33813000.0,0.0,19.92320880577447,883.8286949473116,0.0,4.5173446143833385,0.1018296877149539,0.0,-0.3806231113889757,0.0689709857632005,2008-07-31,-0.57,bmo,59936363.0,2025-04-25,2008-06-30,0.1578947368421054,28.335625,2486938.125
2008-03-31,VRTX,USD,875320,2008-05-12,2008-05-12 16:58:44,2008,Q1,41675000.0,3576000.0,38099000.0,0.9141931614,114582000,0.0,0.0,21623000.0,0.0,136205000.0,139781000.0,0.0,0.0,7498000.0,-90608000.0,-2.1741571686,-98736000.0,-2.369190162,2582000.0,-96154000.0,-2.3072345531,-1952000.0,-96154000.0,-2.3072345531,-0.72,-0.72,134471000,134471000,https://www.sec.gov/Archives/edgar/data/875320/000104746908006420/0001047469-08-006420-index.htm,https://www.sec.gov/Archives/edgar/data/875320/000104746908006420/a2185347z10-q.htm,0.3099181236102951,-0.7150538034222992,-0.7848160569937013,-0.8256724498218947,5.574755895323155,2.2626068074157253,2.2626068074157253,2.2626068074157253,2.1380074514207523,3212512190.0,3009316190.0,-8.352518329970673,77.08487558488302,-30.44025384943384,-28.933991930036296,10.55861757407438,10.55861757407438,72.20914673065387,-33.21247781652834,-28.514864168285403,-27.10387547397527,-0.0299310926505776,-0.0345614252750897,0.9449310611164976,0.3232134726617613,2.242583436341162,4.522988870490356,0.0,1.0975622439004098,0.0,0.0,0.0,2.7494181163767246,0.0,-0.0520585587719713,0.1318296340731853,0.7327287276607095,0.3136652669466107,,-0.1350656445125213,-0.1080983243489356,1.360975600687137,610615000.0,304255000.0,198688000.0,675327000.0,28072500.0,32015500.0,0.0,53.61127774445111,787.2734899328858,0.0,1.6787512588116815,0.1143185959528148,0.0,-0.3160309608716373,0.0408563928281934,2008-04-21,-0.65,bmo,37645833.0,2025-04-25,2008-03-31,0.1076923076923076,19.051145901639345,3509768.37704918
2007-12-31,VRTX,USD,875320,2008-02-11,2008-02-11 16:26:52,2007,Q4,50992000.0,3672000.0,47320000.0,0.9279887041,115340000,0.0,0.0,23452000.0,0.0,138792000.0,142464000.0,0.0,0.0,7451000.0,-84021000.0,-1.6477290555,-91748000.0,-1.7992626294,5997000.0,-92024000.0,-1.8046752432,-5721000.0,-85751000.0,-1.681655946,-0.64,-0.64,130810000,134471000,https://www.sec.gov/Archives/edgar/data/875320/000104746908001101/0001047469-08-001101-index.htm,https://www.sec.gov/Archives/edgar/data/875320/000104746908001101/a2182258z10-k.htm,0.3898172922559437,-0.6555385673878144,-0.4028132405779375,-0.4425579084167877,3.523209234767984,2.0739622353031115,2.0739622353031115,2.0739622353031115,0.1528705756440639,3038716300.0,2703050300.0,-8.859127881890592,59.59202031691245,-57.669405222804215,-52.49030591974573,11.20078254298826,11.20078254298826,53.0093014590524,-32.17112745623118,-51.299064374098535,-46.6920643968838,-0.0282194820227212,-0.0190511368237962,0.0737094306935255,0.0332464915532929,3.9950250532604943,2.4932431415251983,0.0,0.6144767991043836,0.0,0.0,0.0,2.261923438970819,0.0,-0.0986677294465953,0.1019571697521179,0.6977586901087103,0.0,,-0.2038019363655735,-0.1425673799663162,1.1786484213745128,297572000.0,271295000.0,166669000.0,364081000.0,32989000.0,29253500.0,0.0,55.279259491684975,802.6960784313726,0.0,1.6280970625798212,0.1121221374045801,0.0,-0.3160802816122671,0.0397446678388502,2008-02-11,-0.66,bmo,51000000.0,2025-04-25,2007-12-31,-0.0,28.581875,2313816.09375
2007-09-30,VRTX,USD,875320,2007-11-09,2007-11-09 16:06:22,2007,Q3,41014000.0,3562000.0,37452000.0,0.9131516068,128949000,0.0,0.0,21416000.0,0.0,150365000.0,153927000.0,0.0,0.0,6835000.0,-106078000.0,-2.5863851368,-113795000.0,-2.7745404008,6762000.0,-107033000.0,-2.6096698688,-5880000.0,-107033000.0,-2.6096698688,-0.82,-0.82,130006000,130006000,https://www.sec.gov/Archives/edgar/data/875320/000104746907008891/0001047469-07-008891-index.htm,https://www.sec.gov/Archives/edgar/data/875320/000104746907008891/a2180618z10-q.htm,0.3154777471808993,-0.8232927711028721,-0.4895235604510561,-0.5505130532436965,3.8655908188852814,2.553997507807332,2.553997507807332,2.553997507807332,0.153815977724105,5067633880.0,4833651880.0,-11.836615529789878,123.55863558784806,-79.62844518470797,-70.8066770993433,15.262348487358258,15.262348487358258,117.85370556395377,-45.56695903014763,-75.9518530507063,-67.53740226351823,-0.0211209022858612,-0.0141229618584837,0.060225578628759,0.0305228742207867,2.2057542563019665,2.9254474766838263,0.0,0.5945923219941514,0.0,0.0,0.0,3.1440239918076758,0.0,-0.1245894941939944,0.1933242307504754,1.160058522311631,0.0,,-0.2197290367294197,-0.1633722456605225,1.5801616848453148,357571000.0,332035000.0,220166000.0,426471000.0,35923500.0,21755500.0,0.0,76.0525674160043,650.7944974733296,0.0,1.1833920018466155,0.1382925030088908,0.0,-0.3223545710542563,0.0609894927926403,2007-10-29,-0.73,bmo,36500000.0,2025-04-25,2007-09-30,0.1232876712328766,35.05984126984127,1827461.111111111
2007-06-30,VRTX,USD,875320,2007-08-09,2007-08-09 15:50:57,2007,Q2,38196000.0,3401000.0,34795000.0,0.9109592628,136187000,0.0,0.0,23322000.0,0.0,159509000.0,162910000.0,0.0,0.0,6852000.0,-117862000.0,-3.0857157818,-125620000.0,-3.2888260551,7853000.0,-117767000.0,-3.0832286103,-6947000.0,-117767000.0,-3.0832286103,-0.91,-0.91,129269000,129269000,https://www.sec.gov/Archives/edgar/data/875320/000110465907060866/0001104659-07-060866-index.htm,https://www.sec.gov/Archives/edgar/data/875320/000110465907060866/a07-18255_110q.htm,0.2954768738057848,-0.9110227510075888,-0.5286263527992017,-0.6303831545072678,4.587078108440538,3.2071494325785763,3.2071494325785763,3.2071494325785763,0.4803858620396228,3691922640.0,3585303640.0,-7.837345436327664,96.65731071316368,-54.02681846784225,-45.30577918492067,8.905104236766887,8.905104236766887,93.865945125144,-30.41950450526888,-52.46657847369576,-43.99739400409872,-0.0318985557075486,-0.0220722393034757,0.149785930508822,0.0815943342925092,0.9046087797593796,3.142684645789593,0.0,0.5802559290803027,0.0,0.0,0.0,3.5654780605298986,0.0,-0.1924928660276578,0.3443816106398575,1.919731465265616,0.2022201277620693,,-0.1905788258172593,-0.1547387231135112,2.122502301402502,434755000.0,414585000.0,291172000.0,502526000.0,40644000.0,13447500.0,0.0,87.6272384542884,469.8206409879447,0.0,1.0270778993788483,0.1915624647966655,0.0,-0.2840599635780358,0.1017568017080661,2007-07-24,-0.69,bmo,28964835.0,2025-04-25,2007-06-30,0.318840579710145,29.79039523809524,2149869.523809524
2007-03-31,VRTX,USD,875320,2007-05-10,2007-05-10 17:06:10,2007,Q1,68810000.0,3269000.0,65541000.0,0.9524923703,132578000,0.0,0.0,16537000.0,0.0,149115000.0,152384000.0,0.0,0.0,6321000.0,-77253000.0,-1.1227001889,-88629000.0,-1.2880249964,7901000.0,-80728000.0,-1.1732015695,-2846000.0,-80728000.0,-1.1732015695,-0.64,-0.64,125756000,125756000,https://www.sec.gov/Archives/edgar/data/875320/000110465907038383/0001104659-07-038383-index.htm,https://www.sec.gov/Archives/edgar/data/875320/000110465907038383/a07-11010_110q.htm,0.5471707115366264,-0.6419415375807118,-0.5392029008556252,-0.5879719456725723,5.2096122650211525,3.986282960653965,3.986282960653965,3.986282960653965,0.5186710773243424,3526198240.0,3237096240.0,-10.919997522544842,51.24543293125999,-52.00268758848513,-47.68935015755805,7.0341218314818095,7.0341218314818095,47.04397965412005,-41.9025311638383,-47.73914936290703,-43.779449020164726,-0.0228937780877571,-0.0209690422850418,0.1301139639217313,0.0781060837389758,3.742275380891357,4.046898985039063,0.0,0.8399563967892181,0.0,0.0,0.0,1.9267257666036912,0.0,-0.0904465549787635,0.0891294869931696,0.9702578705900964,0.1790437436419125,,-0.1211564333820427,-0.0966692412240523,2.818300916059671,531952000.0,501299000.0,372744000.0,593375000.0,53511000.0,12254500.0,0.0,57.67926173521291,251.66411746711532,0.0,1.5603528424680833,0.3576195164642818,0.0,-0.1610376242521928,0.0487690448169471,2007-04-30,-0.64,bmo,68800000.0,2025-04-25,2007-03-31,-0.0,32.15262295081967,1827289.7213114756
2006-12-31,VRTX,USD,875320,2007-03-01,2007-03-01 16:20:58,2006,Q4,94254000.0,3177000.0,91077000.0,0.9662932077,109146000,0.0,0.0,15838000.0,0.0,124984000.0,128161000.0,0.0,0.0,6875000.0,-27032000.0,-0.2867994992,-34933000.0,-0.3706261803,-171958000.0,-206891000.0,-2.1950368154,-179547000.0,-27344000.0,-0.2901097036,-0.22,-0.22,124060000,125756000,https://www.sec.gov/Archives/edgar/data/875320/000110465907015545/0001104659-07-015545-index.htm,https://www.sec.gov/Archives/edgar/data/875320/000110465907015545/a07-3650_110k.htm,0.7597452845397389,-0.2204094792842173,-0.0345558600677091,-0.0924955666612929,5.679719490569079,4.078147670482025,4.078147670482025,4.078147670482025,0.99754151217153,4642325200.0,4552909200.0,-42.44372805734348,49.25334945996987,-1082.8843480289247,-404.5599302832244,9.175734432288731,9.175734432288731,48.3046788465211,-168.42664989641906,-1062.0268719384185,-396.7676862745098,-0.005890151771358,-0.0024718216638506,0.2446065206004724,0.1342858289956693,3.307783367860314,3.073159266017035,0.0,0.1567802808660035,0.0,0.0,0.0,1.1579985995289324,0.0,-1.6766969909027292,0.0762620154051817,1.0455272727272726,0.4152290618965773,,-0.005962579341122,-0.0296708149816781,2.70977148154119,520392000.0,505935000.0,355762000.0,581927000.0,52768500.0,11256000.0,0.0,60.0830733974155,435.3541076487252,0.0,1.4979260365843967,0.2067282665278501,0.0,-0.0540464684198563,0.0579397065935837,2007-02-01,-0.38,bmo,162881818.0,2025-04-25,2006-12-31,-0.4210526315789473,39.577777777777776,2006757.3015873013
2006-09-30,VRTX,USD,875320,2006-11-09,2006-11-09 16:03:31,2006,Q3,53289000.0,3113000.0,50176000.0,0.9415826906,96115000,0.0,0.0,14773000.0,0.0,110888000.0,114001000.0,0.0,0.0,5934000.0,-54778000.0,-1.0279419768,-62127000.0,-1.1658503631,10325000.0,-51802000.0,-0.9720955544,-8910000.0,-51802000.0,-0.9720955544,-0.46,-0.46,112803000,112803000,https://www.sec.gov/Archives/edgar/data/875320/000110465906073601/0001104659-06-073601-index.htm,https://www.sec.gov/Archives/edgar/data/875320/000110465906073601/a06-21893_110q.htm,0.4724076487327465,-0.4592253752116522,0.8998164942421744,0.837788002092143,6.159011728411478,4.5013785094368055,4.5013785094368055,4.5013785094368055,0.9020150173310992,3795820950.0,3414139950.0,-18.31889188641365,71.23085345943815,37.39651386179583,40.16529231257606,7.475487771013984,7.475487771013984,64.06838090412656,-62.326845631457886,33.6361840160785,36.12655362150151,-0.0136471136764235,0.0248971174470176,0.2003863961762139,0.1127909980035716,6.967779035379166,4.600043355733796,0.0,-1.9594224161229297,0.0,0.0,0.0,1.8036555386665163,0.0,0.0689346022738468,0.1313028955319109,1.1791371755982474,0.0,,-0.0657177426973199,-0.0574230887329829,2.94649521732578,581245000.0,507769000.0,348358000.0,642380000.0,113141000.0,7710500.0,0.0,71.97095085289646,206.54031480886604,0.0,1.250504529028019,0.4357502799552071,0.0,-0.1020188313977418,0.0620284921500314,2006-10-26,-0.48,bmo,55617391.0,2025-04-25,2006-09-30,-0.0416666666666665,33.64349206349206,1195119.761904762
2006-06-30,VRTX,USD,875320,2006-08-09,2006-08-09 17:21:54,2006,Q2,29726000.0,2885000.0,26841000.0,0.9029469152,91250000,0.0,0.0,14370000.0,0.0,105620000.0,108505000.0,0.0,0.0,6809000.0,-71970000.0,-2.4211128305,-79222000.0,-2.6650743457,1564000.0,-77658000.0,-2.6124604723,-1121000.0,-77658000.0,-2.6124604723,-0.72,-0.72,108523000,108523000,https://www.sec.gov/Archives/edgar/data/875320/000110465906053261/0001104659-06-053261-index.htm,https://www.sec.gov/Archives/edgar/data/875320/000110465906053261/a06-15580_110q.htm,0.2739142854510104,-0.7155902435428435,-0.5434976917335496,-0.6428222588759986,2.417376961565751,1.6125245339697576,1.6125245339697576,1.6125245339697576,1.6594823217198198,3983879330.0,4122541330.0,-12.825077036493342,134.02002724887305,-67.54398511410261,-57.10754332650048,22.76554509817367,22.76554509817367,138.6846979075557,-57.28138571627067,-69.89490573395273,-59.095215521566494,-0.0194930602980889,-0.0175108215438844,1.029120665615214,0.2879269934354206,-1.926663887730999,4.162312043040419,0.0,0.7595096448530737,0.0,0.0,0.0,3.0697032900491155,0.0,-0.1827506696958394,0.3626118549418018,1.5830518431487737,0.0,,-0.1510972060069609,-0.1241578440808469,-0.4643255346792845,343854000.0,174996000.0,2107000.0,403825000.0,103723500.0,7268000.0,0.0,556.0828903989774,258.20797227036394,0.0,0.1618463749809438,0.3485562401836414,0.0,-0.4437701433175615,0.099324567142449,2006-07-26,-0.52,bmo,21450000.0,2025-04-25,2006-06-30,0.3846153846153845,33.75228571428572,1916044.2857142857
2006-03-31,VRTX,USD,875320,2006-05-10,2006-05-10 16:20:04,2006,Q1,39087000.0,2995000.0,36092000.0,0.9233760585,75202000,0.0,0.0,12879000.0,0.0,88081000.0,91076000.0,0.0,0.0,6250000.0,-45739000.0,-1.1701844603,-52756000.0,-1.3497070637,2669000.0,-50087000.0,-1.2814234912,-1902000.0,-50087000.0,-1.2814234912,-0.47,-0.47,107440000,107440000,https://www.sec.gov/Archives/edgar/data/875320/000110465906033312/0001104659-06-033312-index.htm,https://www.sec.gov/Archives/edgar/data/875320/000110465906033312/a06-9722_110q.htm,0.3638030528667163,-0.4661857781087118,-0.5650409530900968,-0.634409903201787,3.1595215934475056,2.16783320923306,2.16783320923306,2.16783320923306,1.6762565152643336,3931229600.000001,4029499600.000001,-19.62200571006449,100.5763962442756,-64.7563681887066,-57.67564443009933,16.878604794944017,16.878604794944017,103.09053137871928,-88.09767594394282,-66.37510048099098,-59.11737797274102,-0.0127407974339631,-0.0173383411643013,0.7732405371985986,0.3432655177277388,-2.148494720041977,4.499446761426505,0.0,1.212051031205702,0.0,0.0,0.0,1.923964489472203,0.0,-0.1227680042169071,0.1906772072556092,1.19248,0.2078696241717195,,-0.1147172848867869,-0.0954659988030297,0.6100823715562175,287805000.0,232912000.0,78302000.0,343674000.0,22187000.0,6234500.0,0.0,54.75247524752475,188.08347245409013,0.0,1.6437613019891502,0.478510944240294,0.0,-0.2150468846603009,0.0693689501116902,2006-04-25,-0.56,bmo,46587234.0,2025-04-25,2006-03-31,-0.1607142857142858,36.63001451612903,1668999.741935484
2005-12-31,VRTX,USD,875320,2006-03-16,2006-03-16 16:51:23,2005,Q4,63756000.0,2783000.0,60973000.0,0.9563492063,68158000,0.0,0.0,12811000.0,0.0,80969000.0,83752000.0,0.0,0.0,6889000.0,-13107000.0,-0.2055806512,-26394000.0,-0.4139845662,26394000.0,165286000.0,2.5924775707,18135000.0,-38131000.0,-0.5980770437,-0.35,-0.35,107440000,107440000,https://www.sec.gov/Archives/edgar/data/875320/000104746906003585/0001047469-06-003585-index.htm,https://www.sec.gov/Archives/edgar/data/875320/000104746906003585/a2167642z10-k.htm,0.593410275502606,-0.3549050632911392,-0.0651805658972449,-0.1130398361876396,3.36147617274758,2.2261355174981383,2.2261355174981383,2.2261355174981383,1.6762565152643336,2972864800.0,3074916800.0,-19.491127953633526,46.62878474182822,-424.5130372697416,-244.7809633594072,12.429611666722415,12.429611666722415,48.22944977727587,-234.60111390859845,-439.0856490075682,-253.1837628653767,-0.0128263485107025,-0.0040852850085883,0.7529894303776299,0.3280467324106827,-7.786068513008316,3.841215845495446,0.0,0.1836563426083763,0.0,0.0,0.0,1.0690444820879603,0.0,-0.7342567471083821,0.0806512328251458,0.746407316011032,0.1181065311500094,,-0.0523628239258778,-0.0694556264321545,0.621567851824274,284812000.0,239176000.0,75233000.0,339345000.0,20679500.0,6335000.0,0.0,29.0725578769057,200.82644628099172,0.0,3.095702840495266,0.4481481481481481,0.0,-0.1594265310900759,0.0478592702903946,2006-02-07,-0.23,bmo,54885600.0,2025-04-25,2005-12-31,0.6521739130434782,24.90396825396825,1503680.7142857143
2005-09-30,VRTX,USD,875320,2005-11-09,2005-11-09 17:24:05,2005,Q3,36207000.0,2796000.0,33411000.0,0.9227773635,63590000,0.0,0.0,10738000.0,0.0,74328000.0,77124000.0,0.0,0.0,7029000.0,-33888000.0,-0.9359516116,-42482000.0,-1.1733090286,-37096000.0,-79578000.0,-2.1978622918,38661000.0,-79578000.0,-2.1978622918,-0.84,-0.84,94590000,94590000,https://www.sec.gov/Archives/edgar/data/875320/000110465905054164/0001104659-05-054164-index.htm,https://www.sec.gov/Archives/edgar/data/875320/000110465905054164/a05-18511_110q.htm,0.3827783063748811,-0.8412940057088487,-0.5953166296648694,-0.6421926207844381,4.219949254678085,1.409366740670261,1.409366740670261,1.409366740670261,3.113933819642668,2114086500.0,2307014500.0,-6.641554512553721,58.38888888888889,-37.54304665163112,-34.80264219277307,15.858186059769563,15.858186059769563,63.71736128372967,-68.07762334749764,-40.96916233062811,-37.97867314182237,-0.0376417899646017,-0.028733450594382,2.209456012962074,0.5349807019933706,-5.693106704438149,3.483572777276086,0.0,0.7076201965367312,0.0,0.0,0.0,1.7562902201231807,0.0,-0.078741276127222,0.1224625072499792,0.6308151941954759,0.0252713563675532,,-0.1472154381519348,-0.1445361667347773,-0.0266941537160376,302524000.0,133312000.0,7071000.0,358651000.0,17352500.0,7944500.0,0.0,51.61322396221725,207.93991416309007,0.0,1.7437391639375843,0.4328173374613003,0.0,-0.5969305088814211,0.0468759911195686,2005-10-26,-0.47,bmo,28599675.0,2025-04-25,2005-09-30,0.7872340425531915,17.571875,1294871.203125
2005-06-30,VRTX,USD,875320,2005-08-09,2005-08-09 16:49:12,2005,Q2,32321000.0,2489000.0,29832000.0,0.9229912441,59357000,0.0,0.0,10814000.0,0.0,70171000.0,72660000.0,0.0,0.0,6531000.0,-38596000.0,-1.1941462207,-38596000.0,-1.1941462207,-2392000.0,-40988000.0,-1.2681538319,649000.0,-40988000.0,-1.2681538319,-0.5,-0.5,82274000,82274000,https://www.sec.gov/Archives/edgar/data/875320/000110465905037949/0001104659-05-037949-index.htm,https://www.sec.gov/Archives/edgar/data/875320/000110465905037949/a05-14130_110q.htm,0.3928458565281863,-0.4981889782920485,-0.6552495320514379,-0.7056178136470816,5.428276247660257,1.4944940078275033,1.4944940078275033,1.4944940078275033,4.071723752339743,1386316900.0,1526618900.0,-8.455626646823461,42.89214133226075,-25.71539417547765,-23.879782616184933,11.274719009743166,11.274719009743166,47.2330342501779,-39.55381127577987,-28.317916898534595,-26.29653253867089,-0.0295661114713381,-0.041876428109619,2.7244831568503067,0.5612251906926251,-3.635143538190486,3.372153696751844,0.0,1.315263003805992,0.0,0.0,0.0,1.8364840196776089,0.0,-0.0768688554999072,0.128213854769345,0.6345123258306538,0.0,,-0.0854340225029086,-0.0686677734908352,-0.2052075989984685,327324000.0,122958000.0,-8635000.0,385820000.0,12403500.0,8951500.0,0.0,38.81965285727545,340.94415427882683,0.0,2.318413313248691,0.2639728497189522,0.0,-0.3333495990500821,0.0503682815956438,2005-07-27,-0.51,bmo,32946000.0,2025-04-25,2005-06-30,-0.0196078431372549,12.27671875,1755182.75
2005-03-31,VRTX,USD,875320,2005-05-09,2005-05-09 17:16:09,2005,Q1,28606000.0,2030000.0,26576000.0,0.9290358666,57435000,0.0,0.0,9627000.0,0.0,67062000.0,69092000.0,0.0,0.0,6840000.0,-33646000.0,-1.176186814,-42400000.0,-1.4822065301,-2320000.0,-44720000.0,-1.5633083968,4234000.0,-44720000.0,-1.5633083968,-0.56,-0.56,79428000,79428000,https://www.sec.gov/Archives/edgar/data/875320/000104746905013999/0001047469-05-013999-index.htm,https://www.sec.gov/Archives/edgar/data/875320/000104746905013999/a2156938z10-q.htm,0.360150073022108,-0.5630256332779372,-0.6903107216598681,-0.7310897920128921,4.209246109684242,-0.1069018482147353,-0.1069018482147353,-0.1069018482147353,4.217618472075339,743446080.0,1041072080.0,-4.156116279069767,25.98916590924981,-13.559111435345612,-12.802804938951937,-87.55695206689435,-87.55695206689435,36.39348668111585,-30.94192712358081,-18.98727120189677,-17.92819025641909,-0.0601523112476428,-0.0781078837620611,-39.45318572606289,0.6918152361795762,-8.845806336563038,2.3623951352190438,0.0,1.2260733452593915,0.0,0.0,0.0,2.00779556736349,0.0,-0.059073499908809,0.1132279941271062,0.4735380116959064,0.0501643011955533,,-0.1381124526078537,-0.0923529982714789,-1.8915055144281616,201862000.0,-8491000.0,-142691000.0,262562000.0,11378500.0,7567000.0,0.0,34.18653429350486,375.6945812807882,0.0,2.6326154978833056,0.2395562898277083,0.0,5.266753032622777,0.0407790703530241,2005-04-26,-0.56,bmo,28600000.0,2025-04-25,2005-03-31,-0.0,10.63844262295082,615981.3114754099
2004-12-31,VRTX,USD,875320,2005-03-16,2005-03-16 14:42:31,2004,Q4,39835000.0,2009000.0,37826000.0,0.9495669637,54247000,0.0,0.0,11657000.0,0.0,65904000.0,67913000.0,0.0,0.0,8023000.0,-20055000.0,-0.5034517384,-40436000.0,-1.0150872348,4964000.0,-35472000.0,-0.890473202,14691000.0,-42769000.0,-1.073653822,-0.54,-0.54,79075000,79428000,https://www.sec.gov/Archives/edgar/data/875320/000104746905006705/0001047469-05-006705-index.htm,https://www.sec.gov/Archives/edgar/data/875320/000104746905006705/a2152583z10-k.htm,0.5037622510275055,-0.5408662662029718,-0.2989819791337338,-0.3470882073980398,4.961365791969649,0.4481947518178944,0.4481947518178944,0.4481947518178944,4.236446411634525,835822750.0,1115813750.0,-4.885680925436648,20.98211999497929,-35.35330132814482,-30.453353858485755,23.58349792613075,23.58349792613075,28.010888665746204,-55.63768386935927,-47.19625031723204,-40.65487684908548,-0.0511699400381241,-0.0328371057141002,9.452244575491662,0.6141629067949026,-13.961156818748442,2.6453673290188298,0.0,0.5527835581846665,0.0,0.0,0.0,1.3617923936236978,0.0,-0.1609000930547331,0.0954939123886029,0.4741368565374548,0.0,,-0.1459834329451975,-0.0784100554951572,-1.375576983876067,252967000.0,35441000.0,-103300000.0,317192000.0,10185500.0,8082000.0,0.0,26.86557047822267,298.3573917371827,0.0,3.350012614582458,0.3016516516516516,0.0,-1.206766174769335,0.048106228264306,2005-02-09,-0.44,bmo,32429629.0,2025-04-25,2004-12-31,0.2272727272727273,10.8859375,597953.984375
2004-09-30,VRTX,USD,875320,2004-11-09,2004-11-09 17:11:11,2004,Q3,26828000.0,1466000.0,25362000.0,0.9453555986,48790000,0.0,0.0,10600000.0,0.0,59390000.0,60856000.0,0.0,0.0,7208000.0,-26820000.0,-0.9997018041,-35589000.0,-1.3265618011,-3182000.0,-38771000.0,-1.4451692262,4743000.0,-38771000.0,-1.4451692262,-0.49,-0.49,78742000,78742000,https://www.sec.gov/Archives/edgar/data/875320/000104746904033612/0001047469-04-033612-index.htm,https://www.sec.gov/Archives/edgar/data/875320/000104746904033612/a2145707z10-q.htm,0.3407076274415179,-0.4923801783038277,-0.5546595209672094,-0.5779126768433619,5.313898554773818,0.94384191409921,0.94384191409921,0.94384191409921,4.059942597343222,826791000.0,1109442000.0,-5.3312462923318975,30.81821231549128,-18.93053234115627,-18.168834878917067,11.12474434876211,11.12474434876211,41.353884001789176,-41.3662192393736,-25.402220950200345,-24.38012569771019,-0.0468933503146502,-0.0550393025565106,4.301506996770721,0.5565967107851842,-10.538814317673378,3.2193743212888446,0.0,1.1264862913001985,0.0,0.0,0.0,1.8186223348740125,0.0,-0.0419232970807097,0.0682495899806172,0.254023307436182,0.0,,-0.0898388996882011,-0.067502724762432,-0.955716136242412,298386000.0,74320000.0,-67210000.0,366565000.0,9209500.0,8659500.0,0.0,28.447890263903385,583.4652114597544,0.0,3.163679245283019,0.1542508417508417,0.0,-0.5216765339074273,0.0232531558761525,2004-10-25,-0.48,bmo,26253061.0,2025-04-25,2004-09-30,0.0208333333333333,9.76,592959.625
2004-06-30,VRTX,USD,875320,2004-08-09,2004-08-09 14:39:05,2004,Q2,18541000.0,1328000.0,17213000.0,0.9283749528,47450000,0.0,0.0,10160000.0,0.0,57610000.0,58938000.0,0.0,0.0,7284000.0,-33113000.0,-1.7859338763,-42234000.0,-2.277870665,-2035000.0,-44269000.0,-2.3876274203,3872000.0,-44269000.0,-2.3876274203,-0.56,-0.56,78807000,78807000,https://www.sec.gov/Archives/edgar/data/875320/000104746904025791/0001047469-04-025791-index.htm,https://www.sec.gov/Archives/edgar/data/875320/000104746904025791/a2141073z10-q.htm,0.2352709784663799,-0.5617394393899019,-0.2914842590125243,-0.3420381438197114,5.841714568502798,1.3995330364053955,1.3995330364053955,1.3995330364053955,4.093709949623764,854267880.0,1113188880.0,-4.824300752219386,46.074531039318266,-37.18897218231683,-31.692371730662217,7.745440599131404,7.745440599131404,60.03931179548029,-33.61788059070456,-48.46061904140003,-41.29804785754035,-0.0518209814935333,-0.0315533343007113,2.9250541738822955,0.5169657608112157,-7.819315676622475,3.450065841645386,0.0,0.5188958413336646,0.0,0.0,0.0,2.5591931395286123,0.0,-0.1734360715684994,0.2148751415781241,0.5469522240527183,0.0,,-0.0934848972034322,-0.0709381124299135,-0.5828892103493345,336764000.0,110293000.0,-39543000.0,409990000.0,8938000.0,7778000.0,0.0,48.2449706056847,529.6310240963855,0.0,1.8654794244893853,0.1699296225207933,0.0,-0.4013763339468507,0.0505538848071871,2004-07-26,-0.51,bmo,16848214.0,2025-04-25,2004-06-30,0.0980392156862745,9.241290322580646,847947.3387096775
2004-03-31,VRTX,USD,875320,2004-05-10,2004-05-10 15:39:04,2004,Q1,17513000.0,846000.0,16667000.0,0.951693028,41675000,0.0,0.0,9722000.0,0.0,51397000.0,52243000.0,0.0,0.0,7125000.0,-27605000.0,-1.5762576372,-36548000.0,-2.0869068692,-3890000.0,-40438000.0,-2.3090275795,5708000.0,-40438000.0,-2.3090275795,-0.52,-0.52,78094000,78094000,https://www.sec.gov/Archives/edgar/data/875320/000104746904016647/0001047469-04-016647-index.htm,https://www.sec.gov/Archives/edgar/data/875320/000104746904016647/a2135396z10-q.htm,0.2242553845365841,-0.5178118677491228,-0.6642251645452916,-0.7010525776628166,6.665992265731042,2.011627013598996,2.011627013598996,2.011627013598996,4.034061515609394,735645480.0,997674480.0,-4.547983827093328,42.00568035173871,-14.18193784700802,-13.436937970336816,4.682776646127209,4.682776646127209,56.96765145891624,-36.14107879007426,-19.233391425046268,-18.223030612990428,-0.0549694127122211,-0.074421717373972,2.00537251107603,0.4707735344925491,-9.49208476725231,4.414415756372062,0.0,1.2827538453929472,0.0,0.0,0.0,2.37966082338834,0.0,-0.0554441702652683,0.1642208645006566,0.4036491228070175,0.0444241420658939,,-0.076054205703542,-0.0604284595659216,0.1848381437754501,412598000.0,157096000.0,21346000.0,488768000.0,7630500.0,10023500.0,0.0,40.78855707188946,823.5106382978723,0.0,2.2065011969257906,0.1092882056581837,0.0,-0.2574094821001171,0.036827413117525,2004-04-26,-0.52,bmo,17500000.0,2025-04-25,2004-03-31,-0.0,10.143306451612904,955785.9516129032
2003-12-31,VRTX,USD,875320,2004-03-15,2004-03-15 16:14:56,2003,Q4,10604000.0,-4230000.0,14834000.0,1.3989060732,45772000,0.0,0.0,7454000.0,69683000.0,122909000.0,118679000.0,0.0,0.0,5821000.0,-102254000.0,-9.6429649189,-109475000.0,-10.3239343644,-62081000.0,111607000.0,10.5249905696,-67046000.0,-41029000.0,-3.8692003018,-0.53,-0.53,77766000,78094000,https://www.sec.gov/Archives/edgar/data/875320/000104746904007993/0001047469-04-007993-index.htm,https://www.sec.gov/Archives/edgar/data/875320/000104746904007993/a2129731z10-k.htm,0.136357791322686,-0.527595607334825,-0.3690687446956253,-0.4185762415451483,7.498958413702646,2.4798112285574674,2.4798112285574674,2.4798112285574674,4.441375408276111,804878100.0,1052107100.0,-4.904324380316361,75.90325348924934,-28.04355597365945,-24.72667813584836,4.173704788820037,4.173704788820037,99.21794605809129,-10.28915348054844,-36.65750670708338,-32.32180578169641,-0.0509754209985338,-0.0404421489415602,1.7910135082579273,0.4767845877547414,-2.4177929469751795,4.269927445044475,0.0,0.699529601013917,0.0,0.0,0.0,4.316484345529989,0.0,-0.1341416675377164,0.3630705394190871,0.6613983851571895,0.0,,-0.2970153378544956,-0.0566377374170187,0.7341383123730165,454739000.0,192845000.0,62240000.0,534822000.0,7587000.0,10187500.0,1714000.0,62.16144850999623,-261.82978723404256,0.0,1.4478427089022392,-0.3437347635299854,0.0,-0.212756358733698,0.0495074968495229,2004-02-11,-0.54,bmo,22658823.0,2025-04-25,2003-12-31,-0.0555555555555556,10.895921875,955555.765625
2003-09-30,VRTX,USD,875320,2003-11-14,2003-11-14 15:51:52,2003,Q3,18352000.0,1651000.0,16701000.0,0.9100370532,50035000,0.0,0.0,9974000.0,-451000.0,59558000.0,61209000.0,0.0,0.0,2906000.0,-85251000.0,-4.6453247602,-85251000.0,-4.6453247602,-1170000.0,-86421000.0,-4.7090780296,43564000.0,-86421000.0,-4.7090780296,-1.12,-1.12,77067000,77067000,https://www.sec.gov/Archives/edgar/data/875320/000110465903026672/0001104659-03-026672-index.htm,https://www.sec.gov/Archives/edgar/data/875320/000110465903026672/a03-5386_110q.htm,0.2381304579132443,-1.1213749075479778,-0.6297377606498242,-0.6118182879831835,7.7283921782345235,3.001051033516291,3.001051033516291,3.001051033516291,4.48095812734374,947924100.0,1215809100.0,-2.7421694379838235,51.65235941586748,-19.53193975109206,-20.104008398549343,4.098564090590708,4.098564090590708,66.24940605928509,-14.261523031987895,-25.05169990933817,-25.785436151937397,-0.0911686916705672,-0.049741324226275,1.4931295993635476,0.464986077374252,-3.142309181123975,5.09305236803672,0.0,0.5615764686823804,0.0,0.0,0.0,2.7264058413251964,0.0,-0.0284554520728591,0.0752506538796861,0.475223675154852,0.0,,-0.204281767668097,-0.1163643365343703,1.191320539271024,490450000.0,231282000.0,98881000.0,572479000.0,8785000.0,8668000.0,3876500.0,38.497166521360064,439.8606904906117,186.86856450635972,2.3378343949044584,0.2046102367083901,0.4816219369894982,-0.3736607258671232,0.0179194726666407,2003-11-10,-0.49,bmo,13348275.0,2025-04-25,2003-09-30,0.183673469387755,13.982343765625,596380.4375
2003-06-30,VRTX,USD,875320,2003-08-14,2003-08-14 16:14:00,2003,Q2,17576000.0,1538000.0,16038000.0,0.9124943104,50712000,0.0,0.0,10202000.0,44131000.0,105045000.0,106583000.0,0.0,0.0,7462000.0,-81545000.0,-4.6395653163,-89007000.0,-5.0641215294,-921000.0,-89928000.0,-5.1165225307,-44131000.0,-45797000.0,-2.6056554392,-0.6,-0.6,76764000,76764000,https://www.sec.gov/Archives/edgar/data/875320/000110465903018700/0001104659-03-018700-index.htm,https://www.sec.gov/Archives/edgar/data/875320/000110465903018700/a03-2730_110q.htm,0.2289614923662133,-0.5965947579594602,-0.5252201552811213,-0.6286931374081601,8.251211505393153,4.084167057474858,4.084167057474858,4.084167057474858,4.439281434005523,1123057320.0,1330424320.0,-6.130627115313231,63.89720755575785,-27.85498586239397,-23.270494187853547,3.5821257539463573,3.5821257539463573,75.69551206190259,-16.31521638359188,-32.998271739669626,-27.5672762686227,-0.0407788624715967,-0.0429728733703458,1.0869490330667877,0.4327568778446033,-2.54297627077074,7.50386611342911,0.0,0.448336446935326,0.0,0.0,0.0,2.885298133818844,0.0,-0.1970087801974304,0.4519230769230769,1.0644599303135889,0.0,,-0.0643474731992476,-0.0581581701072821,2.200373873169715,562721000.0,313517000.0,175303000.0,648802000.0,10822500.0,9633500.0,4455000.0,49.77241693218025,542.2821846553966,253.0884265279584,1.808230452674897,0.1659652530484515,0.3556069364161849,-0.1460750134761432,0.1034729821270387,2003-07-24,-0.61,bmo,16266666.0,2025-04-25,2003-06-30,-0.0163934426229508,13.275714285714283,774565.0793650794
2003-03-31,VRTX,USD,875320,2003-05-15,2003-05-15 16:23:37,2003,Q1,22609000.0,3515000.0,19094000.0,0.844530939,53117000,0.0,0.0,11452000.0,-64681000.0,-112000.0,3403000.0,0.0,0.0,7249000.0,19206000.0,0.8494847185,19206000.0,0.8494847185,1405000.0,20611000.0,0.9116281127,-1405000.0,20611000.0,0.9116281127,0.27,0.27,76411000,76411000,https://www.sec.gov/Archives/edgar/data/875320/000091205703000195/0000912057-03-000195-index.htm,https://www.sec.gov/Archives/edgar/data/875320/000091205703000195/a2109455z10-q.htm,0.2958867178809333,0.2697386501943437,-0.6552983209223803,-0.746109853293374,8.900407009461988,5.238368821243014,5.238368821243014,5.238368821243014,4.317401944746175,851218540.0,1000342540.0,10.32480883993984,37.649543986907865,-16.99989095702189,-14.930777218431531,2.1266162006050933,2.1266162006050933,44.245324428325006,52.08489742788712,-19.978082361399583,-17.546482959428882,0.0242135233567633,-0.0669757498468019,0.8241882334130297,0.3925915083314887,7.764448609809435,12.399406654705016,0.0,-2.4293823686381057,0.0,0.0,0.0,2.3493741430403823,0.0,-0.138580444160409,0.3069131761687823,0.9572354807559664,0.0353399088858419,5.638464954125377,0.0261211000992468,0.0245279695729888,3.2886397246469747,641684000.0,400269000.0,257938000.0,729030000.0,12562500.0,13372500.0,4467000.0,47.47003405723384,256.045519203414,117.3968705547653,1.8959329140461216,0.3515,0.7666303162486369,0.0514928710442227,0.0908115323709937,2003-04-24,-0.48,bmo,12000000.0,2025-04-25,2003-03-31,0.3333333333333334,12.930163950819672,690931.1475409836
2002-12-31,VRTX,USD,875320,2003-03-31,2003-03-31 15:42:42,2002,Q4,43784000.0,6601000.0,37183000.0,0.8492371643,58828000,0.0,0.0,12019000.0,0.0,70847000.0,77448000.0,0.0,0.0,7297000.0,-26367000.0,-0.6022062854,-33664000.0,-0.7688653389,-52488000.0,33452000.0,0.7640233875,-43086000.0,-32083000.0,-0.732756258,-0.42,-0.42,76196000,76411000,https://www.sec.gov/Archives/edgar/data/875320/000104746903011252/0001047469-03-011252-index.htm,https://www.sec.gov/Archives/edgar/data/875320/000104746903011252/a2105571z10-k.htm,0.574623339807864,-0.4210588482335031,-0.1768596776733687,-0.3154758779988451,8.333560816840778,4.968515407632947,4.968515407632947,4.968515407632947,4.306512152868917,1207706600.0,1427747600.0,-9.410798553751206,27.58328613192033,-89.61907094093202,-50.2415591979366,3.190087722310417,3.190087722310417,32.60888909190572,-54.149034778321386,-105.94743247254378,-59.39544055245861,-0.0265652270178866,-0.0199038408832078,0.8667603498326646,0.402269160986613,-8.345318011150301,10.16412526897534,0.0,0.4200355328367048,0.0,0.0,0.0,1.3435958340946463,0.0,-0.7837637281092312,0.2412296729398867,1.447444155132246,0.0,,-0.102245074304093,-0.0393308978571078,2.754993700456717,591975000.0,378581000.0,219433000.0,687966000.0,13150000.0,14457500.0,4301000.0,27.13319934222547,228.30631722466296,59.29556127859416,3.316969696969697,0.3942072260376231,1.5178201885490918,-0.0847454045501491,0.1386162003254764,2003-02-04,-0.4,bmo,26100000.0,2025-04-25,2002-12-31,-0.0,17.894843625,607970.3125
2002-09-30,VRTX,USD,875320,2002-11-14,2002-11-14 17:25:45,2002,Q3,34276000.0,6577000.0,27699000.0,0.8081164663,50622000,0.0,0.0,12928000.0,35585000.0,63550000.0,70127000.0,0.0,0.0,6572000.0,-29279000.0,-0.8542128603,-35851000.0,-1.0459505193,2399000.0,-33452000.0,-0.9759598553,0.0,-33452000.0,-0.9759598553,-0.44,-0.44,75979000,75979000,https://www.sec.gov/Archives/edgar/data/875320/000104746902003133/0001047469-02-003133-index.htm,https://www.sec.gov/Archives/edgar/data/875320/000104746902003133/a2092427z10-q.htm,0.4511246528646073,-0.440279550928546,-0.2406717645665249,-0.4038615933350004,8.572816172889878,5.372708248331776,5.372708248331776,5.372708248331776,4.268047750036194,1404851710.0,1625539710.0,-10.499011344613177,40.98645437040495,-76.82662747457071,-45.78301156917061,3.441467346703804,3.441467346703804,47.42501196172249,-55.518962737798425,-88.89531390134529,-52.9750598012058,-0.0238117658695806,-0.0218421629710654,0.7943941030785399,0.390198647765709,-7.537415895351617,11.45902224943866,0.0,0.5466339830204472,0.0,0.0,0.0,1.4768934531450577,0.0,-0.6780597178169091,0.3617399929980161,1.8866402921485088,0.0,,-0.0462444372782973,-0.0402517721151913,3.164683662590979,614865000.0,408213000.0,250797000.0,707256000.0,15578000.0,10967000.0,4400500.0,34.39724588633446,166.5348943287213,58.19826668693933,2.616488549618321,0.5404272801972062,1.54643780860569,-0.0819474147075178,0.1631898287684755,2002-11-04,-0.3,bmo,30162879.0,2025-04-25,2002-09-30,0.4666666666666667,18.441874921875,839765.625
2002-06-30,VRTX,USD,875320,2002-08-14,2002-08-14 16:04:51,2002,Q2,42330000.0,6462000.0,35868000.0,0.8473423104,46546000,0.0,0.0,13348000.0,0.0,59894000.0,66356000.0,0.0,0.0,6281000.0,-17745000.0,-0.4192062367,-24026000.0,-0.5675879991,0.0,0.0,0.0,-3007000.0,-21019000.0,-0.4965509095,-0.28,-0.28,75660000,75660000,https://www.sec.gov/Archives/edgar/data/875320/000091205702032132/0000912057-02-032132-index.htm,https://www.sec.gov/Archives/edgar/data/875320/000091205702032132/a2086233z10-q.txt,0.5594766058683585,-0.2778086174993391,-0.2312450436161776,-0.3428760243193233,8.985527359238699,5.771609833465504,5.771609833465504,5.771609833465504,4.298823684906159,1162894200.0,1362875200.0,-13.831464389362004,27.47210489014883,-66.46628943758573,-44.826698018657005,2.6630351744984884,2.6630351744984884,32.196437514764945,-76.80333615102846,-77.89638774577047,-52.535471436280936,-0.0180747311320324,-0.0223081343083489,0.7448222955024274,0.3779881786085343,-11.269709777402085,11.36062678611566,0.0,0.8323897426138256,0.0,0.0,0.0,1.0995983935742972,0.0,-0.4827389117512574,0.1995275218521143,1.3446903359337683,0.0,,,-0.0244272342917973,3.5932725350251125,645322000.0,436680000.0,283814000.0,731544000.0,16199000.0,10338500.0,4863000.0,38.38979447200567,135.98885793871867,63.34261838440111,2.344373061586176,0.6618189266693978,1.420844327176781,-0.0481336447742053,0.1116309807031456,2002-07-18,-0.28,bmo,42330000.0,2025-04-25,2002-06-30,-0.0,21.11984378125,991771.875
2002-03-31,VRTX,USD,875320,2002-05-15,2002-05-15 12:40:32,2002,Q1,40695000.0,8641000.0,32054000.0,0.7876643322,47022000,0.0,0.0,11095000.0,0.0,58117000.0,66758000.0,0.0,0.0,5282000.0,-20781000.0,-0.5106524143,-26063000.0,-0.6404472294,0.0,0.0,0.0,-3996000.0,-22067000.0,-0.5422533481,-0.29,-0.29,75161000,75161000,https://www.sec.gov/Archives/edgar/data/875320/000091205702020567/0000912057-02-020567-index.htm,https://www.sec.gov/Archives/edgar/data/875320/000091205702020567/a2079803z10-q.txt,0.541437713707907,-0.293596413033355,-0.4028818137065765,-0.5334282407099427,9.300435066058196,5.98859781003446,5.98859781003446,5.98859781003446,4.340801745586142,2134572400.0,2284602400.0,-24.182856754429693,52.452940164639394,-70.49213698358706,-53.24052577756716,4.74234552075164,4.74234552075164,56.13963386165376,-109.93707713777007,-75.44672897196261,-56.98257551193476,-0.0103379018673716,-0.0187826845320402,0.7248444265722302,0.3726502267249946,-7.21957557384149,11.042198727630556,0.0,1.3722300267367562,0.0,0.0,0.0,1.1554736454109842,0.0,-0.3240315709520822,0.2411107015603882,1.857629685725104,0.0,,,-0.0252047378099621,3.8181304133792793,658236000.0,450109000.0,298382000.0,742864000.0,17303500.0,11270500.0,5907000.0,31.718392922963503,113.66392778613589,53.93125795625507,2.837470366754985,0.7918079354897828,1.6687910390112013,-0.0490259026146999,0.1305464270033661,2002-04-24,-0.28,bmo,39241607.0,2025-04-25,2002-03-31,0.0357142857142855,23.303500116666665,844938.3333333334
2001-12-31,VRTX,USD,875320,2002-04-01,2002-04-01 00:00:00,2001,Q4,51525000.0,9670000.0,41855000.0,0.8123241145,44625000,0.0,0.0,10393000.0,0.0,55018000.0,64688000.0,0.0,0.0,5724000.0,-7439000.0,-0.1443765163,-15524000.0,-0.3012906356,-4000000.0,-19524000.0,-0.378922853,-9903000.0,-3260000.0,-0.0632702572,-0.0434,-0.0434,74896000,75161000,https://www.sec.gov/Archives/edgar/data/875320/000091205702012962/0000912057-02-012962-index.htm,https://www.sec.gov/Archives/edgar/data/875320/000091205702012962/a2074399z10-k.txt,0.6879539628284554,-0.0435270241401409,0.5642090365306558,0.4076185644093142,9.92312005981628,6.346814249092074,6.346814249092074,6.346814249092074,4.374132129886776,1841692640.0,1980092640.0,-141.23409815950922,35.74367083939835,43.58313746834844,60.32600609256773,3.874384696781957,3.874384696781957,38.42974556040757,-266.1772603844603,46.85833447712805,64.85940056994988,-0.0017701107824376,0.0165765987966374,0.6891854650563478,0.3541174168847439,-18.6046511627907,8.476969624152131,0.0,-12.962269938650309,0.0,0.0,0.0,0.86608442503639,0.0,0.2775398158884918,0.2276176613294517,2.048916841369671,0.0,,-0.0091270341034538,-0.0035238252744746,4.164958742790002,684539000.0,475351000.0,326312000.0,764916000.0,28095000.0,9002500.0,4999000.0,35.39737991266376,108.22337125129266,61.76215098241986,2.5425610658771283,0.8316133470932232,1.4572031344183245,-0.006858090127085,0.1565904721213415,2002-02-07,-0.19,bmo,62372368.0,2025-04-25,2001-12-31,-0.2105263157894737,24.11609371875,823068.75
2001-09-30,VRTX,USD,875320,2001-11-14,2001-11-14 00:00:00,2001,Q3,40368000.0,10663000.0,29705000.0,0.7358551328,38116000,0.0,0.0,11991000.0,0.0,50107000.0,60770000.0,0.0,0.0,6658000.0,-13744000.0,-0.3404676972,-36153000.0,-0.8955856124,6924000.0,-29229000.0,-0.7240636147,26576000.0,-46978000.0,-1.1637435593,-0.63,-0.63,74682000,74682000,https://www.sec.gov/Archives/edgar/data/875320/000091205701539867/0000912057-01-539867-index.htm,https://www.sec.gov/Archives/edgar/data/875320/000091205701539867/a2063247z10-q.txt,0.5405318550654776,-0.6290404649045286,-0.5230175946011087,-0.8171714737152191,5.113226748078519,6.377534077823304,6.377534077823304,6.377534077823304,4.80366085536006,1273328025.318,1436124025.318,-6.7761932464025705,31.54300498706897,-32.59928380230414,-20.864652705610546,2.673446945471953,2.673446945471953,35.57580324311336,-104.4909797233702,-36.76712814434204,-23.53221513597037,-0.0368938710732199,-0.0479279484834702,0.7532160231121152,0.388940446892245,-11.84487776484284,4.661886004047966,0.0,0.930088579864749,0.0,0.0,0.0,0.944213238208482,0.0,-0.5624167946748592,0.5441934205311137,3.299489336136978,0.0,,-0.0826607492355803,-0.0509318386330865,-0.4765840497040786,336520000.0,476287000.0,-17665000.0,411584000.0,22169500.0,6369500.0,1681000.0,80.09438168846611,53.82443965113008,28.376629466379068,1.1236743215031315,1.672102869687941,3.171624033313504,-0.0986338069273358,0.2941538791141105,2001-10-24,-0.27,bmo,60600000.0,2025-04-25,2001-09-30,-0.3333333333333334,36.30847425423729,1124586.440677966
2001-06-30,VRTX,USD,875320,2001-08-14,2001-08-14 00:00:00,2001,Q2,21443000.0,921000.0,20522000.0,0.9570489204,27794000,0.0,0.0,10176000.0,0.0,37970000.0,38891000.0,0.0,0.0,3059000.0,-14389000.0,-0.6710348365,-17448000.0,-0.813692114,5341000.0,-12107000.0,-0.5646131605,-5667000.0,-12107000.0,-0.5646131605,-0.2,-0.2,60337000,60337000,https://www.sec.gov/Archives/edgar/data/875320/000091205701528534/0000912057-01-528534-index.htm,https://www.sec.gov/Archives/edgar/data/875320/000091205701528534/a2056396z10-q.txt,0.3553872416593466,-0.2006563137046919,-0.0455276198684057,-0.2138654556905381,5.304009148615277,6.320317549762169,6.320317549762169,6.320317549762169,5.778361536039246,2986681500.0,3166803500.0,-61.672617081027504,139.28468497878094,-1087.2520931925735,-231.45392901425916,7.831884966264497,7.831884966264497,147.68472228699343,-220.0850302314268,-1152.822533673098,-245.41254649721017,-0.004053662903125,-0.0043205142563745,0.9142517746211476,0.454660330658265,-12.518034609771354,8.50597137856481,0.0,0.2268935326670521,0.0,0.0,0.0,1.296180571748356,0.0,-3.69748816891154,0.4736743925756657,3.320366132723112,0.0,,-0.0127137394590571,-0.0157882931638398,-0.9802691549132372,291622000.0,381349000.0,-55011000.0,335156000.0,8014500.0,4479000.0,0.0,35.31502121904584,621.6938110749186,0.0,2.548490610886617,0.1447657969192078,0.0,-0.0317478215492895,0.1683378358221323,2001-07-27,-0.26,bmo,65975000.0,2025-04-25,2001-06-30,-0.3846153846153846,40.97734163492064,1137860.3174603174
2001-03-31,VRTX,USD,875320,2001-05-15,2001-05-15 00:00:00,2001,Q1,19057000.0,837000.0,18220000.0,0.956079131,26119000,0.0,0.0,7496000.0,0.0,33615000.0,34452000.0,0.0,0.0,2523000.0,-12872000.0,-0.6754473422,-15395000.0,-0.807839639,0.0,0.0,0.0,-6525000.0,-8870000.0,-0.465445768,-0.15,-0.15,60011000,60011000,https://www.sec.gov/Archives/edgar/data/875320/000091205701516059/0000912057-01-516059-index.htm,https://www.sec.gov/Archives/edgar/data/875320/000091205701516059/a2048613z10-q.txt,0.3175584476179367,-0.1478062355234873,-0.1420406258852543,-0.3094432687340654,5.387945543317058,6.510573061605372,6.510573061605372,6.510573061605372,5.818133342220593,2197902875.0,2324392875.0,-61.9476571307779,115.33309938605235,-257.84876525105585,-118.35772078621432,5.625464863605883,5.625464863605883,121.97055543894632,-180.57744522995648,-272.6880425856405,-125.16924474959612,-0.004035665133747,-0.0084489629688482,0.8936438140187251,0.4537128481282422,-9.826755748912367,10.456764558232932,0.0,0.9609921082299888,0.0,0.0,0.0,1.3705724930471743,0.0,-1.178554669169404,0.5271553759773312,3.981767736821245,0.0,,,-0.011526306487998,-0.8296937228174834,301406000.0,390706000.0,-45560000.0,337469000.0,20760500.0,5517000.0,0.0,35.96316314215249,279.13978494623655,0.0,2.502560735390676,0.3224191063174114,0.0,-0.0227024924111736,0.167402642848811,2001-04-24,-0.31,bmo,26003583.0,2025-04-25,2001-03-31,-0.5161290322580645,51.64818548387097,1146540.322580645
2000-12-31,VRTX,USD,875320,2001-03-26,2001-03-26 00:00:00,2000,Q4,19704000.0,7362000.0,12342000.0,0.6263702801,25145000,0.0,0.0,7997000.0,-6399000.0,26743000.0,34105000.0,0.0,0.0,2696000.0,-11705000.0,-0.5940418189,-14401000.0,-0.7308668291,-157000.0,-14558000.0,-0.7388347544,-3147000.0,-11254000.0,-0.5711530654,-0.19,-0.19,59612816,60011000,https://www.sec.gov/Archives/edgar/data/875320/000091205701008116/0000912057-01-008116-index.htm,https://www.sec.gov/Archives/edgar/data/875320/000091205701008116/a2042395z10-k.txt,0.3305329511694264,-0.1887849082653636,-0.2318796682914627,-0.3293587070270258,6.518715707038567,6.4901647994619145,6.4901647994619145,6.4901647994619145,5.866020487943398,4262316344.0,4289916344.0,-94.68447538652924,216.31731343889567,-308.3495872097229,-217.0885374350616,11.01666940813705,11.01666940813705,217.7180442549736,-366.5028914139257,-310.3462594227013,-218.4942621982276,-0.0026403483673477,-0.0046064154828954,0.9038322861123244,0.4524499890668809,-2.357966680905596,10.426055700654237,0.0,1.228274391327528,0.0,0.0,0.0,1.27613682501015,0.0,-0.4203863126672936,0.2949147381242387,2.1554154302670625,0.0,,-0.0159412546591937,-0.0145611031969992,0.4704441407364483,364515000.0,386897000.0,17202000.0,392664000.0,20496500.0,19912500.0,0.0,154.86906211936662,103.15403422982884,0.0,0.5811360821093612,0.8724816307181796,0.0,-0.0290878450853844,0.0974790387355631,2001-02-22,-0.14,bmo,30400457.0,2025-04-25,2000-12-31,-0.7142857142857143,76.31522817460318,1306217.4603174604
2000-09-30,VRTX,USD,875320,2000-11-13,2000-11-13 00:00:00,2000,Q3,13866000.0,-1167000.0,15033000.0,1.0841627001,21348000,0.0,0.0,6543000.0,2314000.0,30205000.0,29038000.0,0.0,0.0,2314000.0,-12858000.0,-0.9273041973,-15172000.0,-1.0941872205,-14792000.0,-29964000.0,-2.1609692774,9686000.0,-24858000.0,-1.7927304197,-0.46,-0.46,53843000,53843000,https://www.sec.gov/Archives/edgar/data/875320/000091205700049279/0000912057-00-049279-index.htm,https://www.sec.gov/Archives/edgar/data/875320/000091205700049279/a2029715z10-q.txt,0.257526512267147,-0.4616756124287279,-0.1903497204836283,-0.2213658228553386,13.248648849432607,4.20862507661163,4.20862507661163,4.20862507661163,9.507661163010976,4549733500.0,4590225500.0,-45.75723610105399,328.1215563248233,-443.9197482681237,-381.72107559359006,20.077816023476977,20.077816023476977,331.04179287465746,-356.9937393062685,-447.8705727388038,-385.1183404648041,-0.0054636167151328,-0.0026197138799448,2.2590896052602547,0.6609158970929414,-3.149167833255561,3.6138703042980014,0.0,0.4123018746480006,0.0,0.0,0.0,1.5395932496754652,0.0,-0.1629427261196214,0.1204384826193567,0.7216940363007779,0.0,,-0.027184443565574,-0.0320929349839845,3.170407481009602,522348000.0,226605000.0,174227000.0,547039000.0,6260500.0,24516000.0,0.0,45.9995672868888,-2420.591259640103,0.0,1.9565401439254977,-0.0371809985025647,0.0,-0.1096974912292314,0.0310161023717103,2000-10-24,-0.22,bmo,10529493.0,2025-04-25,2000-09-30,1.090909090909091,68.95808531746032,1216750.7936507936
2000-06-30,VRTX,USD,875320,2000-08-14,2000-08-14 00:00:00,2000,Q2,37034000.0,-1010000.0,38044000.0,1.0272722363,19824000,0.0,0.0,6658000.0,2110000.0,28592000.0,27582000.0,0.0,0.0,2110000.0,11562000.0,0.3121996004,9452000.0,0.2552249284,5000.0,9457000.0,0.2553599395,-3161000.0,12613000.0,0.3405789275,0.24,0.21,52636000,58946000,https://www.sec.gov/Archives/edgar/data/875320/000091205700037484/0000912057-00-037484-index.htm,https://www.sec.gov/Archives/edgar/data/875320/000091205700037484/a10-q.txt,0.7035868987005092,0.2396268713428072,0.4365263317881298,0.402747169237784,7.188711148263546,4.27676875142488,4.27676875142488,4.27676875142488,3.4353484307318185,2773259250.0,2770874250.0,54.96827182272259,74.88414024950046,120.69718631675154,130.82028633426106,12.319464311098477,12.319464311098477,74.81973996867742,239.65354177477943,120.593386865126,130.70778102740695,0.004548078222402,0.0076440743864822,0.8032579338284943,0.422166033965101,-0.206279190451479,15.67723964051889,0.0,1.821691905177198,0.0,0.0,0.0,0.5352918939353027,0.0,0.0773817295556426,0.0480099368148188,0.842654028436019,0.0,4.801941908812947,0.0310673599250855,0.0294474717618987,3.4054734402310207,360928000.0,225112000.0,182309000.0,386008000.0,4970000.0,15706000.0,0.0,13.205702867635146,-1572.326732673267,0.0,6.815237394184763,-0.0572400113346557,0.0,0.056029887344966,0.0337791625503457,2000-07-26,0.21,bmo,45531818.0,2025-04-25,2000-06-30,0.0476190476190476,34.40935020634921,1159828.5714285714
2000-03-31,VRTX,USD,875320,2000-05-15,2000-05-15 00:00:00,2000,Q1,7523000.0,-1103000.0,8626000.0,1.1466170411,18604000,0.0,0.0,6608000.0,1975000.0,27187000.0,26084000.0,0.0,0.0,1975000.0,-15946000.0,-2.1196331251,-18561000.0,-2.4672338163,-621000.0,-18542000.0,-2.4647082281,-2402000.0,-16159000.0,-2.147946298,-0.31,-0.31,51928000,51928000,https://www.sec.gov/Archives/edgar/data/875320/000091205700024905/0000912057-00-024905-index.html,https://www.sec.gov/Archives/edgar/data/875320/000091205700024905/,0.1448736712370975,-0.3111808658142043,-0.2994338314589431,-0.3505430596210137,6.68710522261593,3.8849368356185487,3.8849368356185487,3.8849368356185487,3.493818363888461,1215439750.0,1205116750.0,-18.804377591435117,161.56317293632858,-78.16835487812722,-66.77139757182881,6.024872730337023,6.024872730337023,160.19098099162568,-75.57486203436599,-77.50445366261496,-66.20429324836566,-0.0132947766435975,-0.0149764725071728,0.8993243678650917,0.4570744033597779,0.6473723817885363,22.055676787829665,0.0,0.9622501392412895,0.0,0.0,0.0,2.4729496211617708,0.0,-0.1706862177632002,0.352784793300545,1.3437974683544305,0.0,,-0.042166118604482,-0.0407098462957037,2.9932502696040677,337712000.0,201737000.0,158557000.0,362922000.0,5203000.0,13959500.0,0.0,53.9066861624352,-1123.327289211242,0.0,1.6695517088326677,-0.0801191254449044,0.0,-0.0800993372559322,0.0511092281620705,2000-05-11,-0.29,bmo,21890322.0,2025-04-25,2000-03-31,0.0689655172413793,26.484623015873016,1003428.5714285716
1999-12-31,VRTX,USD,875320,2000-03-03,2000-03-03 00:00:00,1999,Q4,29600000.0,-1000000.0,30600000.0,1.0337837838,18100000,0.0,0.0,8400000.0,2000000.0,28500000.0,27500000.0,0.0,0.0,2000000.0,4100000.0,0.1385135135,2100000.0,0.0709459459,-100000.0,2000000.0,0.0675675676,400000.0,1700000.0,0.0574324324,0.033,0.033,51644000,51928000,https://www.sec.gov/Archives/edgar/data/875320/000091205700009765/0000912057-00-009765-index.html,https://www.sec.gov/Archives/edgar/data/875320/000091205700009765/,0.573154674308729,0.0329176671055688,0.1781426690419022,0.1258616683448222,0.6099450081326001,4.050809387344125,4.050809387344125,4.050809387344125,0.1374796684997289,903770000.0,879370000.0,132.90735294117647,30.53277027027027,98.2358695652174,139.0415384615385,4.320124282982792,4.320124282982792,29.708445945945947,214.48048780487804,95.58369565217392,135.2876923076923,0.0018810095488896,0.0071920953339898,0.0339388145315487,0.0305507745266781,-5.951219512195122,10.551351351351352,0.0,5.411764705882353,0.0,0.0,0.0,0.6114864864864865,0.0,0.2934782608695652,0.0912162162162162,1.35,0.0,1.7321148592734594,0.0077682113693322,0.007314974182444,0.2463984199519789,176700000.0,209200000.0,172000000.0,201200000.0,5350000.0,12376000.0,0.0,17.93918918918919,-1273.68,0.0,5.016949152542373,-0.0706613906161673,0.0,0.0081261950286806,0.05228100069708,2000-02-16,0.00571,bmo,29599999.0,2025-04-25,1999-12-31,4.253940455341506,14.428466796875,342950.0
1999-09-30,VRTX,USD,875320,1999-11-15,1999-11-15 00:00:00,1999,Q3,9600000.0,-1000000.0,10600000.0,1.1041666667,16400000,0.0,0.0,6400000.0,1700000.0,24500000.0,23500000.0,0.0,0.0,1700000.0,-14600000.0,-1.5208333333,-13900000.0,-1.4479166667,2300000.0,-14000000.0,-1.4583333333,400000.0,-14300000.0,-1.4895833333,-0.28,-0.28,51071429,51071429,https://www.sec.gov/Archives/edgar/data/875320/000091205799005965/0000912057-99-005965-index.html,https://www.sec.gov/Archives/edgar/data/875320/000091205799005965/,0.1879720263946403,-0.2799999976503496,-0.2643356621174629,-0.3759440527892806,3.683076892169984,4.043356609426378,4.043356609426378,4.043356609426378,0.1527272714456452,793203131.65625,778603131.65625,-13.867187616368009,82.62532621419271,-58.7557875300926,-41.31266310709636,3.8411773930084734,3.8411773930084734,81.10449288085937,-53.328981620291096,-57.67430604861111,-40.55224644042968,-0.0180281688627991,-0.0242056532983037,0.0377723970944309,0.0346975088967971,1.0,14.816793893129772,0.0,0.944055944055944,0.0,0.0,0.0,1.7083333333333333,0.0,-0.4222222222222222,0.59375,3.3529411764705883,0.0,,-0.0667466986794717,-0.0636120996441281,3.395244726753191,181000000.0,206500000.0,175800000.0,204600000.0,2400000.0,11150000.0,0.0,45.0,-954.0,0.0,2.0,-0.0943396226415094,0.0,-0.0692493946731235,0.1116083906718177,1999-10-27,-0.25,bmo,8447999.0,2025-04-25,1999-09-30,0.1200000000000001,13.677734375,571515.625
1999-06-30,VRTX,USD,875320,1999-08-16,1999-08-16 00:00:00,1999,Q2,15300000.0,-200000.0,15500000.0,1.0130718954,19000000,0.0,0.0,5500000.0,1400000.0,25900000.0,25700000.0,0.0,0.0,1400000.0,-11703000.0,-0.7649019608,-10400000.0,-0.6797385621,2478000.0,-10700000.0,-0.6993464052,400000.0,-10800000.0,-0.7058823529,-0.21,-0.21,50960000,50960000,https://www.sec.gov/Archives/edgar/data/875320/000104746999032232/0001047469-99-032232-index.html,https://www.sec.gov/Archives/edgar/data/875320/000104746999032232/,0.3002354788069074,-0.2119309262166405,-0.2472527472527472,-0.3512558869701727,0.2197802197802197,4.289638932496075,4.289638932496075,4.289638932496075,0.1648351648351648,614705000.0,611905000.0,-14.229282407407409,40.17679738562092,-48.78611111111111,-34.34106145251397,2.8120082342177497,2.8120082342177497,39.9937908496732,-52.28616594035717,-48.56388888888889,-34.18463687150838,-0.0175694032096696,-0.029119659023434,0.0384263494967978,0.0352053646269907,0.2392548919080577,14.880281690140846,0.0,1.1666666666666667,0.0,0.0,0.0,1.2418300653594772,0.0,-0.4206349206349206,0.3464052287581699,3.7857142857142856,0.0,,-0.0475276874305241,-0.0452640402347024,-0.1726844583987441,197100000.0,218600000.0,191300000.0,216800000.0,0.0,11400000.0,0.0,0.0,-5265.0,0.0,0.0,-0.017094017094017,0.0,-0.0494053064958828,0.1040031397174254,1999-07-27,-0.19,bmo,13689473.0,2025-04-25,1999-06-30,0.1052631578947368,11.067212301587302,301546.0317460318
1999-03-31,VRTX,USD,875320,1999-05-14,1999-05-14 00:00:00,1999,Q1,4000000.0,-1200000.0,5200000.0,1.3,18600000,0.0,0.0,5800000.0,1200000.0,25600000.0,24400000.0,0.0,0.0,1200000.0,-19200000.0,-4.8,-20400000.0,-5.1,3100000.0,-17300000.0,-4.325,-2800000.0,-17600000.0,-4.4,-0.35,-0.35,50285714,50285714,https://www.sec.gov/Archives/edgar/data/875320/000104746999020617/0001047469-99-020617-index.html,https://www.sec.gov/Archives/edgar/data/875320/,0.0795454549974173,-0.3500000019886364,-0.2963068198653796,-0.3460227292387655,0.3937500022372159,4.5639204804768205,4.5639204804768205,4.5639204804768205,0.1809659101191245,634857139.25,624157139.25,-9.017857091619318,158.7142848125,-42.60786169463087,-36.48604248563218,2.7662620446623096,2.7662620446623096,156.0392848125,-32.5081843359375,-41.88974088926175,-35.87109995689655,-0.0277227724347434,-0.0274077409298032,0.0396514161220043,0.0364437324789747,0.5572916666666666,16.42753623188406,0.0,0.8465909090909091,0.0,0.0,0.0,4.65,0.0,-0.1677852348993288,0.625,2.083333333333333,0.0,,-0.0716607958757491,-0.0704845814977973,-0.0079545454997417,212900000.0,229500000.0,206500000.0,228600000.0,0.0,6950000.0,0.0,0.0,-832.5,0.0,0.0,-0.1081081081081081,0.0,-0.0766884531590414,0.0497159093733858,1999-04-21,-0.3,bmo,3466666.0,2025-04-25,1999-03-31,0.1333333333333334,13.427766393442624,309937.7049180328
1998-12-31,VRTX,USD,875320,1999-03-30,1999-03-30 00:00:00,1998,Q4,11700000.0,-1400000.0,13100000.0,1.1196581197,18100000,0.0,0.0,5900000.0,1400000.0,25400000.0,24000000.0,0.0,0.0,1400000.0,-10900000.0,-0.9316239316,-12300000.0,-1.0512820513,0.0,0.0,0.0,300000.0,-12600000.0,-1.0769230769,-0.25,-0.25,50285714,50285714,https://www.sec.gov/Archives/edgar/data/875320/000104746999012425/0001047469-99-012425-index.html,https://www.sec.gov/Archives/edgar/data/875320/,0.2326704558674457,-0.2505681832418647,-0.2147727284930268,-0.2585227287416064,0.481250002734375,4.896022755091038,4.896022755091038,4.896022755091038,0.1948863647436725,747999995.75,733599995.75,-14.841269756944444,63.93162356837607,-69.25925886574075,-57.53846121153846,3.03818032392364,3.03818032392364,62.70085433760684,-67.30275190366973,-67.9259255324074,-56.43076890384615,-0.016844919881806,-0.0173796792431332,0.0398050365556458,0.0368006008261359,1.3211009174311927,18.98473282442748,0.0,0.8571428571428571,0.0,0.0,0.0,1.547008547008547,0.0,-0.2037037037037037,0.188034188034188,1.5714285714285714,0.0,,,-0.0473150582050319,0.0815340913723527,235600000.0,246200000.0,228600000.0,250100000.0,0.0,5550000.0,0.0,0.0,-180.0,0.0,0.0,-0.5,0.0,-0.0511779041429731,0.0437500002485795,1999-02-25,-0.21,bmo,9471428.0,2025-04-25,1998-12-31,0.1904761904761905,12.62158203125,322296.875
1998-09-30,VRTX,USD,875320,1998-11-13,1998-11-13 00:00:00,1998,Q3,18400000.0,-1100000.0,19500000.0,1.0597826087,15700000,0.0,0.0,4800000.0,1100000.0,21600000.0,20500000.0,0.0,0.0,1100000.0,-1000000.0,-0.0543478261,-2100000.0,-0.1141304348,0.0,0.0,0.0,200000.0,-2300000.0,-0.125,-0.05,-0.05,46000000,46000000,https://www.sec.gov/Archives/edgar/data/875320/000104746998040733/0001047469-98-040733-index.html,https://www.sec.gov/Archives/edgar/data/875320/,0.4,-0.05,0.0217391304347826,-0.0043478260869565,1.0804347826086955,5.6326086956521735,5.6326086956521735,5.6326086956521735,0.2260869565217391,529000000.0,489700000.0,-57.5,28.75,529.0,-2645.0,2.041682747973756,2.041682747973756,26.61413043478261,-489.7,489.7,-2448.5,-0.0043478260869565,-0.0003780718336483,0.0401389424932458,0.0374235336451961,39.3,23.294642857142858,0.0,-0.4347826086956521,0.0,0.0,0.0,0.8532608695652174,0.0,1.2,0.0652173913043478,1.0909090909090908,0.0,,,-0.0082763584023029,0.6717391304347826,249700000.0,259100000.0,242100000.0,263400000.0,0.0,7150000.0,0.0,0.0,-679.0909090909091,0.0,0.0,-0.1325301204819277,0.0,-0.0088768815129293,0.0260869565217391,1998-10-21,-0.09,bmo,25760000.0,2025-04-25,1998-09-30,-0.5555555555555556,10.107421875,530675.0
1998-06-30,VRTX,USD,875320,1998-08-14,1998-08-14 00:00:00,1998,Q2,7200000.0,-1100000.0,8300000.0,1.1527777778,12600000,0.0,0.0,4200000.0,1100000.0,17900000.0,16800000.0,0.0,0.0,1100000.0,-8500000.0,-1.1805555556,-9600000.0,-1.3333333333,0.0,0.0,0.0,200000.0,-9800000.0,-1.3611111111,-0.2,-0.2,49000000,49000000,https://www.sec.gov/Archives/edgar/data/875320/000104746998031509/0001047469-98-031509-index.html,https://www.sec.gov/Archives/edgar/data/875320/,0.1469387755102041,-0.2,-0.1857142857142857,-0.2326530612244897,0.7408163265306122,5.291836734693877,5.291836734693877,5.291836734693877,0.1959183673469387,551250000.0,524550000.0,-14.0625,76.5625,-60.57692307692307,-48.35526315789474,2.125915927497108,2.125915927497108,72.85416666666667,-61.71176470588235,-57.642857142857146,-46.01315789473684,-0.0177777777777777,-0.0206802721088435,0.0370227535672965,0.0349217897417242,3.1411764705882352,29.64367816091954,0.0,0.9285714285714286,0.0,0.0,0.0,1.75,0.0,-0.2527472527472527,0.3194444444444444,2.090909090909091,0.0,,,-0.0356493270280101,0.4224489795918367,249200000.0,259300000.0,242300000.0,262800000.0,0.0,6100000.0,0.0,0.0,-490.9090909090909,0.0,0.0,-0.1833333333333333,0.0,-0.0377940609332819,0.046938775510204,1998-07-22,-0.15,bmo,5280000.0,2025-04-25,1998-06-30,0.2666666666666667,14.801587301587302,565628.5714285715
1998-03-31,VRTX,USD,875320,1998-05-13,1998-05-13 00:00:00,1998,Q1,3200000.0,-900000.0,4100000.0,1.28125,12200000,0.0,0.0,3300000.0,900000.0,16400000.0,15500000.0,0.0,0.0,900000.0,-11400000.0,-3.5625,-12300000.0,-3.84375,4000000.0,-8300000.0,-2.59375,-3900000.0,-8400000.0,-2.625,-0.17,-0.17,49411765,49411765,https://www.sec.gov/Archives/edgar/data/875320/0001047469-98-019755-index.html,https://www.sec.gov/Archives/edgar/data/875320/0001047469-98-019755.txt,0.0647619043764172,-0.1699999989880952,-0.2469047604350907,-0.2914285696938775,1.1819047548696149,5.431904729571996,5.431904729571996,5.431904729571996,0.1760714275233843,789044122.34375,739344122.34375,-23.483456022135417,246.5762882324219,-64.67574773309425,-54.794730718315975,2.939806715140648,2.939806715140648,231.0450382324219,-64.85474757401316,-60.60197724129098,-51.34334182942708,-0.0106457925002329,-0.0182499300003993,0.0324143070044709,0.0307094952347334,4.359649122807017,30.74712643678161,0.0,1.4523809523809523,0.0,0.0,0.0,3.8125,0.0,-0.180327868852459,0.6875,2.4444444444444446,0.0,,-0.0235311509480723,-0.0296505471231909,0.8803571376169218,258800000.0,268400000.0,252600000.0,271200000.0,0.0,5200000.0,0.0,0.0,-620.0,0.0,0.0,-0.1451612903225806,0.0,-0.0312965722801788,0.0445238092587868,1998-04-22,-0.16,bmo,3200000.0,2025-04-25,1998-03-31,-0.0,17.661629098360656,473186.8852459017
1997-12-31,VRTX,USD,875320,1998-03-26,1998-03-26 00:00:00,1997,Q4,11200000.0,-1000000.0,12200000.0,1.0892857143,14000000,0.0,0.0,3700000.0,1000000.0,18700000.0,17700000.0,0.0,0.0,1000000.0,-5500000.0,-0.4910714286,-6500000.0,-0.5803571429,0.0,0.0,0.0,300000.0,-6800000.0,-0.6071428571,-0.14,-0.14,49411765,49411765,https://www.sec.gov/Archives/edgar/data/875320/000104746998011760/0001047469-98-011760-index.html,https://www.sec.gov/Archives/edgar/data/875320/,0.2266666653174603,-0.1376190467998866,-0.0708333329117063,-0.109285713635204,1.4470238009105727,5.585714252465986,5.585714252465986,5.585714252465986,0.1699999989880952,815294122.5,752194122.5,-29.97404862132353,72.79411808035714,-232.9411778571429,-150.98039305555557,2.953964211956522,2.953964211956522,67.16018950892857,-136.76256772727274,-214.91260642857145,-139.29520787037038,-0.0083405482909022,-0.0066233765839517,0.0304347826086956,0.0284167794316644,11.472727272727273,20.554744525547445,0.0,0.5147058823529411,0.0,0.0,0.0,1.25,0.0,-0.5428571428571428,0.1696428571428571,1.9,0.0,,,-0.0230040595399188,1.050357136605017,267900000.0,276000000.0,262000000.0,279000000.0,0.0,6350000.0,0.0,0.0,-378.0,0.0,0.0,-0.238095238095238,0.0,-0.0246376811594202,0.0384523807234977,1998-02-23,-0.15,bmo,12693333.0,2025-04-25,1997-12-31,-0.1333333333333332,15.539794921875,460384.375
1997-09-30,VRTX,USD,875320,1997-11-12,1997-11-12 00:00:00,1997,Q3,13500000.0,-1000000.0,14500000.0,1.0740740741,16400000,0.0,0.0,2800000.0,1000000.0,20200000.0,19200000.0,0.0,0.0,1000000.0,-4700000.0,-0.3481481481,-5700000.0,-0.4222222222,0.0,0.0,0.0,200000.0,-5900000.0,-0.437037037,-0.12,-0.12,49166667,49166667,https://www.sec.gov/Archives/edgar/data/875320/000104746997003992/0001047469-97-003992-index.html,https://www.sec.gov/Archives/edgar/data/875320/,0.2745762693249066,-0.1199999991864406,-0.0569491521562769,-0.0793220333605286,3.604067772175812,5.725423689997127,5.725423689997127,5.725423689997127,0.1667796598862396,928020839.625,759020839.625,-39.32291693326271,68.74228441666666,-331.43601415178574,-237.9540614423077,3.296699252664298,3.296699252664298,56.22376589814815,-161.4937956648936,-271.07887129464285,-194.6207281089744,-0.0063576158509372,-0.0042024918336703,0.0291296625222024,0.0274522932708403,35.95744680851064,24.194915254237287,0.0,0.4827586206896552,0.0,0.0,0.0,1.2148148148148148,0.0,-0.3928571428571428,0.0814814814814814,1.1,0.0,,,-0.0197522597924338,3.2542372660729675,273700000.0,281500000.0,268300000.0,283900000.0,0.0,6950000.0,0.0,0.0,-765.0,0.0,0.0,-0.1176470588235294,0.0,-0.0209591474245115,0.0223728812042516,1997-10-21,-0.14,bmo,16392857.0,2025-04-25,1997-09-30,-0.2142857142857143,17.81689453125,651800.0
1997-06-30,VRTX,USD,875320,1997-08-14,1997-08-14 00:00:00,1997,Q2,12200000.0,-800000.0,13000000.0,1.0655737705,10800000,0.0,0.0,2600000.0,800000.0,14200000.0,13400000.0,0.0,0.0,800000.0,-400000.0,-0.0327868852,-1200000.0,-0.0983606557,0.0,0.0,0.0,200000.0,-1400000.0,-0.1147540984,-0.03,-0.03,46666667,46666667,https://www.sec.gov/Archives/edgar/data/875320/000091205797027869/0000912057-97-027869-index.html,https://www.sec.gov/Archives/edgar/data/875320/,0.2614285695612245,-0.0299999997857142,-0.008571428510204,-0.0235714284030612,4.041428542561225,6.128571384795919,6.128571384795919,6.128571384795919,0.1757142844591837,892500006.375,712100006.375,-159.37500113839286,73.15573822745901,-2231.2500159375,-811.3636421590909,3.1206293929195805,3.1206293929195805,58.368852981557374,-1780.2500159375,-1780.2500159375,-647.3636421590909,-0.0015686274397759,-0.0012324929883953,0.0286713286713286,0.0272697040239441,451.0,30.946236559139784,0.0,0.2857142857142857,0.0,0.0,0.0,0.8852459016393442,0.0,-1.75,0.0573770491803278,0.875,0.0,,,-0.0046558031260392,3.726428544811225,278500000.0,286000000.0,273100000.0,288500000.0,0.0,5850000.0,0.0,0.0,-607.5,0.0,0.0,-0.1481481481481481,0.0,-0.0048951048951048,0.0149999998928571,1997-07-22,-0.12,bmo,19215000.0,2025-04-25,1997-06-30,-0.75,19.49609375,627875.0
1997-03-31,VRTX,USD,875320,1997-05-12,1997-05-12 00:00:00,1997,Q1,6900000.0,-800000.0,7700000.0,1.115942029,10300000,0.0,0.0,2200000.0,800000.0,13300000.0,12500000.0,0.0,0.0,800000.0,-4800000.0,-0.6956521739,-5600000.0,-0.8115942029,0.0,0.0,0.0,200000.0,-5800000.0,-0.8405797101,-0.13,-0.13,44615385,44615385,https://www.sec.gov/Archives/edgar/data/875320/000091205797016691/0000912057-97-016691-index.html,https://www.sec.gov/Archives/edgar/data/875320/,0.1546551710805588,-0.1299999988793103,-0.0605172408576099,-0.1120689645511296,1.9029310180781809,6.168275808894174,6.168275808894174,6.168275808894174,0.1815517225728299,903461546.25,826661546.25,-38.94230802801725,130.93645597826088,-334.6153875,-180.69230925,3.282927130268895,3.282927130268895,119.80602119565218,-172.22115546875,-306.17094305555554,-165.33230925,-0.006419753031077,-0.0055342698543767,0.0294331395348837,0.0279696132596685,16.0,30.417582417582416,0.0,0.4655172413793103,0.0,0.0,0.0,1.4927536231884058,0.0,-0.8518518518518519,0.3333333333333333,2.875,0.0,,,-0.0200276243093922,1.5801724001709276,267700000.0,275200000.0,262400000.0,277800000.0,0.0,3850000.0,0.0,0.0,-708.75,0.0,0.0,-0.1269841269841269,0.0,-0.0210755813953488,0.0515517236935196,1997-04-22,-0.15,bmo,7820000.0,2025-04-25,1997-03-31,-0.1333333333333332,22.889856557377048,695711.475409836
1996-12-31,VRTX,USD,875320,1997-03-28,1997-03-28 00:00:00,1996,Q4,4800000.0,-700000.0,5500000.0,1.1458333333,7900000,0.0,0.0,2400000.0,700000.0,11000000.0,10300000.0,0.0,0.0,700000.0,-4800000.0,-1.0,-5500000.0,-1.1458333333,1800000.0,-3700000.0,-0.7708333333,-1600000.0,-3900000.0,-0.8125,-0.0874,-0.0874,44615385,44615385,https://www.sec.gov/Archives/edgar/data/875320/000095013597001385/0000950135-97-001385-index.html,https://www.sec.gov/Archives/edgar/data/875320/,0.1075862059690844,-0.0874137923498811,-0.0649999994396551,-0.1165517231331748,0.7822413725668848,2.931724112657551,2.931724112657551,2.931724112657551,0.1905172397369203,897884623.125,871484623.125,-57.55670661057693,187.059296484375,-309.6153872844828,-172.67011983173077,6.864561338876147,6.864561338876147,181.559296484375,-181.559296484375,-300.5119390086207,-167.59319675480768,-0.0043435424770127,-0.0057913899693503,0.0649847094801223,0.0592334494773519,5.5,18.61971830985916,0.0,0.7435897435897436,0.0,0.0,0.0,1.6458333333333333,0.0,-0.7931034482758621,0.4791666666666667,3.2857142857142856,0.0,,-0.0224093440173842,-0.027177700348432,0.4975862026070154,125100000.0,130800000.0,119500000.0,133800000.0,0.0,2150000.0,0.0,0.0,-180.0,0.0,0.0,-0.5,0.0,-0.0298165137614678,0.0515517236935196,1997-02-19,-0.16,bmo,6210000.0,2025-04-25,1996-12-31,-0.4375,16.100219734375,262625.0
1996-09-30,VRTX,USD,875320,1996-11-13,1996-11-13 00:00:00,1996,Q3,2900000.0,-800000.0,3700000.0,1.275862069,8500000,0.0,0.0,1800000.0,800000.0,11100000.0,10300000.0,0.0,0.0,800000.0,-6600000.0,-2.275862069,-7400000.0,-2.5517241379,1200000.0,-6200000.0,-2.1379310345,-1100000.0,-6300000.0,-2.1724137931,-0.17,-0.17,37058824,37058824,https://www.sec.gov/Archives/edgar/data/875320/000095013596004867/0000950135-96-004867-index.html,https://www.sec.gov/Archives/edgar/data/875320/,0.078253967260267,-0.1699999978412698,-0.1861904738261527,-0.2023809498110355,1.055079351681532,3.607777731964727,3.607777731964727,3.607777731964727,0.1861904738261527,546617654.0,514417654.0,-21.691176746031747,188.48884620689657,-79.21994985507246,-72.88235386666666,4.088389334330591,4.088389334330591,177.38539793103448,-77.94206878787878,-74.5532831884058,-68.58902053333334,-0.0115254235824589,-0.0137207423600702,0.0516080777860882,0.0480836236933797,4.878787878787879,24.51851851851852,0.0,1.0952380952380951,0.0,0.0,0.0,2.931034482758621,0.0,-0.0869565217391304,0.2068965517241379,0.75,0.0,,-0.0432937181663836,-0.0439024390243902,0.7906349105951123,127000000.0,133700000.0,122600000.0,134000000.0,0.0,3500000.0,0.0,0.0,-326.25,0.0,0.0,-0.2758620689655172,0.0,-0.0471204188481675,0.0161904759848828,1996-10-23,-0.19,amc,,2025-04-25,1996-09-30,-0.1578947368421052,14.25390625,370975.0
1996-06-30,VRTX,USD,875320,1996-08-14,1996-08-14 00:00:00,1996,Q2,3100000.0,-900000.0,4000000.0,1.2903225806,9500000,0.0,0.0,1900000.0,900000.0,12300000.0,11400000.0,0.0,0.0,900000.0,-7400000.0,-2.3870967742,-8300000.0,-2.6774193548,-14000000.0,-22300000.0,-7.1935483871,14000000.0,-22300000.0,-7.1935483871,-0.64,-0.64,34843750,34843750,https://www.sec.gov/Archives/edgar/data/875320/000095013596003628/0000950135-96-003628-index.html,https://www.sec.gov/Archives/edgar/data/875320/,0.0889686098654708,-0.64,-0.6371300448430494,-0.6514798206278027,0.2669058295964125,1.770762331838565,1.770762331838565,1.770762331838565,0.1980269058295964,574921875.0,572521875.0,-6.4453125,185.45866935483872,-25.89738175675675,-25.32695484581497,9.318020664505672,9.318020664505672,184.6844758064516,-77.36782094594595,-25.78927364864865,-25.221227973568283,-0.0387878787878787,-0.0394836254925941,0.1118314424635332,0.0936227951153324,0.3243243243243243,8.293333333333333,0.0,0.9955156950672646,0.0,0.0,0.0,3.064516129032258,0.0,-0.0225225225225225,0.1612903225806451,0.5555555555555556,0.0,,-0.1972374063042126,-0.3025780189959294,-0.0774887892376681,54700000.0,61700000.0,50200000.0,61900000.0,0.0,4150000.0,0.0,0.0,-410.0,0.0,0.0,-0.2195121951219512,0.0,-0.3614262560777957,0.0143497757847533,1996-07-26,-0.18,amc,,2025-04-25,1996-06-30,0.1666666666666666,15.843129968253969,272488.8888888889
1996-03-31,VRTX,USD,875320,1996-05-14,1996-05-14 00:00:00,1996,Q1,2500000.0,-800000.0,3300000.0,1.32,9300000,0.0,0.0,1800000.0,800000.0,11900000.0,11100000.0,0.0,0.0,800000.0,-7800000.0,-3.12,-8600000.0,-3.44,1300000.0,-7300000.0,-2.92,-1100000.0,-7500000.0,-3.0,-0.22,-0.22,34090909,34090909,https://www.sec.gov/Archives/edgar/data/875320/000095013596002108/0000950135-96-002108-index.html,https://www.sec.gov/Archives/edgar/data/875320/,0.0733333335288888,-0.2200000005866666,-0.2434666673159111,-0.2610666673628444,0.5925333349134222,2.299733339465956,2.299733339465956,2.299733339465956,0.1906666671751111,443181817.0,429481817.0,-14.772727233333336,177.2727268,-53.39539963855422,-49.7957097752809,5.652829298469388,5.652829298469388,171.7927268,-55.06177141025641,-51.74479722891567,-48.25638393258427,-0.0169230769682051,-0.0200820513356034,0.0829081632653061,0.0719822812846068,1.7564102564102564,10.48,0.0,1.106666666666667,0.0,0.0,0.0,3.72,0.0,-0.072289156626506,0.24,0.75,0.0,,-0.0860319150652661,-0.0830564784053156,0.2434666673159111,71100000.0,78400000.0,66700000.0,78700000.0,0.0,3600000.0,0.0,0.0,-472.5,0.0,0.0,-0.1904761904761904,0.0,-0.0956632653061224,0.0176000000469333,1996-04-25,-0.17,amc,,2025-04-25,1996-03-31,0.2352941176470586,13.276785714285714,205860.31746031743
1995-12-31,VRTX,USD,875320,1995-12-31,1995-12-30 19:00:00,1995,Q4,8200000.0,-1000000.0,9200000.0,1.1219512195,8400000,0.0,0.0,2100000.0,1000000.0,11500000.0,10500000.0,0.0,0.0,1000000.0,-1300000.0,-0.1585365854,-2300000.0,-0.2804878049,1600000.0,-700000.0,-0.0853658537,-1500000.0,-800000.0,-0.0975609756,-0.0235,-0.0235,33007937,34090909,,,0.2484250984846462,-0.0242365949741118,0.0090887231152919,-0.1030055286399753,0.8603991215809701,2.584226939114674,2.584226939114674,2.584226939114674,0.2120702060234785,429103181.0,407703181.0,-134.09474406249998,52.3296562195122,1430.3439366666669,-126.20681794117648,5.030517948417351,5.030517948417351,49.71990012195122,-313.6178315384616,1359.0106033333334,-119.91270029411764,-0.001864353459547,-0.007923502203075,0.082063305978898,0.0707070707070707,16.46153846153846,9.988636363636363,0.0,-0.375,0.0,0.0,0.0,1.024390243902439,0.0,12.333333333333334,0.4512195121951219,3.7,0.0,,0.0284785636898312,-0.008080808080808,0.4453474326493049,79100000.0,85300000.0,74200000.0,86900000.0,0.0,4350000.0,0.0,0.0,-270.0,0.0,0.0,-0.3333333333333333,0.0,-0.0093786635404454,0.1120942517552672,1996-02-22,-0.09,amc,,2025-04-25,1995-12-31,-0.7777777777777777,9.558035714285714,154949.20634920636
1995-09-30,VRTX,USD,875320,1995-09-30,1995-09-29 20:00:00,1995,Q3,2300000.0,-1000000.0,3300000.0,1.4347826087,8600000,0.0,0.0,1700000.0,1000000.0,11300000.0,10300000.0,0.0,0.0,1000000.0,-7000000.0,-3.0434782609,-8000000.0,-3.4782608696,1200000.0,-6800000.0,-2.9565217391,-1100000.0,-6900000.0,-3.0,-0.2,-0.2,34500000,34500000,,,0.0666666666666666,-0.2,-0.1275362318840579,-0.1478260869565217,1.1420289855072463,2.4811594202898557,2.4811594202898557,2.4811594202898557,0.1971014492753623,323437500.0,290837500.0,-11.71875,140.625,-73.50852272727273,-63.419117647058826,3.778475467289719,3.778475467289719,126.45108695652172,-41.54821428571429,-66.09943181818181,-57.02696078431372,-0.0213333333333333,-0.0157681159420289,0.0794392523364486,0.069175991861648,4.6571428571428575,11.243589743589745,0.0,0.6285714285714286,0.0,0.0,0.0,3.739130434782609,0.0,-0.1590909090909091,0.3043478260869565,0.7,0.0,,-0.0725744843391902,-0.0701932858596134,0.7739130434782608,79900000.0,85600000.0,75000000.0,87400000.0,0.0,5750000.0,0.0,0.0,-513.0,0.0,0.0,-0.175438596491228,0.0,-0.080607476635514,0.0202898550724637,1995-10-25,-0.16,amc,,2025-04-25,1995-09-30,0.25,9.14236111111111,157190.47619047618
1995-06-30,VRTX,USD,875320,1995-06-30,1995-06-29 20:00:00,1995,Q2,6500000.0,-700000.0,7200000.0,1.1076923077,15100000,0.0,0.0,1700000.0,700000.0,17500000.0,16800000.0,0.0,0.0,700000.0,-9600000.0,-1.4769230769,-10300000.0,-1.5846153846,1400000.0,-8900000.0,-1.3692307692,-1300000.0,-9000000.0,-1.3846153846,-0.26,-0.26,34615385,34615385,,,0.187777775691358,-0.2599999971111111,-0.1993333311185185,-0.2137777754024691,1.2739999858444446,2.6693333036740743,2.6693333036740743,2.6693333036740743,0.1993333311185185,283413464.6875,246213464.6875,-7.872596241319444,43.60207149038462,-41.07441517210145,-38.29911684966216,3.0672452888257578,3.0672452888257578,37.87899456730769,-25.64723590494792,-35.68311082427536,-33.27208982263514,-0.0317557248379983,-0.0261102626445763,0.0746753246753246,0.0650329877474081,3.875,10.942528735632184,0.0,0.7666666666666667,0.0,0.0,0.0,2.3230769230769237,0.0,-0.072463768115942,0.0769230769230769,0.7142857142857143,0.0,,-0.088664371148967,-0.0848256361922714,0.8782222124641976,86500000.0,92400000.0,81500000.0,94300000.0,0.0,4700000.0,0.0,0.0,-745.7142857142858,0.0,0.0,-0.1206896551724138,0.0,-0.0974025974025974,0.0144444442839506,1995-07-26,-0.14,amc,,2025-04-25,1995-06-30,0.857142857142857,7.665178571428571,102453.96825396824
1995-03-31,VRTX,USD,875320,1995-03-31,1995-03-30 19:00:00,1995,Q1,5100000.0,-1000000.0,6100000.0,1.1960784314,9400000,0.0,0.0,1600000.0,1000000.0,12000000.0,11000000.0,0.0,0.0,1000000.0,-4900000.0,-0.9607843137,-5900000.0,-1.1568627451,1300000.0,-4600000.0,-0.9019607843,-1200000.0,-4700000.0,-0.9215686275,-0.14,-0.14,33571429,33571429,,,0.1519148916776822,-0.1399999982127659,-0.1489361683114531,-0.1638297851425985,1.5310638102417389,3.005531876525125,3.005531876525125,3.005531876525125,0.1965957421711182,226607145.75,181807145.75,-12.053571582446809,44.43277367647059,-45.32142915,-41.20129922727273,2.245858728939544,2.245858728939544,35.6484599509804,-37.10349913265306,-36.36142915,-33.05584468181818,-0.0207407404759653,-0.0242710792803849,0.0654112983151635,0.0590339892665474,9.142857142857142,17.050847457627118,0.0,1.0638297872340423,0.0,0.0,0.0,1.843137254901961,0.0,-0.1,0.0980392156862745,0.5,0.0,,-0.0405285275577824,-0.0420393559928443,1.2063829633227707,94700000.0,100900000.0,89700000.0,102700000.0,0.0,2500000.0,0.0,0.0,-324.0,0.0,0.0,-0.2777777777777778,0.0,-0.0465807730426164,0.0148936168311453,1995-04-27,-0.17,amc,,2025-04-25,1995-03-31,-0.2352941176470588,7.421378968253968,134765.07936507938
1994-12-31,VRTX,USD,875320,1994-12-31,1994-12-30 19:00:00,1994,Q4,2700000.0,-1000000.0,3700000.0,1.3703703704,0,0.0,0.0,11100000.0,1000000.0,12100000.0,11100000.0,0.0,0.0,1000000.0,-7400000.0,-2.7407407407,-8400000.0,-3.1111111111,0.0,0.0,0.0,-3500000.0,-4900000.0,-1.8148148148,-0.15,-0.15,32787456,33571429,,,0.0823485664761547,-0.1494473984196883,-0.1646971329523095,-0.1768969205784065,2.183761985071364,3.217693986383085,3.217693986383085,3.217693986383085,0.195196602017552,245905920.0,180705920.0,-12.546220408163263,91.07626666666668,-45.53813333333333,-42.39757241379311,2.330861800947867,2.330861800947867,66.92811851851852,-24.41971891891892,-33.46405925925926,-31.15619310344828,-0.0199263197892917,-0.0235862560771208,0.0606635071090047,0.0550774526678141,8.81081081081081,17.816666666666666,0.0,1.1020408163265305,0.0,0.0,0.0,0.0,0.0,-0.074074074074074,0.1481481481481481,0.4,0.0,,,-0.0421686746987951,1.857417666073269,100900000.0,105500000.0,96200000.0,109400000.0,0.0,2750000.0,0.0,0.0,-126.0,0.0,0.0,-0.7142857142857143,0.0,-0.0464454976303317,0.012199787626097,1995-02-15,-0.17,amc,,2025-04-25,1994-12-31,-0.1176470588235295,6.661706349206349,57869.84126984127
1994-09-30,VRTX,USD,875320,1994-09-30,1994-09-29 20:00:00,1994,Q3,6500000.0,-800000.0,7300000.0,1.1230769231,0,0.0,0.0,10300000.0,800000.0,11100000.0,10300000.0,0.0,0.0,700000.0,-3000000.0,-0.4615384615,-3800000.0,-0.5846153846,0.0,0.0,0.0,200000.0,-3900000.0,-0.6,-0.12,-0.12,32500000,32500000,,,0.2,-0.12,-0.08,-0.0892307692307692,1.4923076923076923,2.913846153846154,2.913846153846154,2.913846153846154,0.1938461538461538,231562500.0,189362500.0,-14.84375,35.625,-89.0625,-79.84913793103448,2.445221752903907,2.445221752903907,29.13269230769231,-63.12083333333333,-72.83173076923077,-65.29741379310344,-0.0168421052631578,-0.012523616734143,0.0665258711721225,0.0590440487347703,14.066666666666666,13.12162162162162,0.0,0.6666666666666666,0.0,0.0,0.0,0.0,0.0,-0.1153846153846153,0.0461538461538461,0.4285714285714285,0.0,,,-0.0365510777881911,1.123076923076923,89700000.0,94700000.0,85100000.0,98200000.0,0.0,3850000.0,0.0,0.0,-461.25,0.0,0.0,-0.1951219512195122,0.0,-0.041182682154171,0.0092307692307692,1994-10-21,-0.13,amc,,2025-04-25,1994-09-30,-0.0769230769230769,6.578125,103012.5
1994-06-30,VRTX,USD,875320,1994-06-30,1994-06-29 20:00:00,1994,Q2,4800000.0,-900000.0,5700000.0,1.1875,0,0.0,0.0,10200000.0,900000.0,11100000.0,10200000.0,0.0,0.0,900000.0,-4500000.0,-0.9375,-5400000.0,-1.125,0.0,0.0,0.0,100000.0,-5500000.0,-1.1458333333,-0.18,-0.18,30555556,30555556,,,0.1570909068059504,-0.1799999973818182,-0.1047272712039669,-0.101454543978843,0.6970908989514051,3.243272680097852,3.243272680097852,3.243272680097852,0.196363633507438,187152780.5,171852780.5,-8.506944568181819,38.99016260416666,-58.48524390625,-60.37186467741935,1.888524525731584,1.888524525731584,35.80266260416666,-38.18950677777778,-53.70399390625,-55.436380806451616,-0.0293877546745825,-0.0165640071802192,0.0605449041372351,0.0543478260869565,3.4,14.768115942028986,0.0,0.5714285714285714,0.0,0.0,0.0,0.0,0.0,-0.03125,0.0208333333333333,0.1111111111111111,0.0,,,-0.0498188405797101,0.3272727225123967,95000000.0,99100000.0,90600000.0,103200000.0,0.0,3200000.0,0.0,0.0,-360.0,0.0,0.0,-0.25,0.0,-0.0554994954591321,0.0032727272251239,1994-07-21,-0.11,amc,,2025-04-25,1994-06-30,0.5454545454545455,6.569682467741935,110361.29032258064
1994-03-31,VRTX,USD,875320,1994-03-31,1994-03-30 19:00:00,1994,Q1,5600000.0,-900000.0,6500000.0,1.1607142857,0,0.0,0.0,8800000.0,900000.0,9700000.0,8800000.0,0.0,0.0,900000.0,-2300000.0,-0.4107142857,-3200000.0,-0.5714285714,0.0,0.0,0.0,0.0,-3200000.0,-0.5714285714,-0.11,-0.11,29090909,29090909,,,0.1925000006015625,-0.11000000034375,-0.1203125003759765,-0.165000000515625,1.866562505833008,3.592187511225586,3.592187511225586,3.592187511225586,0.1890625005908203,194545453.9375,145745453.9375,-15.198863588867187,34.74025963169643,-55.584415410714286,-40.53030290364583,1.861678985047847,1.861678985047847,26.025973917410717,-63.36758866847826,-41.64155826785714,-30.36363623697917,-0.0164485981822429,-0.0246728972733644,0.0526315789473684,0.0482879719051799,21.217391304347824,18.892857142857142,0.0,1.09375,0.0,0.0,0.0,0.0,0.0,-0.3714285714285714,0.2321428571428571,1.4444444444444444,0.0,,,-0.0280948200175592,1.5434375048232425,100200000.0,104500000.0,96400000.0,108300000.0,0.0,3150000.0,0.0,0.0,-280.0,0.0,0.0,-0.3214285714285714,0.0,-0.0306220095693779,0.0446875001396484,1994-04-25,-0.12,amc,,2025-04-25,1994-03-31,-0.0833333333333333,8.649801587301587,216279.3650793651
1993-12-31,VRTX,USD,875320,1993-12-31,1993-12-30 19:00:00,1993,Q4,18000000.0,-1100000.0,19100000.0,1.0611111111,0,0.0,0.0,9400000.0,1100000.0,10500000.0,9400000.0,0.0,0.0,1100000.0,9700000.0,0.5388888889,8600000.0,0.4777777778,400000.0,9000000.0,0.5,-100000.0,8700000.0,0.4833333333,0.3,0.3,28214286,29090909,,,0.6379746770838007,0.3083544272571704,0.3650632874423971,0.3544303761576671,1.013670875810928,1.754430361980452,1.754430361980452,1.754430361980452,0.2126582256946002,260982145.5,238382145.5,7.4994869396551715,14.499008083333331,25.338072378640778,26.09821455,5.272366575757576,5.272366575757576,13.243452527777778,24.57547891752577,23.143897621359223,23.83821455,0.0333356137575319,0.0383167974224505,0.1212121212121212,0.0983606557377049,-2.329896907216495,7.273972602739726,0.0,1.1839080459770115,0.0,0.0,0.0,0.0,0.0,0.029126213592233,0.0166666666666666,0.2727272727272727,0.0,3.4888670528122923,0.1566766766766766,0.1426229508196721,0.6060759432296107,45800000.0,49500000.0,41600000.0,53500000.0,0.0,3100000.0,0.0,0.0,-286.3636363636364,0.0,0.0,-0.3142857142857143,0.0,0.1757575757575757,0.01063291128473,1993-12-30,,amc,,2025-04-25,1993-12-31,,7.8486328125,133215.625
1993-09-30,VRTX,USD,875320,1993-09-30,1993-09-29 20:00:00,1993,Q3,4400000.0,-900000.0,5300000.0,1.2045454545,0,0.0,0.0,7300000.0,900000.0,8200000.0,7300000.0,0.0,0.0,900000.0,-2000000.0,-0.4545454545,-2900000.0,-0.6590909091,300000.0,-2600000.0,-0.5909090909,-200000.0,-2700000.0,-0.6136363636,-0.11,-0.11,24545455,24545455,,,0.1792592559396434,-0.109999997962963,0.0040740739986282,-0.0122222219958847,0.6111110997942389,1.6540740434430732,1.6540740434430732,1.6540740434430732,0.2403703659190673,156477275.625,147377275.625,-14.488636631944445,35.5630171875,1564.77275625,-521.59091875,3.8541200892857135,3.8541200892857135,33.49483536931818,-73.6886378125,1473.77275625,-491.2575854166666,-0.0172549016412491,-0.0019172112934721,0.1453201970443349,0.1161417322834645,4.55,6.919354838709677,0.0,-0.0384615384615384,0.0,0.0,0.0,0.0,0.0,4.0,0.0909090909090909,0.4444444444444444,0.0,,-0.0575682382133995,-0.0531496062992126,0.1955555519341564,36700000.0,40600000.0,32700000.0,44400000.0,0.0,2300000.0,0.0,0.0,-270.0,0.0,0.0,-0.3333333333333333,0.0,-0.0665024630541872,0.016296295994513,1994-02-11,-0.15,amc,,2025-04-25,1993-09-30,-3.333333333333333,5.126953125,61606.25
1993-06-30,VRTX,USD,875320,1993-06-30,1993-06-29 20:00:00,1993,Q2,4600000.0,-900000.0,5500000.0,1.1956521739,0,0.0,0.0,5600000.0,900000.0,6500000.0,5600000.0,0.0,0.0,1100000.0,100000.0,0.0217391304,-1000000.0,-0.2173913043,400000.0,-600000.0,-0.1304347826,-200000.0,-800000.0,-0.1739130435,-0.03,-0.03,26666667,26666667,,,0.17249999784375,-0.029999999625,0.003749999953125,0.00749999990625,0.243749996953125,1.6199999797500002,1.6199999797500002,1.6199999797500002,0.221249997234375,126666668.25,126066668.25,-39.583333828125,27.536232228260868,1266.6666825,633.33334125,2.9320988020833334,2.9320988020833334,27.405797445652173,1260.6666825,1260.6666825,630.33334125,-0.0063157893947368,0.0015789473486842,0.136574074074074,0.1143410852713178,-6.0,9.5,0.0,-0.125,0.0,0.0,0.0,0.0,0.0,1.0,0.0217391304347826,0.0909090909090909,0.0,,-0.0136054421768707,-0.0155038759689922,-0.071249999109375,39100000.0,43200000.0,35300000.0,46900000.0,0.0,2200000.0,0.0,0.0,-190.0,0.0,0.0,-0.4736842105263157,0.0,-0.0185185185185185,0.003749999953125,1993-07-22,,amc,,2025-04-25,1993-06-30,,4.784722222222222,87231.74603174604
1993-03-31,VRTX,USD,875320,1993-03-31,1993-03-30 19:00:00,1993,Q1,900000.0,-800000.0,1700000.0,1.8888888889,0,0.0,0.0,4400000.0,800000.0,5200000.0,4400000.0,0.0,0.0,800000.0,-2700000.0,-3.0,-3500000.0,-3.8888888889,300000.0,-3200000.0,-3.5555555556,-200000.0,-3300000.0,-3.6666666667,-0.14,-0.14,23571429,23571429,,,0.0381818174876033,-0.1399999974545455,-0.0806060591404959,-0.1315151491239669,0.6363636247933886,1.7224242111074386,1.7224242111074386,1.7224242111074386,0.2248484807603306,94285716.0,84585716.0,-7.142857272727273,104.76190666666666,-49.624061052631575,-30.414747096774192,2.322308275862069,2.322308275862069,93.98412888888888,-31.328042962962964,-44.51879789473684,-27.28571483870968,-0.0349999993636363,-0.0328787872809917,0.1305418719211822,0.108829568788501,3.592592592592593,8.659574468085106,0.0,0.5757575757575758,0.0,0.0,0.0,0.0,0.0,-0.631578947368421,1.3333333333333333,1.5,0.0,,-0.0714869281045751,-0.0677618069815195,0.2927272674049588,36000000.0,40600000.0,32600000.0,43800000.0,0.0,1600000.0,0.0,0.0,-281.25,0.0,0.0,-0.32,0.0,-0.0812807881773399,0.050909089983471,1993-05-19,-0.14,amc,,2025-04-25,1993-03-31,-0.0714285714285714,4.428427419354839,57729.03225806452
1992-12-31,VRTX,USD,875320,1992-12-31,1992-12-30 19:00:00,1992,Q4,1000000.0,-700000.0,1700000.0,1.7,0,0.0,0.0,3900000.0,700000.0,4600000.0,3900000.0,0.0,0.0,700000.0,-2200000.0,-2.2,-2900000.0,-2.9,400000.0,-2500000.0,-2.5,-200000.0,-2700000.0,-2.7,-0.11,-0.11,23571429,23571429,,,0.0424242416528925,-0.1145454524628099,-0.0636363624793388,-0.1145454524628099,0.4921212031735539,1.862424208561984,1.862424208561984,1.862424208561984,0.2163636324297521,114910716.375,108410716.375,-10.639881145833334,114.910716375,-76.60714425,-42.559524583333335,2.6175561816628705,2.6175561816628705,108.410716375,-49.277598352272726,-72.27381091666666,-40.15211717592592,-0.0234965030692943,-0.0234965030692943,0.1161731207289293,0.1,2.9545454545454546,11.282051282051285,0.0,0.5555555555555556,0.0,0.0,0.0,0.0,0.0,-0.8,1.2,1.7142857142857142,0.0,,-0.054560327198364,-0.0529411764705882,0.1909090874380166,40100000.0,43900000.0,36900000.0,47000000.0,0.0,350000.0,0.0,0.0,-90.0,0.0,0.0,-1.0,0.0,-0.061503416856492,0.050909089983471,1992-12-30,,amc,,2025-04-25,1992-12-31,,5.28125,51965.625
1992-09-30,VRTX,USD,875320,1992-09-30,1992-09-29 20:00:00,1992,Q3,1000000.0,-700000.0,1700000.0,1.7,0,0.0,0.0,3600000.0,700000.0,4300000.0,3600000.0,0.0,0.0,700000.0,-1900000.0,-1.9,-2600000.0,-2.6,500000.0,-2100000.0,-2.1,-400000.0,-2200000.0,-2.2,-0.09,-0.09,24444444,24444444,,,0.0409090916528925,-0.0900000016363636,-0.0572727283140496,-0.0409090916528925,0.9286363805206614,1.9022727618595048,1.9022727618595048,1.9022727618595048,0.2045454582644628,129861108.75,112161108.75,-14.756944176136365,129.86110875,-92.75793482142856,-129.86110875,2.792712016129032,2.792712016129032,112.16110875,-59.0321625,-80.11507767857142,-112.16110875,-0.0169411767786096,-0.007700534899368,0.1075268817204301,0.0945179584120983,9.31578947368421,14.625,0.0,0.6363636363636364,0.0,0.0,0.0,0.0,0.0,-0.2857142857142857,0.4,0.5714285714285714,0.0,,-0.0409486751899203,-0.0415879017013232,0.666818193942149,43600000.0,46500000.0,40400000.0,49400000.0,0.0,600000.0,0.0,0.0,0.0,0.0,0.0,0.0,0.0,-0.0473118279569892,0.016363636661157,1993-02-10,-0.03,amc,,2025-04-25,1992-09-30,2.666666666666667,4.5419921875,83568.75
1992-06-30,VRTX,USD,875320,1992-06-30,1992-06-29 20:00:00,1992,Q2,1000000.0,2000000.0,-1000000.0,-1.0,0,0.0,0.0,600000.0,700000.0,1300000.0,3300000.0,0.0,0.0,800000.0,-1500000.0,-1.5,-2300000.0,-2.3,500000.0,-1800000.0,-1.8,-400000.0,-1900000.0,-1.9,-0.08,-0.08,23750000,23750000,,,0.0421052631578947,-0.08,-0.0421052631578947,-0.0336842105263157,0.6863157894736842,2.046315789473684,2.046315789473684,2.046315789473684,0.1852631578947368,89062500.0,77162500.0,-11.71875,89.0625,-89.0625,-111.328125,1.832561728395062,1.832561728395062,77.1625,-51.44166666666667,-77.1625,-96.453125,-0.0213333333333333,-0.0089824561403508,0.0905349794238683,0.0807339449541284,7.933333333333334,16.586206896551722,0.0,0.5,0.0,0.0,0.0,0.0,0.0,-0.2,0.2,0.25,0.0,,-0.0336890562879263,-0.0348623853211009,0.4378947368421053,45200000.0,48600000.0,42200000.0,51200000.0,0.0,1100000.0,0.0,0.0,54.0,0.0,0.0,1.6666666666666667,0.0,-0.0390946502057613,0.0084210526315789,1992-06-29,,amc,,2025-04-25,1992-06-30,,5.055555555555555,119288.88888888888
1992-03-31,VRTX,USD,875320,1992-03-31,1992-03-30 19:00:00,1992,Q1,900000.0,-600000.0,1500000.0,1.6666666667,0,0.0,0.0,3000000.0,600000.0,3600000.0,3000000.0,0.0,0.0,600000.0,-1500000.0,-1.6666666667,-2100000.0,-2.3333333333,600000.0,-1500000.0,-1.6666666667,-500000.0,-1600000.0,-1.7777777778,-0.07,-0.07,22857143,22857143,,,0.0393749997539062,-0.0699999995625,-0.0612499996171875,-0.1006249993710937,1.08499999321875,2.2137499861640624,2.2137499861640624,2.2137499861640624,0.157499999015625,134285715.125,113085715.125,-20.98214298828125,149.2063501388889,-95.91836794642856,-58.38509353260869,2.65386788784585,2.65386788784585,125.65079458333334,-75.39047675,-80.77551080357142,-49.16770222826087,-0.0119148935425531,-0.0171276594674202,0.0711462450592885,0.0648648648648648,14.133333333333333,18.923076923076923,0.0,0.875,0.0,0.0,0.0,0.0,0.0,-0.6428571428571429,1.0,1.5,0.0,,-0.025830258302583,-0.0288288288288288,0.8706249945585938,46600000.0,50600000.0,44300000.0,52400000.0,0.0,900000.0,0.0,0.0,-150.0,0.0,0.0,-0.6,0.0,-0.0316205533596837,0.0393749997539062,1992-03-30,,amc,,2025-04-25,1992-03-31,,6.663690476190476,162949.20634920636
1991-12-31,VRTX,USD,875320,1991-12-31,1991-12-30 19:00:00,1991,Q4,800000.0,-500000.0,1300000.0,1.625,0,0.0,0.0,2500000.0,500000.0,3000000.0,2500000.0,0.0,0.0,500000.0,-1200000.0,-1.5,-1700000.0,-2.125,400000.0,-1300000.0,-1.625,-400000.0,-1300000.0,-1.625,-0.0569,-0.0569,22857143,22857143,,,0.03499999978125,-0.0568749996445312,-0.017499999890625,-0.0437499997265625,1.2074999924531251,2.2837499857265624,2.2837499857265624,2.2837499857265624,0.1443749990976562,168571429.625,144271429.625,-32.417582620192306,210.71428703125,-421.4285740625001,-168.571429625,3.229337732279694,3.229337732279694,180.33928703125,-120.22619135416667,-360.6785740625,-144.271429625,-0.0077118643585805,-0.0059322033527542,0.0632183908045977,0.0577933450087565,20.25,19.14814814814815,0.0,0.3076923076923077,0.0,0.0,0.0,0.0,0.0,-1.5,0.75,1.2,0.0,,-0.0211676812396236,-0.0227670753064798,0.9931249937929688,49000000.0,52200000.0,46800000.0,54000000.0,0.0,850000.0,0.0,0.0,-144.0,0.0,0.0,-0.625,0.0,-0.0249042145593869,0.0262499998359375,1991-12-30,,amc,,2025-04-25,1991-12-31,,6.919921875,148959.375
1991-09-30,VRTX,USD,875320,1991-09-30,1991-09-29 20:00:00,1991,Q3,800000.0,-400000.0,1200000.0,1.5,0,0.0,0.0,2200000.0,400000.0,2600000.0,2200000.0,0.0,0.0,400000.0,-1000000.0,-1.25,-1400000.0,-1.75,300000.0,-1100000.0,-1.375,-200000.0,-1200000.0,-1.5,-0.07,-0.07,17142857,17142857,,,0.0466666670555555,-0.0700000005833333,-0.0408333336736111,-0.0408333336736111,0.4316666702638889,1.6216666801805557,1.6216666801805557,1.6216666801805557,0.2041666683680555,126428570.375,122528570.375,-26.339285494791667,158.03571296875,-180.61224339285715,-180.61224339285715,4.547790301258993,4.547790301258993,153.16071296875,-122.528570375,-175.04081482142857,-175.04081482142857,-0.0094915255028248,-0.0055367232099811,0.1258992805755395,0.1080246913580246,3.9,11.91304347826087,0.0,0.5833333333333334,0.0,0.0,0.0,0.0,0.0,0.0,0.0,0.0,0.0,,-0.0367132867132867,-0.037037037037037,0.1633333346944444,25100000.0,27800000.0,22800000.0,29700000.0,0.0,900000.0,0.0,0.0,-202.5,0.0,0.0,-0.4444444444444444,0.0,-0.0431654676258992,0.0,1991-09-29,,amc,,2025-04-25,1991-09-30,,5.11328125,237170.8333333333
1991-06-30,VRTX,USD,875320,1991-06-30,1991-06-29 20:00:00,1991,Q2,800000.0,-500000.0,1300000.0,1.625,0,0.0,0.0,2100000.0,500000.0,2600000.0,2100000.0,0.0,0.0,500000.0,-800000.0,-1.0,-1300000.0,-1.625,100000.0,-1200000.0,-1.5,100000.0,-1400000.0,-1.75,-0.0712,-0.0712,19676000,19676000,,,0.0406586704614759,-0.0711526733075828,,,0.1168936775767432,0.1321406789997967,0.1321406789997967,0.1321406789997967,0.1778816832689571,88542000.0,89742000.0,-15.811071428571427,110.6775,0.0,0.0,34.05461538461539,34.05461538461539,112.1775,-112.1775,0.0,0.0,-0.0158117051794628,,1.3461538461538465,0.4794520547945205,-1.5,1.1363636363636365,0.0,0.0,,,0.0,0.0,0.0,0.0,,0.0,,,-0.2308743169398907,-0.1917808219178082,-0.1219760113844277,300000.0,2600000.0,-2200000.0,4500000.0,,,,0.0,-162.0,0.0,0.0,-0.5555555555555556,0.0,-0.5384615384615384,,1991-06-29,,amc,,2025-04-25,1991-06-30,,,
1991-03-31,VRTX,USD,875320,1991-03-31,1991-03-30 19:00:00,1991,Q1,800000.0,0.0,800000.0,1.0,0,0.0,0.0,0.0,0.0,0.0,0.0,0.0,0.0,0.0,800000.0,1.0,800000.0,1.0,-800000.0,0.0,0.0,0.0,0.0,0.0,0.0,0.0,19676000,19676000,,,0.0406586704614759,0.0,,,,,,,,88542000.0,,0.0,110.6775,0.0,0.0,0.0,0.0,,,0.0,0.0,0.0,,0.0,0.0,,0.0,0.0,0.0,,0.0,0.0,0.0,0.0,0.0,,0.0,,,0.0,0.0,,,,,,,,,,0.0,0.0,0.0,0.0,0.0,0.0,,1991-12-30,,amc,,2025-04-25,1991-03-31,,,
1990-12-31,VRTX,USD,875320,1990-12-31,1990-12-30 19:00:00,1990,Q4,600000.0,0.0,600000.0,1.0,0,0.0,0.0,0.0,-6400000.0,-6400000.0,-6400000.0,0.0,0.0,0.0,-5800000.0,-9.6666666667,-5800000.0,-9.6666666667,5800000.0,0.0,0.0,0.0,0.0,0.0,0.0,0.0,19676000,19676000,,,0.0304940028461069,0.0,,,0.2236226875381175,0.2642813579995934,0.2642813579995934,0.2642813579995934,0.1626346818459036,88542000.0,87342000.0,0.0,147.57,0.0,0.0,17.027307692307694,17.027307692307694,145.57,-15.05896551724138,0.0,0.0,0.0,,0.6153846153846154,0.3478260869565217,0.2068965517241379,2.875,0.0,0.0,,0.0,0.0,0.0,0.0,0.0,,0.0,,0.0,,0.0,0.0203293352307379,3000000.0,5200000.0,600000.0,7400000.0,,,,0.0,0.0,0.0,0.0,0.0,0.0,0.0,,1990-12-30,,amc,,2025-04-25,1990-12-31,,,
1990-09-30,VRTX,USD,875320,1990-09-30,1990-09-29 20:00:00,1990,Q3,600000.0,0.0,600000.0,1.0,0,0.0,0.0,0.0,0.0,0.0,0.0,0.0,0.0,0.0,600000.0,1.0,600000.0,1.0,-600000.0,0.0,0.0,0.0,0.0,0.0,0.0,0.0,19676000,19676000,,,0.0304940028461069,0.0,,,,,,,,88542000.0,,0.0,147.57,0.0,0.0,0.0,0.0,,,0.0,0.0,0.0,,0.0,0.0,,0.0,0.0,0.0,,0.0,0.0,0.0,0.0,0.0,,0.0,,,0.0,0.0,,,,,,,,,,0.0,0.0,0.0,0.0,0.0,0.0,,1990-12-30,,amc,,2025-04-25,1990-09-30,,,
1990-06-30,VRTX,USD,875320,1990-06-30,1990-06-29 20:00:00,1990,Q2,600000.0,0.0,600000.0,1.0,0,0.0,0.0,0.0,0.0,0.0,0.0,0.0,0.0,0.0,600000.0,1.0,600000.0,1.0,-600000.0,0.0,0.0,0.0,0.0,0.0,0.0,0.0,19676000,19676000,,,0.0304940028461069,0.0,,,,,,,,88542000.0,,0.0,147.57,0.0,0.0,0.0,0.0,,,0.0,0.0,0.0,,0.0,0.0,,0.0,0.0,0.0,,0.0,0.0,0.0,0.0,0.0,,0.0,,,0.0,0.0,,,,,,,,,,0.0,0.0,0.0,0.0,0.0,0.0,,1990-12-30,,amc,,2025-04-25,1990-06-30,,,
1990-03-31,VRTX,USD,875320,1990-03-31,1990-03-30 19:00:00,1990,Q1,500000.0,0.0,500000.0,1.0,0,0.0,0.0,0.0,0.0,0.0,0.0,0.0,0.0,0.0,500000.0,1.0,500000.0,1.0,-500000.0,0.0,0.0,0.0,0.0,0.0,0.0,0.0,19676000,19676000,,,0.0254116690384224,0.0,,,,,,,,88542000.0,,0.0,177.084,0.0,0.0,0.0,0.0,,,0.0,0.0,0.0,,0.0,0.0,,0.0,0.0,0.0,,0.0,0.0,0.0,0.0,0.0,,0.0,,,0.0,0.0,,,,,,,,,,0.0,0.0,0.0,0.0,0.0,0.0,,1990-12-30,,amc,,2025-04-25,1990-03-31,,,
