date,symbol,reportedCurrency,cik,fillingDate,acceptedDate,calendarYear,period,revenue,costOfRevenue,grossProfit,grossProfitRatio,researchAndDevelopmentExpenses,generalAndAdministrativeExpenses,sellingAndMarketingExpenses,sellingGeneralAndAdministrativeExpenses,otherExpenses,operatingExpenses,costAndExpenses,interestIncome,interestExpense,depreciationAndAmortization,ebitda,ebitdaratio,operatingIncome,operatingIncomeRatio,totalOtherIncomeExpensesNet,incomeBeforeTax,incomeBeforeTaxRatio,incomeTaxExpense,netIncome,netIncomeRatio,eps,epsdiluted,weightedAverageShsOut,weightedAverageShsOutDil,link,finalLink,revenuePerShare,netIncomePerShare,operatingCashFlowPerShare,freeCashFlowPerShare,cashPerShare,bookValuePerShare,tangibleBookValuePerShare,shareholdersEquityPerShare,interestDebtPerShare,marketCap,enterpriseValue,peRatio,priceToSalesRatio,pocfratio,pfcfRatio,pbRatio,ptbRatio,evToSales,enterpriseValueOverEBITDA,evToOperatingCashFlow,evToFreeCashFlow,earningsYield,freeCashFlowYield,debtToEquity,debtToAssets,netDebtToEBITDA,currentRatio,interestCoverage,incomeQuality,dividendYield,payoutRatio,salesGeneralAndAdministrativeToRevenue,researchAndDdevelopementToRevenue,intangiblesToTotalAssets,capexToOperatingCashFlow,capexToRevenue,capexToDepreciation,stockBasedCompensationToRevenue,grahamNumber,roic,returnOnTangibleAssets,grahamNetNet,workingCapital,tangibleAssetValue,netCurrentAssetValue,investedCapital,averageReceivables,averagePayables,averageInventory,daysSalesOutstanding,daysPayablesOutstanding,daysOfInventoryOnHand,receivablesTurnover,payablesTurnover,inventoryTurnover,roe,capexPerShare,report_date,epsEstimated,time,revenueEstimated,updatedFromDate,fiscalDateEnding,surprise(%),QuarterAvgPrice,QuarterAvgVolume
2024-12-31,VST,USD,1692819,2025-02-28,2025-02-27 18:59:13,2024,Q4,4037000000.0,2437000000.0,1600000000.0,0.3963339113,0,0.0,0.0,464000000.0,537000000.0,1001000000.0,3438000000.0,15000000.0,209000000.0,740000000.0,1400000000.0,0.3467921724,599000000.0,0.1483775081,-148000000.0,451000000.0,0.1117166213,-39000000.0,441000000.0,0.1092395343,1.42,1.39,344788634,352567060,https://www.sec.gov/Archives/edgar/data/1692819/000169281925000013/0001692819-25-000013-index.htm,https://www.sec.gov/Archives/edgar/data/1692819/000169281925000013/vistra-20241231.htm,11.708622622403498,1.279044482655423,3.924143276718339,2.6770023979386743,3.445589218581956,16.19252913076015,1.632884452913839,16.154824871634254,50.9674573553373,47536008969.58,63712008969.58,26.947850889784583,11.77508272716869,35.13378342171471,51.50163485328277,8.534292454143626,8.534292454143626,15.782018570616795,45.508577835414286,47.089437523710274,69.0270953083207,0.0092771776503621,0.0194168593453156,3.117414721723519,0.4597299444003177,11.554285714285715,0.9628795066413662,2.8660287081339715,2.7612244897959184,0.0031555026021639,0.3401360544217687,0.0,0.0,0.1329097167063807,0.3178122690317812,0.1065147386673272,0.581081081081081,0.0059450086698043,21.561809790863773,0.0210151842600129,0.0134656488549618,-84.17185817093959,-313000000.0,563000000.0,-24068000000.0,22880000000.0,2094500000.0,1400500000.0,959500000.0,44.36462719841467,55.76528518670497,35.822732868280674,2.028643216080402,1.613907284768212,2.5123711340206185,0.0791741472172351,1.2471408787796645,2025-02-27,0.85,bmo,3913004363.0,2025-05-11,2024-12-31,0.3411764705882352,138.836875,6361445.875
2024-09-30,VST,USD,1692819,2024-11-08,2024-11-07 19:13:24,2024,Q3,6288000000.0,2823000000.0,3465000000.0,0.5510496183,0,0.0,0.0,411000000.0,466000000.0,877000000.0,3700000000.0,9000000.0,224000000.0,714000000.0,3330000000.0,0.5295801527,2588000000.0,0.4115776081,-196000000.0,2392000000.0,0.3804071247,555000000.0,1888000000.0,0.3002544529,5.36,5.25,342969916,350203692,https://www.sec.gov/Archives/edgar/data/1692819/000169281924000069/0001692819-24-000069-index.htm,https://www.sec.gov/Archives/edgar/data/1692819/000169281924000069/vistra-20240930.htm,18.33396956017565,5.504856000256303,4.962534381586984,2.9652746569177224,2.638715402665229,25.2296180986323,10.770623975077743,15.864365199891177,46.75628751065152,40655653842.64,55562653842.64,5.383428739756356,6.465593804491094,23.886988156662756,39.97606080888889,7.472092233530601,7.472092233530601,8.836299911361323,16.685481634426427,32.64550754561692,54.63387791803344,0.0464388054686713,0.0250149709542578,2.906083440544017,0.4174454828660436,4.476576576576576,1.1137075718015663,11.553571428571429,0.9265106151333696,0.0025334729678353,0.0545550847457627,0.0,0.0,0.1309203231427213,0.6427732079905993,0.1739821882951654,1.4170984455958548,0.0036577608142493,44.32774000690493,0.0625676324174034,0.0573528965035389,-76.380605930463,871000000.0,3694000000.0,-20694000000.0,24327000000.0,2154500000.0,1304000000.0,956500000.0,31.47423664122137,41.158342189160464,30.255047821466523,2.859481582537517,2.1866769945778466,2.974710221285564,0.3469950376768976,3.189784144216311,2024-11-07,1.2,bmo,5012404707.0,2025-04-24,2024-09-30,3.5000000000000004,84.86953125,6787621.828125
2024-06-30,VST,USD,1692819,2024-08-09,2024-08-08 18:03:53,2024,Q2,3845000000.0,2225000000.0,1620000000.0,0.4213263979,0,0.0,0.0,375000000.0,437000000.0,812000000.0,3037000000.0,18000000.0,230000000.0,622000000.0,1478000000.0,0.3843953186,808000000.0,0.2101430429,-182000000.0,626000000.0,0.1628088427,159000000.0,365000000.0,0.0949284785,0.92,0.9,347046021,354327393,https://www.sec.gov/Archives/edgar/data/1692819/000169281924000061/0001692819-24-000061-index.htm,https://www.sec.gov/Archives/edgar/data/1692819/000169281924000061/vistra-20240630.htm,11.079222256808412,1.0517337122848038,3.4462288216236314,2.0112606333555973,11.252109990334684,21.05484448127414,6.114462842379052,16.11601822687372,49.46894348631648,30310999474.14,45601999474.14,20.76095854393151,7.883224830725617,25.34364504526756,43.42550067928367,5.419452793516896,5.419452793516896,11.860077886642392,30.85385620713126,38.128762102123744,65.33237747011461,0.0120418332068331,0.0230279440503274,3.028428392633649,0.4329201277955271,10.34573748308525,0.977030923734712,3.5130434782608697,3.276712328767123,0.0048827159304419,0.4054794520547945,0.0,0.0,0.1325239616613418,0.4163879598662207,0.129518855656697,0.8829787234042553,0.0083224967490247,19.528686405708086,0.0189742244692551,0.0107542722451384,-74.48147633422946,-231000000.0,2122000000.0,-21992000000.0,23233000000.0,1920000000.0,1208500000.0,970000000.0,49.3888166449935,53.27191011235955,38.99325842696629,1.822274881516588,1.689445709946849,2.3080912863070537,0.0652601466118362,1.434968188268034,2024-08-08,1.38,bmo,3964369613.0,2025-04-24,2024-06-30,-0.3478260869565217,83.68571428571428,8661791.0
2024-03-31,VST,USD,1692819,2024-05-10,2024-05-09 18:49:22,2024,Q1,3054000000.0,2214000000.0,840000000.0,0.2750491159,0,0.0,0.0,351000000.0,403000000.0,754000000.0,2968000000.0,23000000.0,196000000.0,555000000.0,749000000.0,0.2452521284,86000000.0,0.0281597904,-88000000.0,-2000000.0,-0.0006548788,-20000000.0,-35000000.0,-0.0114603798,-0.24,-0.24,348966197,348966197,https://www.sec.gov/Archives/edgar/data/1692819/000169281924000033/0001692819-24-000033-index.htm,https://www.sec.gov/Archives/edgar/data/1692819/000169281924000033/vistra-20240331.htm,8.751563980278583,-0.1002962473181893,0.8940694046650025,-0.813832406810451,3.326969803897654,20.873081870448328,6.1008774440121485,16.207873566619405,47.61492701254385,24961552071.41,40279552071.41,-178.29680051007145,8.173396225085135,80.00497458785257,-87.89278898383803,4.413287141338402,4.413287141338402,13.189113317423052,53.77777312604807,129.10112843400643,-141.8294087021479,-0.0014021564003661,-0.0113774976486851,2.903111739745403,0.4300906281104301,20.451268357810413,1.0749857549857549,0.4387755102040816,-8.914285714285715,0.0030847440808054,-2.2,0.0,0.0,0.135025407302635,1.9102564102564104,0.1951538965291421,1.0738738738738738,0.0068762278978389,,-0.0250948351327691,-0.0010598673651697,-80.08655348357422,658000000.0,2129000000.0,-21461000000.0,23889000000.0,1705000000.0,1123500000.0,858000000.0,50.98231827111984,44.71544715447155,39.67479674796748,1.7653179190751445,2.0127272727272727,2.26844262295082,-0.0061881188118811,1.7079018114754536,2024-05-09,0.619,bmo,2923482623.0,2025-04-24,2024-03-31,-0.6284329563812602,49.46852459016393,4868056.081967213
2023-12-31,VST,USD,1692819,2024-02-29,2024-02-28 21:35:37,2023,Q4,3078000000.0,2228000000.0,850000000.0,0.2761533463,0,0.0,0.0,355000000.0,-5000000.0,748000000.0,2976000000.0,44000000.0,171000000.0,425000000.0,513000000.0,0.1666666667,102000000.0,0.0331384016,-248000000.0,-146000000.0,-0.0474333983,38000000.0,-184000000.0,-0.0597790773,-0.52,-0.52,351457016,351457016,https://www.sec.gov/Archives/edgar/data/1692819/000169281924000012/0001692819-24-000012-index.htm,https://www.sec.gov/Archives/edgar/data/1692819/000169281924000012/vistra-20231231.htm,8.757827728213568,-0.5235348609458403,2.5067076765939422,1.3287542394658014,10.06666488057817,15.14267679322697,2.4896358876500564,15.099997320867256,42.26690412690467,13538124256.320002,24737124256.32,-18.394190565652178,4.398350960467837,15.366769870964816,28.989559435374737,2.5509938300961,2.5509938300961,8.036752519922027,48.220515119532166,28.07846113089671,52.970287486766594,-0.0135912476881059,0.0344951775562253,2.766911626154136,0.4454286234302008,21.830409356725145,1.184668634836608,0.5964912280701754,-4.788043478260869,0.0118184762505268,-0.8695652173913043,0.0,0.0,0.1348965600922162,0.4699205448354143,0.1345029239766081,0.8054474708171206,0.0045484080571799,,0.00505377988699,-0.0064518391247939,-63.95092138379733,1814000000.0,875000000.0,-16007000000.0,18743000000.0,1854500000.0,1135500000.0,712500000.0,49.12280701754386,46.33303411131059,29.89228007181329,1.832142857142857,1.942458587619878,3.0108108108108107,-0.0346711889956661,1.1779534371281408,2024-02-28,-0.03055,bmo,3470610436.0,2025-04-24,2023-12-31,14.711947626841242,34.780793650793655,3914414.460317461
2023-09-30,VST,USD,1692819,2023-11-07,2023-11-07 10:00:15,2023,Q3,4086000000.0,2520000000.0,1566000000.0,0.3832599119,0,0.0,0.0,357000000.0,-20000000.0,732000000.0,3252000000.0,16000000.0,143000000.0,499000000.0,1356000000.0,0.3318649046,834000000.0,0.2041116006,-163000000.0,671000000.0,0.1642192854,169000000.0,502000000.0,0.1228585414,1.27,1.25,366570040,372149099,https://www.sec.gov/Archives/edgar/data/1692819/000162828023037205/0001628280-23-037205-index.htm,https://www.sec.gov/Archives/edgar/data/1692819/000162828023037205/vistra-20230930.htm,11.14657378982745,1.3694517969881008,4.255666938847485,3.339061752018796,8.89052471391279,15.061241775241642,2.8780311669769847,15.020321900829648,38.5246977630796,12162793927.2,22971793927.2,6.057168290438247,2.976699443759178,7.796662773846154,9.936923143137257,2.2090072515800943,2.2090072515800943,5.622073893098385,16.940850978761063,14.725508927692308,18.76780549607843,0.0412734116030169,0.1006347725141288,2.538866690882674,0.4375958678979496,7.971238938053097,1.2230224051211709,5.8321678321678325,3.1075697211155378,0.0061663463550324,0.149402390438247,0.0,0.0,0.1398027860385036,0.2153846153846154,0.0822320117474302,0.6706586826347305,0.0048947626040137,21.5131623294832,0.0248109729892331,0.0182684959423559,-58.10826765875356,1951000000.0,1055000000.0,-15725000000.0,18816000000.0,1868000000.0,1100000000.0,680500000.0,44.691629955947135,40.142857142857146,24.464285714285715,2.013799901429276,2.2419928825622777,3.678832116788321,0.0911732655285143,0.916605186828689,2023-11-07,1.58,bmo,4086000000.0,2025-04-24,2023-09-30,-0.2088607594936709,30.028412698412694,4731564.666666667
2023-06-30,VST,USD,1692819,2023-08-09,2023-08-09 10:07:10,2023,Q2,3189000000.0,1920000000.0,1269000000.0,0.3979303857,0,0.0,0.0,309000000.0,-5000000.0,678000000.0,2598000000.0,12000000.0,146000000.0,465000000.0,1227000000.0,0.3847601129,591000000.0,0.1853245532,8000000.0,599000000.0,0.1878331765,123000000.0,476000000.0,0.1492630919,1.18,1.17,372956476,376794258,https://www.sec.gov/Archives/edgar/data/1692819/000162828023028436/0001628280-23-028436-index.htm,https://www.sec.gov/Archives/edgar/data/1692819/000162828023028436/vistra-20230630.htm,8.550595592821935,1.2762883355858392,4.2283754311320765,3.043250548088083,1.957332951633745,14.409188057643489,2.356843376008304,14.36896888740444,33.25320995364617,9790107495.0,21403107495.0,5.141863180147059,3.0699615851364066,6.208058018389347,8.625645370044053,1.826853423213286,1.826853423213286,6.711542017873942,17.443445391198043,13.572040263157897,18.857363431718063,0.0486205080223176,0.1159333542128793,2.2869938421347267,0.402205303229194,9.464547677261614,1.1685024914765276,4.0479452054794525,3.313025210084034,0.0154237325869117,0.3172268907563025,0.0,0.0,0.1475124704646889,0.280279010779962,0.1386014424584509,0.9525862068965516,0.0065851364063969,20.313205462734768,0.0201572057983816,0.0183239019132309,-60.99840454305451,1285000000.0,879000000.0,-16187000000.0,18371000000.0,1597500000.0,1040500000.0,652500000.0,48.17497648165569,50.4375,31.687500000000004,1.868189806678383,1.7843866171003715,2.8402366863905324,0.0888225415189401,1.1851248830439935,2023-08-09,0.82,bmo,5908910000.0,2025-04-24,2023-06-30,0.4268292682926829,24.434193548387096,3310202.9032258065
2023-03-31,VST,USD,1692819,2023-05-09,2023-05-09 09:57:03,2023,Q1,4425000000.0,2591000000.0,1834000000.0,0.4144632768,0,0.0,0.0,288000000.0,366000000.0,654000000.0,3245000000.0,14000000.0,207000000.0,477000000.0,1519000000.0,0.3432768362,1131000000.0,0.2555932203,-310000000.0,876000000.0,0.1979661017,178000000.0,699000000.0,0.1579661017,1.72,1.71,383631369,387553379,https://www.sec.gov/Archives/edgar/data/1692819/000162828023016662/0001628280-23-016662-index.htm,https://www.sec.gov/Archives/edgar/data/1692819/000162828023016662/vistra-20230331.htm,11.534510359605134,1.8220616364664384,3.74057002622223,2.478942226437171,1.55357472866094,13.596385544791046,1.806421622419516,13.557285509673742,34.050917249157486,9207152856.0,21545152856.0,3.2929731244635194,2.0807125098305086,6.416134394425087,9.681548744479496,1.7702658827148623,1.7702658827148623,4.86896109740113,14.183774098749176,15.014043802090592,22.655260626708728,0.0759192348527682,0.1032892594348821,2.471832339934628,0.4131503679660636,8.122448979591837,1.1654006370987504,5.463768115942029,2.055873925501433,0.008363063066757,0.1101573676680972,0.0,0.0,0.1453546293023106,0.3372822299651568,0.1093785310734463,1.0146750524109014,0.0049717514124293,23.575405001621384,0.0381841842085864,0.02628412423855,-62.23291922720741,1350000000.0,693000000.0,-16389000000.0,18534000000.0,1787000000.0,1280500000.0,599500000.0,30.26440677966102,34.90930142802007,21.848707062910076,2.973790322580645,2.578109452736318,4.119236883942766,0.1343972313016727,1.261627799785059,2023-05-09,-0.02,bmo,1888920000.0,2025-04-24,2023-03-31,19.0,23.182419354838707,3905550.306451613
2022-12-31,VST,USD,1692819,2023-03-01,2023-03-01 09:41:10,2022,Q4,3869000000.0,3216000000.0,653000000.0,0.1687774619,0,248000000.0,47000000.0,295000000.0,382000000.0,677000000.0,3893000000.0,15000000.0,155000000.0,482000000.0,551000000.0,0.1424140605,-103000000.0,-0.0266218661,-236000000.0,-336000000.0,-0.0868441458,-88000000.0,-248000000.0,-0.0640992505,-0.63,-0.63,391261252,391261252,https://www.sec.gov/Archives/edgar/data/1692819/000169281923000005/0001692819-23-000005-index.htm,https://www.sec.gov/Archives/edgar/data/1692819/000169281923000005/vistra-20221231.htm,9.888533505996142,-0.633847585806938,1.0044439565408332,0.0025558370395441,1.3980428606306254,12.569606560477908,0.9635505639081277,12.528713167845202,34.48079750048952,9077261046.4,21958261046.4,-9.150464764516128,2.346151730783148,23.09735635216285,9077.2610464,1.851746439494084,1.851746439494084,5.675435783509951,39.851653441742286,55.87343777709924,21958.261046400003,-0.0273210166296094,0.0001101653896355,2.7205222358221133,0.4067465763869826,23.37749546279492,1.0753603560027087,-0.6645161290322581,-1.5846774193548387,0.0165248084453282,-0.6048387096774194,0.0640992504523132,0.0,0.1385000152499466,0.9974554707379136,0.1013181700697854,0.8305084745762712,0.0038769707934866,,-0.0032253111672737,-0.0087800042483891,-65.10355898978722,779000000.0,377000000.0,-16753000000.0,17925000000.0,1970000000.0,1477000000.0,580000000.0,48.5241664512794,43.54477611940298,15.951492537313433,1.854745925215724,2.0668380462724936,5.642105263157895,-0.0505915952672378,1.0018881195012892,2023-03-01,0.19,bmo,6426533420.0,2025-04-24,2022-12-31,-4.578947368421053,23.14,3674428.793650794
2022-09-30,VST,USD,1692819,2022-11-04,2022-11-04 10:24:53,2022,Q3,5146000000.0,3539000000.0,1607000000.0,0.3122813836,0,0.0,0.0,323000000.0,390000000.0,713000000.0,4252000000.0,2000000.0,148000000.0,497000000.0,1573000000.0,0.3056743101,894000000.0,0.1737271667,20000000.0,914000000.0,0.1776136805,236000000.0,668000000.0,0.1298095608,1.61,1.6,413762896,417482511,https://www.sec.gov/Archives/edgar/data/1692819/000169281922000024/0001692819-22-000024-index.htm,https://www.sec.gov/Archives/edgar/data/1692819/000169281922000024/vistra-20220930.htm,12.43707458969448,1.6144511904228358,1.969727126039837,1.2543415686069637,1.4863585061527604,13.53673819993758,2.455512589026349,13.490818181048308,31.50838348733909,8689020816.0,21043020816.0,3.2518790479041915,1.688499964244073,10.661375234355829,16.741851283236993,1.5566142629881763,1.5566142629881763,4.089199536727556,13.37763561093452,25.819657442944784,40.54531949132948,0.0768786281153731,0.0597305508860458,2.3090290218559657,0.3664250177683013,7.853782581055309,1.103601712702544,6.04054054054054,1.200294550810015,0.0086315824979835,0.1122754491017964,0.0,0.0,0.1303482587064676,0.3631901840490797,0.0575204041974349,0.5681381957773513,0.0027205596579867,22.137208905457307,0.0277068775343872,0.0218372016999019,-65.91577027245091,1234000000.0,1016000000.0,-16429000000.0,18408000000.0,1831000000.0,1435000000.0,595500000.0,32.42518460940536,35.55241593670528,15.004238485447866,2.7756202804746493,2.5314735336194563,5.998305084745763,0.1196703690433536,0.7153855574328734,2022-11-04,1.58,bmo,6630799202.0,2025-04-24,2022-09-30,-0.0443037974683544,24.19734375,4015250.5625
2022-06-30,VST,USD,1692819,2022-08-05,2022-08-05 09:01:37,2022,Q2,1588000000.0,2597000000.0,-1009000000.0,-0.6353904282,0,0.0,0.0,280000000.0,394000000.0,674000000.0,3271000000.0,2000000.0,139000000.0,512000000.0,-1098000000.0,-0.6914357683,-1683000000.0,-1.0598236776,-81000000.0,-1764000000.0,-1.1108312343,-407000000.0,-1357000000.0,-0.854534005,-3.17,-3.16,428746308,429193031,https://www.sec.gov/Archives/edgar/data/1692819/000169281922000017/0001692819-22-000017-index.htm,https://www.sec.gov/Archives/edgar/data/1692819/000169281922000017/vistra-20220630.htm,3.703821981366193,-3.165041831683831,-3.0647494228685,-3.6245210069540703,4.454848856681,12.601857786726413,1.814592885077392,12.576201589122489,33.667928401146725,9796853137.8,22221853137.800003,-1.804873459432572,6.16930298350126,-7.455748202283106,-6.304281298455599,1.816923801520772,1.816923801520772,13.993610288287156,-20.238481910564666,-16.911608171841706,-14.299776793951096,-0.1385138657192048,-0.1586223635428477,2.6513353115727,0.3815522579267641,-11.316029143897996,1.0451065590730395,-12.107913669064748,0.9683124539425204,0.0154131125450257,-0.1112748710390567,0.0,0.0,0.1234386676630724,-0.182648401826484,0.1511335012594458,0.46875,0.0125944584382871,,-0.0517027584964739,-0.0413177846116371,-66.46937703776099,654000000.0,778000000.0,-16912000000.0,18103000000.0,1824000000.0,1378000000.0,573500000.0,102.46851385390428,51.012706969580286,20.82787832113977,0.8783185840707964,1.7642663043478262,4.321131447587354,-0.2516691394658754,0.5597715840855707,2022-08-05,0.17,bmo,4008065918.0,2025-04-24,2022-06-30,7.705882352941177,24.71403225806452,5862199.096774193
2022-03-31,VST,USD,1692819,2022-05-06,2022-05-06 07:46:05,2022,Q1,3125000000.0,2695000000.0,430000000.0,0.1376,0,0.0,0.0,288000000.0,430000000.0,718000000.0,3413000000.0,0.0,120000000.0,542000000.0,300000000.0,0.096,-382000000.0,-0.12224,-87000000.0,-375000000.0,-0.12,-91000000.0,-284000000.0,-0.09088,-0.63,-0.63,448611111,451603354,https://www.sec.gov/Archives/edgar/data/1692819/000169281922000011/0001692819-22-000011-index.htm,https://www.sec.gov/Archives/edgar/data/1692819/000169281922000011/vistra-20220331.htm,6.965944274171132,-0.6330650156366725,1.3173993811312443,0.4859442725661781,2.278142415424927,16.276904028799233,5.708730651568726,16.272445824463762,25.63244582678203,10430208330.75,20787208330.75,-9.181521417913732,3.33766666584,17.64840665101523,47.84499234288991,1.4287956617465754,1.4287956617465754,6.65190666584,69.29069443583333,35.172941337986465,95.35416665481652,-0.0272286028230826,0.0209008289275775,1.5587671232876712,0.3465720464167149,34.52333333333333,1.1062341611758744,-3.183333333333333,-2.080985915492957,0.0073824028780893,-0.2711267605633803,0.0,0.0,0.1443974050497974,0.6311336717428088,0.11936,0.6881918819188192,0.00448,,-0.0122600895594072,-0.0101096397550904,-50.94835914574573,1048000000.0,2561000000.0,-14618000000.0,18715000000.0,1898000000.0,1399500000.0,578000000.0,52.992,42.87940630797774,18.233766233766232,1.6983695652173914,2.0989096573208723,4.935897435897436,-0.038904109589041,0.8314551085650663,2022-05-06,0.23,bmo,3830609318.0,2025-04-24,2022-03-31,-1.2608695652173914,22.188064516129035,4522851.516129033
2021-12-31,VST,USD,1692819,2022-02-25,2022-02-25 07:47:08,2021,Q4,3314000000.0,1728000000.0,1586000000.0,0.4785757393,0,221000000.0,48000000.0,269000000.0,30000000.0,667000000.0,2395000000.0,87000000.0,0.0,488000000.0,1548000000.0,0.4671092336,886000000.0,0.2673506337,-70000000.0,841000000.0,0.2537718769,111000000.0,726000000.0,0.2190706095,1.51,1.51,482516965,484494546,https://www.sec.gov/Archives/edgar/data/1692819/000169281922000005/0001692819-22-000005-index.htm,https://www.sec.gov/Archives/edgar/data/1692819/000169281922000005/vistra-20211231.htm,6.868152293878413,1.5046103094012455,0.5947977393914015,0.0911885036000755,2.77503196182957,17.18488799663241,7.384196325615204,17.1828155306415,22.81577809393707,10986911293.05,20670911293.05,3.783371657386364,3.315302140328908,38.28192088170732,249.7025293875,1.325161173929562,1.325161173929562,6.237450601403138,13.353301868895349,72.02408116045297,469.7934384784091,0.0660786257971561,0.0040047651998276,1.3278253527921844,0.3708856921470201,6.255813953488372,1.3491357179531065,0.0,0.3931506849315068,0.0064622347542673,0.0977961432506887,0.0666867833433916,0.0,0.1593167806488562,0.8466898954703833,0.0733252866626433,0.4869739478957915,0.0033192516596258,24.11850806577219,0.0318346155349261,0.0290935320990622,-37.88467831384955,2040000000.0,3563000000.0,-13508000000.0,19865000000.0,1746000000.0,1343500000.0,540500000.0,53.12009656004828,78.90625,31.77083333333333,1.6942740286298568,1.1405940594059405,2.832786885245901,0.0875648293330117,0.503609235791326,2022-02-25,1.6,bmo,6007169470.0,2025-04-24,2021-12-31,-0.0625,20.0525,4222943.984375
2021-09-30,VST,USD,1692819,2021-11-05,2021-11-05 07:47:39,2021,Q3,2991000000.0,2135000000.0,856000000.0,0.2861919091,0,0.0,0.0,269000000.0,36000000.0,737000000.0,2872000000.0,0.0,120000000.0,559000000.0,737000000.0,0.2464058843,119000000.0,0.0397860247,-78000000.0,41000000.0,0.01370779,31000000.0,7000000.0,0.0023403544,0.0145,0.0144,482516965,484494546,https://www.sec.gov/Archives/edgar/data/1692819/000169281921000015/0001692819-21-000015-index.htm,https://www.sec.gov/Archives/edgar/data/1692819/000169281921000015/vistra-20210930.htm,6.198745778814223,0.0145072619363756,1.168870818873695,0.6631891170914581,0.7668124166369985,12.499042391183076,2.528408508911184,12.50940472113763,24.33489566527469,8251040101.500001,19522040101.5,294.68000362500004,2.7586225682046144,14.629503726063833,25.784500317187504,1.3669715211232605,1.3669715211232605,6.526927482948847,26.488521168928088,34.61354627925532,61.0063753171875,0.0008483778910161,0.038782989303594,1.92544731610338,0.388280101563544,15.293080054274084,0.9904064630143904,0.9916666666666668,56.4,0.0087261725933086,10.285714285714286,0.0,0.0,0.1607309902445543,0.4326241134751773,0.0815780675359411,0.4192439862542955,0.0036776997659645,2.020702166710312,0.0012689922282223,0.0002786513275745,-45.89165066973344,-76000000.0,1220000000.0,-16055000000.0,17871000000.0,1444000000.0,1125000000.0,478500000.0,46.21865596790372,49.40515222482435,19.85480093676815,1.947265625,1.8216723549488056,4.532908704883227,0.0011597084161696,0.5056817017822368,2021-11-05,1.52,bmo,4713180000.0,2025-04-24,2021-09-30,-0.9802631578947368,18.47890625,3624064.671875
2021-06-30,VST,USD,1692819,2021-08-05,2021-08-05 07:58:56,2021,Q2,2565000000.0,1749000000.0,816000000.0,0.318128655,0,0.0,0.0,252000000.0,-34000000.0,716000000.0,2465000000.0,0.0,108000000.0,464000000.0,509000000.0,0.1984405458,62000000.0,0.02417154,-142000000.0,-80000000.0,-0.0311890838,-115000000.0,36000000.0,0.0140350877,0.07,0.07,486022633,487366226,https://www.sec.gov/Archives/edgar/data/1692819/000169281921000011/0001692819-21-000011-index.htm,https://www.sec.gov/Archives/edgar/data/1692819/000169281921000011/vistra-20210630.htm,5.277532003329565,0.0740706246081342,1.226280340734667,0.4979191987546802,0.9526305331546154,12.485015281171073,2.460790750870238,12.50147541997288,24.762221309969323,9015719842.15,20498719842.15,62.609165570486105,3.5149005232553603,15.12704671501678,37.25504067004132,1.483824858813364,1.483824858813364,7.991703642163743,40.27253407102162,34.393825238506714,84.70545389318183,0.0039930255853441,0.0268420053237024,1.9629690585911783,0.4414954654821395,22.55992141453831,0.9092475588742104,0.5740740740740741,16.555555555555557,0.0080969685480589,2.0277777777777777,0.0,0.0,0.1803442531926707,0.5939597315436241,0.1380116959064327,0.7729257641921398,0.0035087719298245,4.564517728064395,-0.0011808367071524,0.0016257959626066,-39.559886092794365,-474000000.0,1196000000.0,-16198000000.0,17768000000.0,1334000000.0,1103500000.0,476500000.0,47.43859649122807,55.47169811320755,25.00857632933105,1.897189349112426,1.6224489795918366,3.598765432098765,0.0059249506254114,0.7283611419799868,2021-08-05,0.55,bmo,3310220000.0,2025-04-24,2021-06-30,-0.8727272727272727,17.264920634920635,5290578.746031746
2021-03-31,VST,USD,1692819,2021-05-04,2021-05-04 08:00:54,2021,Q1,3207000000.0,5116000000.0,-1909000000.0,-0.5952603679,0,0.0,0.0,251000000.0,34000000.0,674000000.0,5790000000.0,0.0,104000000.0,511000000.0,-1897000000.0,-0.5915185532,-2583000000.0,-0.8054256314,58000000.0,-2525000000.0,-0.7873401933,-485000000.0,-2043000000.0,-0.6370439663,-4.21,-4.21,484699267,484699267,https://www.sec.gov/Archives/edgar/data/1692819/000169281921000007/0001692819-21-000007-index.htm,https://www.sec.gov/Archives/edgar/data/1692819/000169281921000007/vistra-20210331.htm,6.616473797968421,-4.21498471133442,-3.4103620792147806,-3.8064839904121417,1.196618273408695,12.570681275653754,2.438625515808754,12.585123220332823,25.13929941635336,8569483040.559999,20089483040.56,-1.0486396280665689,2.672118191630807,-5.184200266521476,-4.64470625504607,1.404833285337705,1.404833285337705,6.264260380592453,-10.59013338985767,-12.15334727196612,-10.88860869407046,-0.2384041126320373,-0.2152988682359808,1.9804918032786885,0.4667001467974967,-6.072746441750132,0.68220495745468,-24.83653846153846,0.8102941176470588,0.0086352933601423,-0.0362212432697014,0.0,0.0,0.1897164490458162,-0.1161524500907441,0.0598690364826941,0.3757338551859099,0.0049890863735578,,-0.0907606404532072,-0.0974016686531585,-37.12095566259645,-1718000000.0,1182000000.0,-16105000000.0,16629000000.0,1297500000.0,1004500000.0,491000000.0,36.93171188026192,19.861219702892885,8.215402658326818,2.43693009118541,4.531443755535872,10.955032119914346,-0.3349180327868852,0.396121911197361,2021-05-04,-2.34,bmo,2299439643.0,2025-04-24,2021-03-31,0.7991452991452992,19.87655737704918,6474486.032786885
2020-12-31,VST,USD,1692819,2021-02-26,2021-02-26 07:45:49,2020,Q4,2524000000.0,1715000000.0,809000000.0,0.3205229794,0,237000000.0,43000000.0,280000000.0,-34000000.0,733000000.0,2448000000.0,1000000.0,98000000.0,536000000.0,590000000.0,0.2337559429,76000000.0,0.030110935,-120000000.0,-44000000.0,-0.0174326466,-17000000.0,-29000000.0,-0.0114896989,-0.0598,-0.0598,484699267,484699267,https://www.sec.gov/Archives/edgar/data/1692819/000169281921000004/0001692819-21-000004-index.htm,https://www.sec.gov/Archives/edgar/data/1692819/000169281921000004/vistra-20201231.htm,5.207352624281976,-0.0598309136704347,2.0363141997489342,1.167734384050554,0.876832355514992,17.24987135167258,6.87642880219169,17.270502701214113,20.59421311235447,9529187589.22,19007187589.22,-82.14816887258621,3.775430899057052,9.65469867195542,16.836020475653708,1.1383571364496474,1.1383571364496474,7.530581453732172,32.215572185118646,19.257535551388045,33.58160351452297,-0.0030432814684859,0.0593964590056233,1.180743041452634,0.3920977467470644,16.064406779661017,1.1294466403162056,0.7755102040816326,-36.55555555555556,0.0071359703398982,-2.3448275862068964,0.0938985736925515,0.0,0.1994604887337353,0.4265450861195542,0.1667987321711569,0.7854477611940298,0.0075277337559429,,0.0020658411356085,-0.0014370664023785,-31.37048276163372,393000000.0,3333000000.0,-13418000000.0,18966000000.0,1325500000.0,888500000.0,511500000.0,45.60618066561015,46.18075801749272,27.026239067055396,1.9734167318217355,1.9488636363636365,3.3300970873786406,-0.003464341177876,0.8685798156983803,2021-02-26,0.87,bmo,4692647368.0,2025-04-24,2020-12-31,-1.0229885057471264,18.6203125,3518804.203125
2020-09-30,VST,USD,1692819,2020-11-04,2020-11-04 07:46:43,2020,Q3,3552000000.0,1926000000.0,1626000000.0,0.4577702703,0,0.0,0.0,268000000.0,66000000.0,678000000.0,2604000000.0,0.0,101000000.0,410000000.0,1231000000.0,0.3465653153,676000000.0,0.1903153153,-35000000.0,641000000.0,0.1804617117,199000000.0,443000000.0,0.1247184685,0.91,0.9,488824580,491025940,https://www.sec.gov/Archives/edgar/data/1692819/000169281920000019/0001692819-20-000019-index.htm,https://www.sec.gov/Archives/edgar/data/1692819/000169281920000019/vistra-20200930.htm,7.26641037568119,0.9062555733183466,2.1295983111160246,1.6181674006654905,1.061730570095309,17.247496024033815,6.924774527500233,17.274090431377243,21.19574265271194,9219231578.8,18979231578.8,5.202726624604966,2.595504385923423,8.85613023900096,11.65516002376738,1.0918085716248225,1.0918085716248225,5.343252133671171,15.417734832493906,18.23173062324688,23.993971654614413,0.0480517271112591,0.0857989077765371,1.215063950734249,0.4023687203419742,7.928513403736799,1.1105527638190955,6.693069306930693,2.3552036199095023,0.0071589480572079,0.1489841986455982,0.0,0.0,0.1978901133377779,0.2401536983669548,0.0703828828828828,0.5102040816326531,0.0045045045045045,18.76783595323171,0.0203747777500924,0.0216594142668557,-31.230017115751423,374000000.0,3385000000.0,-13311000000.0,19030000000.0,1322000000.0,888000000.0,524500000.0,34.76351351351352,41.91588785046729,23.738317757009344,2.5889212827988337,2.1471571906354514,3.7913385826771657,0.0524632875414495,0.5114309104505342,2020-11-04,0.76,bmo,3005538461.0,2025-04-24,2020-09-30,0.2763157894736842,18.84734375,3185270.734375
2020-06-30,VST,USD,1692819,2020-08-05,2020-08-05 07:55:34,2020,Q2,2509000000.0,1441000000.0,1068000000.0,0.4256675967,0,0.0,0.0,236000000.0,-7000000.0,691000000.0,2132000000.0,1000000.0,116000000.0,533000000.0,870000000.0,0.3467516939,377000000.0,0.1502590674,-145000000.0,232000000.0,0.0924671184,68000000.0,166000000.0,0.0661618175,0.34,0.34,488680442,490468735,https://www.sec.gov/Archives/edgar/data/1692819/000169281920000015/0001692819-20-000015-index.htm,https://www.sec.gov/Archives/edgar/data/1692819/000169281920000015/vistra-20200630.htm,5.13423453112126,0.3396902878302627,1.5490695655874027,0.8799206251024877,0.8205771410839479,16.460654670521887,6.028479445469602,16.48521059494335,22.184231387758302,9099229830.04,19442229830.04,13.70365938259036,3.6266360422638506,12.020118665838838,21.160999604744188,1.129497248018868,1.129497248018868,7.748995548043045,22.34739060924138,25.68326265527081,45.21448797683721,0.0182433022465232,0.0472567467831626,1.3313058589870903,0.4076861671798381,11.888505747126436,0.8717339667458432,3.25,4.615853658536586,0.0072533611341598,0.3975903614457831,0.0,0.0,0.193788725434295,0.4319682959048877,0.1303308090872857,0.6135084427767354,0.0063770426464726,11.224837792530591,0.0115748783877692,0.0078268659531331,-34.04576604684335,-594000000.0,2946000000.0,-14226000000.0,18431000000.0,1184500000.0,841500000.0,527500000.0,45.62774013551216,54.899375433726576,33.78903539208883,1.97248427672956,1.639362912400455,2.6635859519408505,0.0206057596822244,0.6691489404849151,2020-08-05,0.41,bmo,3025558823.0,2025-04-24,2020-06-30,-0.170731707317073,18.846984126984125,4270318.428571428
2020-03-31,VST,USD,1692819,2020-05-05,2020-05-05 07:59:22,2020,Q1,2858000000.0,1712000000.0,1146000000.0,0.4009797061,0,0.0,0.0,252000000.0,-8000000.0,671000000.0,2383000000.0,1000000.0,125000000.0,489000000.0,676000000.0,0.2365290413,391000000.0,0.1368089573,-329000000.0,62000000.0,0.021693492,17000000.0,56000000.0,0.0195941218,0.11,0.11,487944564,490638626,https://www.sec.gov/Archives/edgar/data/1692819/000169281920000010/0001692819-20-000010-index.htm,https://www.sec.gov/Archives/edgar/data/1692819/000169281920000010/vistra-20200331.htm,5.857222747951343,0.1147671357191305,1.131276052088573,0.5963792231119107,1.5022198300379055,16.24364853053266,5.619490823961716,16.264142661911077,23.66252408951932,7787595241.440001,18491595241.44,34.766050185000005,2.724840882239328,14.107962393913043,26.76149567505155,0.981299803608871,0.981299803608871,6.470117299314206,27.354430830532547,33.499266741739135,63.54500082969073,0.0071909232906723,0.0373671192426009,1.4391381048387095,0.4282500281225392,15.83431952662722,0.990225890529974,3.128,12.266666666666667,0.0084750167354352,1.1785714285714286,0.0,0.0,0.1943829914882447,0.4728260869565217,0.0913226032190342,0.5337423312883436,0.0048985304408677,6.480605992905612,0.0121309020509808,0.0026064696299744,-34.69707677694305,-45000000.0,2742000000.0,-14184000000.0,19006000000.0,1231000000.0,875500000.0,491500000.0,34.54513645906228,42.26635514018691,27.02102803738317,2.6052871467639016,2.129353233830846,3.330739299610895,0.0070564516129032,0.5348968289766622,2020-05-05,0.42,bmo,9613272727.0,2025-04-24,2020-03-31,-0.3333333333333332,20.343709677419355,5496518.870967742
2019-12-31,VST,USD,1692819,2020-02-28,2020-02-28 09:15:45,2019,Q4,2860000000.0,1832000000.0,1028000000.0,0.3594405594,0,218000000.0,49000000.0,267000000.0,-10000000.0,694000000.0,2526000000.0,1000000.0,128000000.0,482000000.0,864000000.0,0.3020979021,334000000.0,0.1167832168,-80000000.0,254000000.0,0.0888111888,20000000.0,234000000.0,0.0818181818,0.48,0.48,487944564,490638626,https://www.sec.gov/Archives/edgar/data/1692819/000169281920000005/0001692819-20-000005-index.htm,https://www.sec.gov/Archives/edgar/data/1692819/000169281920000005/vistra-20191231.htm,5.861321574227026,0.4795626742549385,1.8711141948493968,1.403847999421508,0.6148239413524853,16.313328577219277,5.453488359796545,16.311279164081434,23.445286296908105,11217845526.36,22229845526.36,11.984877699102563,3.922323610615384,12.28679685253012,16.376416826802917,1.4094541432793064,1.4094541432793064,7.7726732609650355,25.72898787773148,24.34813310663746,32.45232923556205,0.0208596204547602,0.0610634188526101,1.4212840809146878,0.4250075142771265,12.74537037037037,0.8994315697420201,2.609375,3.9017094017094016,0.0055269079837399,0.2649572649572649,0.0762237762237762,0.0,0.1990907724676886,0.2497261774370208,0.0797202797202797,0.4730290456431535,0.0041958041958041,13.266548713588978,0.0133013784377977,0.0109771543838251,-35.04035347753152,-460000000.0,2661000000.0,-14542000000.0,18799000000.0,1392000000.0,931500000.0,449500000.0,42.95454545454545,46.52292576419214,23.04039301310044,2.095238095238096,1.9345300950369588,3.906183368869936,0.0294006784771956,0.4672661954278888,2020-02-28,0.54,bmo,3151836734.0,2025-04-24,2019-12-31,-0.0925925925925926,25.80546875,4480423.3125
2019-09-30,VST,USD,1692819,2019-11-05,2019-11-05 07:53:12,2019,Q3,3194000000.0,2084000000.0,1110000000.0,0.3475266124,0,0.0,0.0,246000000.0,-62000000.0,670000000.0,2754000000.0,2000000.0,138000000.0,508000000.0,805000000.0,0.2520350657,440000000.0,0.1377582968,-281000000.0,159000000.0,0.0497808391,45000000.0,113000000.0,0.0353788353,0.23,0.23,490562179,493670295,https://www.sec.gov/Archives/edgar/data/1692819/000169281919000018/0001692819-19-000018-index.htm,https://www.sec.gov/Archives/edgar/data/1692819/000169281919000018/vistra-20190930x10q.htm,6.510897367813592,0.2303479657366737,1.9182073960903536,1.685820952780789,1.441203644033879,15.883817247966032,5.936046692258353,15.883817247966032,24.133535985455577,13112727044.67,24106727044.67,29.010458063429205,4.105424873096431,13.934885275951116,15.85577635389359,1.682844846595226,1.682844846595226,7.547503771030056,29.946244775987577,25.61820089763017,29.149609485695283,0.008617581957975,0.0630684980464193,1.5016683778234086,0.4424989600272284,13.657142857142857,1.0544061302681993,3.188405797101449,8.25438596491228,0.0046519690215617,0.5398230088495575,0.0,0.0,0.1845478954732821,0.1211477151965993,0.0356919223544145,0.2244094488188976,0.0034439574201628,9.07320848994701,0.0135047815973119,0.0052404581922738,-33.97071913283392,213000000.0,2912000000.0,-14523000000.0,19220000000.0,1260000000.0,849000000.0,453000000.0,39.98434564809017,39.55854126679463,18.57005758157389,2.2508809020436926,2.2751091703056767,4.846511627906977,0.0145020533880903,0.2323864433095646,2019-11-05,0.87,bmo,12081652173.0,2025-04-24,2019-09-30,-0.735632183908046,23.785625,4411156.90625
2019-06-30,VST,USD,1692819,2019-08-02,2019-08-02 07:54:21,2019,Q2,2832000000.0,1509000000.0,1323000000.0,0.4671610169,0,0.0,0.0,210000000.0,33000000.0,594000000.0,2103000000.0,3000000.0,151000000.0,425000000.0,977000000.0,0.3449858757,729000000.0,0.2574152542,-227000000.0,502000000.0,0.177259887,148000000.0,356000000.0,0.1257062147,0.71,0.7,499778235,507500383,https://www.sec.gov/Archives/edgar/data/1692819/000169281919000015/0001692819-19-000015-index.htm,https://www.sec.gov/Archives/edgar/data/1692819/000169281919000015/vistra2019063010q.htm,5.666513268630036,0.712315933485979,0.9884384020844764,0.7163177083932036,1.9288555052822576,15.815014433351624,6.887054615333539,15.815014433351624,24.13470446547157,11374952628.6,22321952628.6,7.988028531320226,4.016579318008475,23.026219895951417,31.77361069441341,1.4391387434969636,1.4391387434969636,7.882045419703389,22.84744383684749,45.1861389242915,62.3518229849162,0.0312968336329516,0.0314726585410019,1.5069585020242915,0.4491327300150829,11.204708290685772,1.2411812961443809,4.827814569536423,1.3954802259887005,0.0051868347874835,0.1657303370786516,0.0,0.0,0.1682503770739065,0.2753036437246963,0.0480225988700565,0.32,0.0042372881355932,15.920708285334216,0.0219063236549689,0.0161392691993834,-33.19122130238425,882000000.0,3442000000.0,-14077000000.0,19641000000.0,1050500000.0,784500000.0,454500000.0,34.98940677966102,46.640159045725646,28.389662027833005,2.5722070844686646,1.9296675191815853,3.1701680672268906,0.0450404858299595,0.2721206936912729,2019-08-02,0.26,bmo,1960615384.0,2025-04-24,2019-06-30,1.692307692307692,25.061904761904763,4700926.73015873
2019-03-31,VST,USD,1692819,2019-05-03,2019-05-03 07:49:17,2019,Q1,2923000000.0,1846000000.0,1077000000.0,0.3684570647,0,0.0,0.0,182000000.0,11000000.0,587000000.0,2433000000.0,4000000.0,147000000.0,461000000.0,837000000.0,0.2863496408,490000000.0,0.1676359904,-189000000.0,301000000.0,0.1029763941,77000000.0,225000000.0,0.0769757099,0.45,0.44,502367299,509139988,https://www.sec.gov/Archives/edgar/data/1692819/000169281919000008/0001692819-19-000008-index.htm,https://www.sec.gov/Archives/edgar/data/1692819/000169281919000008/vistra-2019331x10q.htm,5.818451968944738,0.4478794707535293,0.7723432651216416,0.511577884371809,1.1187033891710376,15.53843177200911,6.624635016301091,15.534450621157967,23.13446759598897,13076620792.97,24005620792.97,14.529578658855556,4.4736985265035925,33.7026309097165,50.88179296875487,1.675630547535879,1.675630547535879,8.212665341419775,28.680550529235365,61.87015668291237,93.40708479754863,0.017206280090416,0.0196533954810529,1.470399794976935,0.4488031914893617,13.057347670250897,1.0265596046942558,3.333333333333333,1.7321428571428572,0.0046648137134016,0.2711111111111111,0.0,0.0,0.1751408010012515,0.3376288659793814,0.0448169688676017,0.2841648590021692,0.0041053711939787,12.511799800973838,0.0159236315629125,0.0106685633001422,-32.314006171010746,86000000.0,3328000000.0,-14438000000.0,19084000000.0,1043500000.0,866000000.0,422500000.0,30.79028395484092,38.36944745395449,21.11050920910076,2.923,2.34561626429479,4.263279445727482,0.0288313685289595,0.2607653807498326,2019-05-03,0.2,bmo,2712909373.0,2025-04-24,2019-03-31,-0.25,25.230819672131148,3632637.393442623
2018-12-31,VST,USD,1692819,2019-02-28,2019-02-28 16:48:18,2018,Q4,2563000000.0,1915000000.0,648000000.0,0.2528287163,0,169000000.0,46000000.0,215000000.0,-15000000.0,642000000.0,2557000000.0,4000000.0,155000000.0,463000000.0,237000000.0,0.092469762,6000000.0,0.0023410066,-268000000.0,-262000000.0,-0.1022239563,-76000000.0,-186000000.0,-0.0725712056,-0.37,-0.37,502367299,509139988,https://www.sec.gov/Archives/edgar/data/1692819/000169281919000005/0001692819-19-000005-index.htm,https://www.sec.gov/Archives/edgar/data/1692819/000169281919000005/vistra-20181231x10k.htm,5.101844815739091,-0.3702470291562508,1.2102698587473146,0.7703526896960704,1.3097986300258768,15.659856872968955,6.588804658640808,15.65189457126667,23.009061344177976,11499187474.11,22267187474.11,-15.45589714262097,4.4866123582169335,18.91313729294408,29.71366272379845,1.4624427666425028,1.4624427666425028,8.687938928642216,93.9543775278903,36.62366360873355,57.53795212948321,-0.0161750558827545,0.0336545517560537,1.4503370214930689,0.4382108822625269,45.43459915611815,0.9475862068965516,0.0387096774193548,-3.2688172043010755,0.0,0.0,0.0659383534920015,0.0,0.1751075929910851,0.3634868421052631,0.0862270776433866,0.4773218142548596,0.0054623488099882,,0.0001857709444255,-0.0086644617319606,-32.80020421870652,-190000000.0,3310000000.0,-14722000000.0,18983000000.0,1171000000.0,878500000.0,402500000.0,38.170113148653925,44.41253263707572,19.362924281984338,2.357865685372585,2.0264550264550265,4.648058252427185,-0.0236550934757726,0.4399171690512443,2019-02-28,0.15,bmo,3463513513.0,2025-04-24,2018-12-31,-3.1333333333333333,23.57777777777778,5301981.555555556
2018-09-30,VST,USD,1692819,2018-11-02,2018-11-01 21:46:32,2018,Q3,3243000000.0,1973000000.0,1270000000.0,0.3916127043,0,0.0,0.0,194000000.0,19000000.0,620000000.0,2593000000.0,3000000.0,161000000.0,451000000.0,1179000000.0,0.3635522664,650000000.0,0.200431699,-125000000.0,525000000.0,0.1618871415,194000000.0,330000000.0,0.1017576318,0.62,0.61,533142189,540972802,https://www.sec.gov/Archives/edgar/data/1692819/000169281918000048/0001692819-18-000048-index.htm,https://www.sec.gov/Archives/edgar/data/1692819/000169281918000048/vistra-2018930x10q.htm,6.082805050717905,0.6189718367983067,1.6730996315881503,1.496786441712269,1.5680619865557104,15.7650251160296,7.110673434249639,15.753771082633268,22.04290007895061,13467171694.14,24247171694.14,10.20240279859091,4.152689390730806,15.097726114506727,16.87615500518797,1.6034256094939874,1.6034256094939874,7.476772030262103,20.565879299525022,27.1829279082287,30.38492693501253,0.0245040315438759,0.0592552035515545,1.3800452434813668,0.4477364029666255,9.14334181509754,1.056092843326886,4.037267080745342,2.694864048338369,0.0,0.0,0.0,0.0,0.1782292954264524,0.1053811659192825,0.0289855072463768,0.2084257206208425,0.0,14.81217958401616,0.0175755682038651,0.015511892450879,-29.090269575345875,174000000.0,3791000000.0,-14207000000.0,19548000000.0,1207500000.0,803500000.0,429000000.0,34.82886216466235,37.04004054738976,17.92701469842879,2.5840637450199204,2.4298029556650245,5.020356234096692,0.0392903917132992,0.1763131898758813,2018-11-02,0.87,bmo,4702350000.0,2025-04-24,2018-09-30,-0.3103448275862069,23.00873015873016,3688731.4285714286
2018-06-30,VST,USD,1692819,2018-08-06,2018-08-06 07:29:36,2018,Q2,2574000000.0,1602000000.0,972000000.0,0.3776223776,0,0.0,0.0,352000000.0,-62000000.0,741000000.0,2343000000.0,4000000.0,162000000.0,439000000.0,641000000.0,0.249028749,231000000.0,0.0897435897,-200000000.0,31000000.0,0.012043512,-74000000.0,108000000.0,0.041958042,0.21,0.2,526332862,533786824,https://www.sec.gov/Archives/edgar/data/1692819/000169281918000045/0001692819-18-000045-index.htm,https://www.sec.gov/Archives/edgar/data/1692819/000169281918000045/vistra-2018630x10q.htm,4.890441364841095,0.2051933439793466,-0.0132995685912539,-0.2621914950847207,1.4667524217782928,15.997481076908324,7.255864635714119,15.98418150831707,23.03675273842202,12453035514.92,23659035514.92,28.826471099351853,4.838009135555556,-1779.00507356,-90.23938778927536,1.4802134214810412,1.4802134214810412,9.191544489090909,36.90957178614664,-3379.8622164171425,-171.44228633999998,0.0086725842763882,-0.0110816354642739,1.4219660049922738,0.4519455987910842,17.482059282371296,1.2751322751322751,1.4259259259259258,-0.0666666666666666,0.0,0.0,0.0,0.0,0.1738194182092935,-18.714285714285715,0.0508935508935508,0.2984054669703872,0.0205905205905205,8.590493130516395,0.0326279964486534,0.0049384974164342,-30.73245310683261,728000000.0,3819000000.0,-14676000000.0,20314000000.0,811500000.0,608000000.0,345500000.0,40.55944055944056,44.662921348314605,26.123595505617978,2.21896551724138,2.015094339622641,3.445161290322581,0.0128372756448353,0.2488919264934667,2018-08-06,0.27,bmo,3474900000.0,2025-04-24,2018-06-30,-0.2592592592592592,22.9896875,5282156.28125
2018-03-31,VST,USD,1692819,2018-05-04,2018-05-03 21:07:26,2018,Q1,765000000.0,844000000.0,-79000000.0,-0.1032679739,0,0.0,0.0,162000000.0,-17000000.0,315000000.0,1159000000.0,6000000.0,47000000.0,180000000.0,-165000000.0,-0.2156862745,-394000000.0,-0.5150326797,-1000000.0,-395000000.0,-0.5163398693,-89000000.0,-306000000.0,-0.4,-0.71,-0.71,428450384,428450384,https://www.sec.gov/Archives/edgar/data/1692819/000169281918000022/0001692819-18-000022-index.htm,https://www.sec.gov/Archives/edgar/data/1692819/000169281918000022/vistra-2018331x10q.htm,1.7855042930711902,-0.7142017172284761,-0.0513478358791714,-0.1680474628772885,3.2255776902279543,14.143994792171782,4.012133176195263,14.143994792171782,10.40260475061215,8924621498.72,11955621498.72,-7.29135743359477,11.666171893751631,-405.6646135781818,-123.9530763711111,1.4727098182706269,1.4727098182706269,15.628263397019609,-72.45831211345454,-543.4373408509091,-166.05029859333334,-0.0342871683739066,-0.0080675690291545,0.7277227722772277,0.2984569572279372,-18.36969696969697,1.7334617854849068,-8.382978723404255,0.0718954248366013,0.0,0.0,0.0,0.0,0.2937872225230102,-2.272727272727273,0.065359477124183,0.2777777777777778,0.0078431372549019,,-0.0230132938592849,-0.0293243890752275,-16.043281221566136,1142000000.0,1719000000.0,-6017000000.0,10336000000.0,522500000.0,447000000.0,239500000.0,54.47058823529411,44.89336492890995,24.09952606635071,1.652267818574514,2.004750593824228,3.734513274336283,-0.0504950495049505,0.116699626998117,2018-05-04,0.18,bmo,140070422.0,2025-04-24,2018-03-31,-0.5555555555555556,19.320819672131147,4226926.655737705
2017-12-31,VST,USD,1692819,2018-02-26,2018-02-26 08:01:10,2017,Q4,943000000.0,1032000000.0,-89000000.0,-0.0943796394,0,122000000.0,44000000.0,166000000.0,120000000.0,346000000.0,1378000000.0,5000000.0,54000000.0,214000000.0,-63000000.0,-0.0668080594,-460000000.0,-0.487804878,-105000000.0,-359000000.0,-0.380699894,220000000.0,-579000000.0,-0.6139978791,-1.35,-1.35,428283628,428450384,https://www.sec.gov/Archives/edgar/data/1692819/000169281918000018/0001692819-18-000018-index.htm,https://www.sec.gov/Archives/edgar/data/1692819/000169281918000018/vistra-12312017x10k.htm,2.201811926371372,-1.3519078529894213,1.2631816035704264,1.1837949593534312,3.4719982338432978,14.807944047770135,4.4573265826542405,14.807944047770135,10.45335312233789,7846156064.96,10782156064.96,-3.387804863972366,8.320420005259809,14.503061118225508,15.475652988086786,1.2371737724629457,1.2371737724629457,11.433887661675502,-171.14533436444444,19.930048179223657,21.26658000978303,-0.0737940967788985,0.0646176287856676,0.6974140649637338,0.302945205479452,-46.6031746031746,1.978534418948927,-8.518518518518519,-0.9343696027633852,0.0,0.0,0.129374337221633,0.0,0.3036301369863013,0.0628465804066543,0.0360551431601272,0.1588785046728972,0.0063626723223753,,-0.0558108892212312,-0.0569489524933608,-14.495067273503157,1322000000.0,1909000000.0,-5585000000.0,10579000000.0,649500000.0,480000000.0,274000000.0,55.54612937433722,41.25,22.063953488372093,1.620274914089347,2.1818181818181817,4.07905138339921,-0.0912961210974456,0.0793866442169953,2018-02-26,0.156,bmo,1152555555.0,2025-04-24,2017-12-31,-0.1666666666666666,18.73587301587301,4931983.206349206
2017-09-30,VST,USD,1692819,2017-11-03,2017-11-02 17:53:38,2017,Q3,1833000000.0,1056000000.0,777000000.0,0.4238952537,0,0.0,0.0,147000000.0,143000000.0,325000000.0,1381000000.0,4000000.0,51000000.0,184000000.0,762000000.0,0.4157119476,452000000.0,0.2465902891,72000000.0,524000000.0,0.2858701582,251000000.0,273000000.0,0.1489361702,0.64,0.64,427591426,428312438,https://www.sec.gov/Archives/edgar/data/1692819/000169281917000022/0001692819-17-000022-index.htm,https://www.sec.gov/Archives/edgar/data/1692819/000169281917000022/vistra-2017930x10q.htm,4.286802514136474,0.6384599489139429,1.197404739355087,0.2642709678654782,2.464969912656761,16.218753647319392,5.10534091017999,16.218753647319392,10.839787044747712,7991683751.940001,11521683751.94,7.318391714230771,4.35989293613748,15.608757328007814,70.72286506141593,1.1523696830483057,1.1523696830483057,6.285697627899618,15.120319884435697,22.50328857800781,101.96180311451327,0.0341605109103233,0.0141396986551887,0.6609949531362653,0.3056,4.63254593175853,2.1805183199285074,8.862745098039216,1.875457875457876,0.0,0.0,0.0,0.0,0.3168,0.779296875,0.2176759410801964,2.1684782608695654,0.0027277686852154,15.263946215349938,0.016911206435786,0.026639344262295,-14.793912167920784,1321000000.0,2183000000.0,-5625000000.0,10823000000.0,684000000.0,480500000.0,302500000.0,35.20458265139116,41.50568181818181,25.142045454545453,2.5564853556485354,2.1683778234086244,3.5796610169491525,0.0393655371304974,0.9331337714896089,2017-11-03,0.39,bmo,1628550000.0,2025-04-24,2017-09-30,0.641025641025641,17.232380952380954,1234028.7936507936
2017-06-30,VST,USD,1692819,2017-08-04,2017-08-03 18:28:31,2017,Q2,1296000000.0,924000000.0,372000000.0,0.287037037,0,0.0,0.0,147000000.0,-21000000.0,319000000.0,1243000000.0,4000000.0,51000000.0,211000000.0,223000000.0,0.1720679012,53000000.0,0.0408950617,-87000000.0,-34000000.0,-0.0262345679,-8000000.0,-26000000.0,-0.0200617284,-0.0608,-0.0608,427587401,427587401,https://www.sec.gov/Archives/edgar/data/1692819/000169281917000010/0001692819-17-000010-index.htm,https://www.sec.gov/Archives/edgar/data/1692819/000169281917000010/vistra-2017630x10q.htm,3.030959277492837,-0.0608062818015538,0.4490310040730129,0.3204023310312644,2.3059613021666183,15.571085547490208,4.254101022962555,15.571085547490208,10.818840754384157,7179192462.79,10768192462.79,-69.03069675759616,5.5395003570910495,37.391627410364585,52.40286469189781,1.0782806342430158,1.0782806342430158,8.30879048054784,48.28785857753363,56.08433574369792,78.59994498386862,-0.0036215772365428,0.0190829262079371,0.6871432862721538,0.3094561688311688,16.094170403587444,2.3779761904761907,1.03921568627451,-7.384615384615385,0.0,0.0,0.0,0.0,0.3273133116883117,0.2864583333333333,0.0424382716049382,0.2606635071090047,0.0030864197530864,,0.0029326636588065,-0.0026143790849673,-15.193969665163264,1389000000.0,1819000000.0,-5729000000.0,10624000000.0,566500000.0,438000000.0,312500000.0,45.208333333333336,46.16883116883117,30.1948051948052,1.9907834101382489,1.9493670886075949,2.9806451612903224,-0.0039050765995794,0.1286286730417485,2017-08-04,-0.01167,bmo,1512000000.0,2025-04-24,2017-06-30,-1.8568980291345327,15.713333333333336,2390439.8571428573
2017-03-31,VST,USD,1692819,2017-05-18,2017-05-17 19:19:30,2017,Q1,1357000000.0,897000000.0,460000000.0,0.3389830508,0,0.0,0.0,135000000.0,-17000000.0,305000000.0,1202000000.0,1000000.0,51000000.0,226000000.0,399000000.0,0.2940309506,155000000.0,0.1142225497,-36000000.0,119000000.0,0.0876934414,41000000.0,78000000.0,0.0574797347,0.18,0.18,427583339,427800350,https://www.sec.gov/Archives/edgar/data/1692819/000169281917000004/0001692819-17-000004-index.htm,https://www.sec.gov/Archives/edgar/data/1692819/000169281917000004/vistra-2017331x10q.htm,3.173650318493818,0.1824205783658937,0.3297602762768079,0.2291950856391998,2.1422724331174186,15.622685429284232,3.994542921140339,15.622685429284232,10.844669511316017,6969608425.700001,10639608425.7,22.338488543910252,5.1360415812085485,49.42984699078014,71.1184533234694,1.043354554745509,1.043354554745509,7.840536791230656,26.66568527744361,75.45821578510639,108.56743291530611,0.0111914465255149,0.0140610481987239,0.6865269461077844,0.3116547740400951,9.197994987468672,2.227319062181448,3.0392156862745097,1.807692307692308,0.0,0.0,0.0,0.0,0.3378865103635746,0.3049645390070922,0.0316875460574797,0.1902654867256637,0.0029476787030213,8.007667232837859,0.0073732954971668,0.0080057477163091,-15.435587400191007,1204000000.0,1708000000.0,-5850000000.0,10595000000.0,547000000.0,440500000.0,300000000.0,31.967575534266764,40.33444816053512,31.605351170568564,2.815352697095436,2.2313432835820897,2.847619047619048,0.0116766467065868,0.100565190637608,2017-05-18,0.08,bmo,1259465621.0,2025-04-24,2017-03-31,1.2499999999999998,16.451612903225808,765603.2258064516
2016-12-31,VST,USD,1692819,2016-12-31,2016-12-30 19:00:00,2016,Q4,1191000000.0,928000000.0,263000000.0,0.220822838,0,164000000.0,44000000.0,208000000.0,-19000000.0,424000000.0,1352000000.0,1000000.0,48000000.0,285000000.0,101000000.0,0.0848026868,-161000000.0,-0.1351805206,-72000000.0,-233000000.0,-0.1956339211,-70000000.0,-163000000.0,-0.1368597817,-0.38,-0.38,427560620,427560620,,,2.7855699152087485,-0.3812324904945642,0.1894468204298141,-0.0187107970794878,1.9716502422510287,15.42939104167264,3.4731917078799257,15.42939104167264,10.98791558492922,6627189610.0,10434189610.0,-10.164401242331287,5.56439094038623,81.81715567901234,-828.39870125,1.0045762634530846,1.0045762634530846,8.76086449202351,103.308808019802,128.81715567901236,-1304.27370125,-0.0245956445480364,-0.0012071481986766,0.7048658481127785,0.3065866684248697,37.693069306930695,1.644281914893617,-3.3541666666666665,-0.4969325153374233,0.1496863766359025,-6.085889570552148,0.1376994122586062,0.0,0.3370475374167601,1.0987654320987654,0.0747271200671704,0.312280701754386,0.0025188916876574,,-0.0082158364058322,-0.0162108403779214,-16.665473073736305,969000000.0,1485000000.0,-6097000000.0,10358000000.0,681000000.0,516500000.0,329500000.0,46.24685138539043,46.45474137931034,27.640086206896548,1.946078431372549,1.9373695198329857,3.256140350877193,-0.0247082006972866,0.2081576175093019,2016-12-30,,bmo,,2025-04-24,2016-12-31,,14.945737704918034,441482.7868852459
2016-09-30,VST,USD,1692819,2016-09-30,2016-09-29 20:00:00,2016,Q3,1690000000.0,1064000000.0,626000000.0,0.3704142012,0,0.0,0.0,165000000.0,-21000000.0,322000000.0,1386000000.0,2000000.0,367000000.0,285000000.0,836000000.0,0.4946745562,640000000.0,0.3786982249,-456000000.0,184000000.0,0.1088757396,-3000000.0,187000000.0,0.1106508876,0.44,0.44,427500000,427500000,,,3.953216374269006,0.4374269005847953,0.1894736842105263,-0.0187134502923976,4.278362573099416,-55.06198830409357,-58.09122807017544,-55.06198830409357,8.790643274853801,6626250000.0,8188250000.0,8.858622994652407,3.9208579881656807,81.80555555555556,-828.28125,-0.2815009133777985,-0.2815009133777985,4.845118343195266,9.794557416267942,101.0895061728395,-1023.53125,0.0282210903603093,-0.001207319373703,-0.1440587960406134,0.2009481481481481,1.868421052631579,2.755899104963385,1.7438692098092643,-0.4969325153374233,0.1497076023391813,5.304812834224599,0.0,0.0,0.0767407407407407,1.0987654320987654,0.0526627218934911,0.312280701754386,0.0,,0.0415613279622169,0.0120025673940949,-88.50409356725146,2158000000.0,-24834000000.0,-37027000000.0,13817000000.0,704000000.0,538000000.0,397000000.0,39.94082840236687,46.8609022556391,31.635338345864664,2.2533333333333334,1.92057761732852,2.8449197860962565,-0.0079442627129444,0.2081871345029239,2017-03-30,,bmo,,2025-04-24,2016-09-30,,,
2016-06-30,VST,USD,1692819,2016-06-30,2016-06-29 20:00:00,2016,Q2,1233000000.0,909000000.0,324000000.0,0.2627737226,0,0.0,0.0,154000000.0,-4000000.0,318000000.0,1227000000.0,1000000.0,343000000.0,182000000.0,25000000.0,0.0202757502,-112000000.0,-0.0908353609,-388000000.0,-500000000.0,-0.4055150041,-1000000.0,-499000000.0,-0.404703974,-1.17,-1.17,427500000,427500000,,,2.8842105263157896,-1.167251461988304,-0.5169590643274854,-0.7181286549707603,1.3216374269005848,-55.49941520467837,-58.575438596491225,-55.49941520467837,6.781286549707603,6626250000.0,8617250000.0,-3.319764529058116,5.374087591240876,-29.983031674208146,-21.58387622149837,-0.2792822220348984,-0.2792822220348984,6.988848337388483,344.69,-38.9920814479638,-28.069218241042343,-0.0753065459347293,-0.0463308809658555,-0.1077299165472477,0.1594709258797105,79.64,0.6830082135523614,-0.3265306122448979,0.4428857715430861,0.0,0.0,0.0,0.0,0.0820439231345146,-0.3891402714932127,0.0697485806974858,0.4725274725274725,0.0,,-0.0076105399332743,-0.0339155848569292,-90.02456140350877,-1235000000.0,-25041000000.0,-37093000000.0,10544000000.0,552500000.0,488000000.0,434000000.0,48.02919708029197,51.68316831683168,41.58415841584159,1.8738601823708207,1.7413793103448276,2.164285714285714,0.0210317794824243,0.2011695906432748,2016-06-29,,bmo,,2025-04-24,2016-06-30,,,
2016-03-31,VST,USD,1692819,2016-03-31,2016-03-30 20:00:00,2016,Q1,1049000000.0,773000000.0,276000000.0,0.2631077216,0,0.0,0.0,162000000.0,139000000.0,301000000.0,1074000000.0,1000000.0,335000000.0,167000000.0,191000000.0,0.1820781697,39000000.0,0.037178265,-376000000.0,-337000000.0,-0.3212583413,6000000.0,-343000000.0,-0.3269780744,-0.8,-0.8,427500000,427500000,,,2.453801169590643,-0.8023391812865497,-0.4467836257309941,-0.664327485380117,2.2643274853801167,-54.33216374269006,-57.424561403508775,-54.33216374269006,4.15438596491228,6626250000.0,7099250000.0,-4.829628279883382,6.316730219256435,-34.69240837696335,-23.3318661971831,-0.2852822146639687,-0.2852822146639687,6.767635843660629,37.16884816753927,-37.16884816753927,-24.997359154929576,-0.0517638181475193,-0.0428598377664591,-0.0620398673957032,0.0941399359770039,2.4764397905759163,1.1411509229098806,0.1164179104477611,0.5568513119533528,0.0,0.0,0.0,0.0,0.0863657150323381,-0.4869109947643979,0.0886558627264061,0.5568862275449101,0.0,,0.0028387586367592,-0.0245262781551662,-86.56549707602339,390000000.0,-24549000000.0,-35381000000.0,10985000000.0,490000000.0,484000000.0,438000000.0,38.35081029551954,52.85899094437258,52.16041397153946,2.3467561521252795,1.7026431718061674,1.7254464285714286,0.0147672966805872,0.2175438596491228,2016-03-30,,bmo,,2025-04-24,2016-03-31,,,
2015-12-31,VST,USD,1692819,2015-12-31,2015-12-30 19:00:00,2015,Q4,1105000000.0,838000000.0,267000000.0,0.2416289593,0,137000000.0,44000000.0,181000000.0,1000000.0,399000000.0,1237000000.0,325000000.0,0.0,247000000.0,-1104000000.0,-0.9990950226,-4765000000.0,-4.3122171946,-1649000000.0,-1673000000.0,-1.5140271493,-63000000.0,-1610000000.0,-1.4570135747,-3.77,-3.77,427500000,427500000,,,2.584795321637427,-3.7660818713450297,0.0654970760233918,-0.1871345029239766,3.2748538011695905,-53.52982456140351,-56.63157894736842,-53.52982456140351,3.3777777777777778,6626250000.0,6670250000.0,-1.0289208074534162,5.996606334841629,236.6517857142857,-82.828125,-0.2895582066072365,-0.2895582066072365,6.036425339366516,-6.041893115942029,238.22321428571428,-83.378125,-0.2429730239577438,-0.0120731937370307,-0.06310085649362,0.0922212287648486,-0.0398550724637681,1.2268847795163584,0.0,-0.017391304347826,0.0,0.0,0.1239819004524886,0.0,0.0846851449738153,3.857142857142857,0.0977375565610859,0.437246963562753,0.0,,-0.3209606532901578,-0.1123360312587217,-85.44619883040936,638000000.0,-24210000000.0,-35092000000.0,11318000000.0,651500000.0,526000000.0,408000000.0,43.41176470588236,55.20286396181384,45.96658711217184,2.073170731707317,1.6303501945525292,1.9579439252336448,0.0703548330711414,0.2526315789473684,2015-12-30,,bmo,,2025-04-24,2015-12-31,,,
2015-09-30,VST,USD,1692819,2015-09-30,2015-09-29 20:00:00,2015,Q3,1737000000.0,1020000000.0,717000000.0,0.4127806563,0,0.0,0.0,173000000.0,2000000.0,373000000.0,1393000000.0,0.0,325000000.0,200000000.0,546000000.0,0.3143350604,447000000.0,0.2573402418,-2380000000.0,-1933000000.0,-1.1128382268,-416000000.0,-1517000000.0,-0.8733448474,-3.55,-3.55,427500000,427500000,,,4.063157894736842,-3.548538011695906,0.9824561403508772,0.6736842105263158,3.9812865497076015,-49.76608187134503,-54.73918128654971,-49.76608187134503,4.219883040935673,6626250000.0,6403250000.0,-1.0919990112063285,3.814766839378238,15.776785714285715,23.0078125,-0.3114571092831962,-0.3114571092831962,3.686384571099597,11.727564102564102,15.245833333333334,22.233506944444443,-0.2289379362384455,0.0434634974533107,-0.0695182138660399,0.0854666281421554,-0.4084249084249084,1.3100390209294075,1.3753846153846154,-0.2768622280817402,0.0,0.0,0.0,0.0,0.1228546662814215,0.3142857142857143,0.0759930915371329,0.673469387755102,0.0,,0.0220228102868662,-0.0999407075564925,-84.45964912280702,874000000.0,-23401000000.0,-34887000000.0,12985000000.0,725000000.0,527500000.0,414500000.0,39.89637305699482,47.47058823529411,34.23529411764706,2.255844155844156,1.895910780669145,2.6288659793814437,0.0713043478260869,0.3087719298245614,2015-09-29,,bmo,,2025-04-24,2015-09-30,,,
2015-06-30,VST,USD,1692819,2015-06-30,2015-06-29 20:00:00,2015,Q2,1256000000.0,863000000.0,393000000.0,0.3128980892,0,0.0,0.0,161000000.0,0.0,394000000.0,1257000000.0,320000000.0,0.0,256000000.0,289000000.0,0.2300955414,33000000.0,0.0262738854,-354000000.0,-321000000.0,-0.2555732484,107000000.0,-214000000.0,-0.1703821656,-0.5,-0.5,427500000,427500000,,,2.938011695906433,-0.5005847953216375,-0.2502923976608187,-0.4842105263157895,3.2584795321637428,-46.21988304093567,-52.916959064327486,-46.21988304093567,3.487719298245614,6626250000.0,6724250000.0,-7.740946261682242,5.275676751592357,-61.92757009345794,-32.01086956521739,-0.3353535097930057,-0.3353535097930057,5.353702229299363,23.26730103806228,-62.84345794392523,-32.484299516908216,-0.0322957932465572,-0.031239388794567,-0.0754592843767397,0.0777453331942851,0.3391003460207612,1.2589981447124303,0.0,0.5,0.0,0.0,0.0,0.0,0.1492856397955991,-0.9345794392523364,0.0796178343949044,0.390625,0.0,,0.0024545353118375,-0.0131167637143732,-86.11345029239766,698000000.0,-22622000000.0,-35544000000.0,14959000000.0,609500000.0,461000000.0,455500000.0,48.72611464968153,53.91657010428737,45.99073001158749,1.847058823529412,1.6692456479690525,1.9569160997732429,0.0108305076167822,0.2339181286549707,2015-06-29,,bmo,,2025-04-24,2015-06-30,,,
2015-03-31,VST,USD,1692819,2015-03-31,2015-03-30 20:00:00,2015,Q1,1272000000.0,806000000.0,466000000.0,0.3663522013,0,0.0,0.0,161000000.0,0.0,1779000000.0,2585000000.0,315000000.0,0.0,251000000.0,444000000.0,0.3490566038,193000000.0,0.1517295597,-1821000000.0,-1628000000.0,-1.2798742138,292000000.0,-1336000000.0,-1.0503144654,-3.13,-3.13,427500000,427500000,,,2.975438596491228,-3.125146198830409,-0.2432748538011696,-0.5239766081871345,3.782456140350877,-45.719298245614034,-52.43040935672514,-45.719298245614034,3.490058479532164,6626250000.0,6501250000.0,-1.239941991017964,5.209316037735849,-63.71394230769231,-29.581473214285715,-0.339025326170376,-0.339025326170376,5.111045597484277,14.642454954954957,-62.51201923076923,-29.0234375,-0.2016223354084135,-0.033804942463686,-0.0763366589920695,0.0768517564644071,-0.2815315315315315,2.617986798679868,0.0,0.0778443113772455,0.0,0.0,0.0,0.0,0.1477799526115174,-1.1538461538461535,0.0943396226415094,0.4780876494023904,0.0,,0.0124926842819268,-0.080749471139317,-85.85438596491228,1961000000.0,-22414000000.0,-35786000000.0,16316000000.0,563500000.0,475000000.0,469000000.0,38.136792452830186,45.22332506203474,52.48138957816377,2.359925788497217,1.9901234567901231,1.7148936170212763,0.0683550780250703,0.2807017543859649,2015-03-30,,bmo,,2025-04-24,2015-03-31,,,
2014-12-31,VST,USD,1692819,2014-12-31,2014-12-30 19:00:00,2014,Q4,1247000000.0,840000000.0,407000000.0,0.32638332,0,0.0,0.0,157000000.0,0.0,6899000000.0,7739000000.0,323000000.0,0.0,338000000.0,406000000.0,0.3255813953,68000000.0,0.0545308741,-6883000000.0,-6815000000.0,-5.4651162791,1748000000.0,-5067000000.0,-4.0633520449,-11.85,-11.85,427500000,427500000,,,2.9169590643274854,-11.852631578947369,0.1380116959064327,-0.0561403508771929,4.311111111111111,-42.59415204678363,-51.22105263157895,-42.59415204678363,3.504093567251462,6626250000.0,6281250000.0,-0.3269316163410302,5.313753007217321,112.3093220338983,-276.09375,-0.3638997199187215,-0.3638997199187215,5.037089013632719,15.471059113300493,106.46186440677968,-261.71875,-0.764685908319185,-0.0036219581211092,-0.0822670108188258,0.0701869465398491,-0.8497536945812808,2.314247669773635,0.0,-0.0116439707913953,0.0,0.0,0.0,0.0,0.1727967014946352,1.4067796610169492,0.0665597433841218,0.2455621301775148,-0.0016038492381716,,0.004301541864043,-0.287000849617672,-86.62923976608187,1974000000.0,-21897000000.0,-36076000000.0,17950000000.0,755500000.0,580000000.0,419000000.0,42.43785084202085,58.39285714285714,50.14285714285714,2.120748299319728,1.5412844036697249,1.794871794871795,0.2782689878631446,0.1941520467836257,2014-12-30,,bmo,,2025-04-24,2014-12-31,,,
2014-09-30,VST,USD,1692819,2014-09-30,2014-09-29 20:00:00,2014,Q3,1807000000.0,1072000000.0,735000000.0,0.4067515219,0,0.0,0.0,145000000.0,0.0,469000000.0,1541000000.0,324000000.0,0.0,379000000.0,699000000.0,0.3868289983,320000000.0,0.177089098,-378000000.0,-58000000.0,-0.032097399,21000000.0,-37000000.0,-0.020475927,-0.0865,-0.0865,427500000,427500000,,,4.226900584795322,-0.0865497076023391,0.9964912280701754,0.7602339181286549,4.860818713450293,-30.741520467836256,-43.76608187134503,-30.741520467836256,3.501754385964912,6626250000.0,6045250000.0,-44.77195945945946,3.6669894853348097,15.554577464788732,20.38846153846153,-0.5042040785268604,-0.5042040785268604,3.3454620918649693,8.648426323319027,14.190727699530516,18.60076923076923,-0.0055838521033767,0.0490473495566874,-0.1139096028001826,0.053533114003719,-0.8311874105865522,3.071719641401793,0.0,-11.513513513513514,0.0,0.0,0.0,0.0,0.1991131454727507,0.2370892018779342,0.0558937465412285,0.2664907651715039,0.0,,0.0162890376323162,-0.0016520807287015,-89.24152046783625,2542000000.0,-18710000000.0,-37337000000.0,25053000000.0,847000000.0,564500000.0,406000000.0,45.97122302158274,51.63246268656716,31.063432835820898,1.9577464788732395,1.743089430894309,2.897297297297297,0.0028154010044133,0.2362573099415204,2014-09-29,,bmo,,2025-04-24,2014-09-30,,,
2014-06-30,VST,USD,1692819,2014-06-30,2014-06-29 20:00:00,2014,Q2,1406000000.0,898000000.0,508000000.0,0.3613086771,0,0.0,0.0,151000000.0,0.0,915000000.0,1813000000.0,444000000.0,0.0,375000000.0,412000000.0,0.293029872,37000000.0,0.0263157895,-888000000.0,-851000000.0,-0.6052631579,268000000.0,-583000000.0,-0.4146514936,-1.36,-1.36,427500000,427500000,,,3.2888888888888888,-1.3637426900584797,0.5988304093567252,0.3859649122807017,4.392982456140351,-30.65964912280701,-43.78245614035088,-30.65964912280701,3.5274853801169592,6626250000.0,6256250000.0,-2.8414451114922814,4.712837837837838,25.8837890625,40.15909090909091,-0.5055504692149233,-0.5055504692149233,4.449679943100996,15.18507281553398,24.4384765625,37.91666666666666,-0.0879833993586115,0.0249009620826259,-0.115053025101091,0.0538725350100028,-0.8980582524271845,3.108732876712329,0.0,-0.4391080617495712,0.0,0.0,0.0,0.0,0.2004144041154615,0.35546875,0.0647226173541963,0.2426666666666666,0.0,,0.0018123365212532,-0.0260477169153784,-89.87543859649122,2463000000.0,-18717000000.0,-37468000000.0,25267000000.0,696500000.0,497500000.0,407500000.0,49.35277382645804,51.51447661469933,44.29844097995546,1.823605706874189,1.7470817120622568,2.0316742081447963,0.04448004882887,0.2128654970760234,2014-06-29,,bmo,,2025-04-24,2014-06-30,,,
2014-03-31,VST,USD,1692819,2014-03-31,2014-03-30 20:00:00,2014,Q1,1517000000.0,946000000.0,571000000.0,0.376400791,0,0.0,0.0,177000000.0,0.0,737000000.0,1683000000.0,660000000.0,0.0,373000000.0,203000000.0,0.1338167436,-170000000.0,-0.1120632828,-656000000.0,-826000000.0,-0.5444957152,283000000.0,-543000000.0,-0.3579433092,-1.27,-1.27,427500000,427500000,,,3.548538011695906,-1.2701754385964912,-0.6947368421052632,-1.0175438596491229,0.9403508771929824,-16.596491228070175,-29.787134502923976,-29.29824561403509,74.76023391812865,6626250000.0,38184250000.0,-3.050759668508288,4.367996044825313,-22.31060606060606,-15.232758620689657,-0.5290419161676646,-0.5290419161676646,25.17089650626236,188.09975369458127,-128.56649831649833,-87.77988505747126,-0.0819468024900962,-0.0656479909451046,-2.551696606786427,1.154082259054635,155.45812807881774,0.0870127630217316,0.0,0.5469613259668509,0.0,0.0,0.0,0.0,0.2036254649189325,-0.4646464646464646,0.090969017798286,0.3699731903485255,0.0,,-0.0091793505754317,-0.0246213838759408,-78.90760233918128,-31761000000.0,-12734000000.0,-31761000000.0,-8704000000.0,666000000.0,513000000.0,386000000.0,36.90177982860909,45.761099365750525,35.48625792811839,2.4389067524115755,1.9667359667359667,2.5361930294906165,0.0433532934131736,0.3228070175438596,2014-03-30,,bmo,,2025-04-24,2014-03-31,,,
2013-12-31,VST,USD,1692819,2013-12-31,2013-12-30 19:00:00,2013,Q4,1327000000.0,869000000.0,458000000.0,0.3451394122,0,0.0,0.0,179000000.0,0.0,1755000000.0,2624000000.0,592000000.0,0.0,366000000.0,217000000.0,0.1635267521,-149000000.0,-0.1122833459,-1740000000.0,-1889000000.0,-1.4235116805,264000000.0,-1518000000.0,-1.143933685,-3.55,-3.55,427500000,427500000,,,3.104093567251462,-3.550877192982456,-0.3508771929824561,-0.7625730994152047,1.7450292397660818,-28.0280701754386,-41.28888888888889,-28.030409356725148,75.1859649122807,6626250000.0,38022250000.0,-1.0912796442687749,4.993406179351922,-44.175,-20.325920245398773,-0.5529708754068263,-0.5529708754068263,28.65278824415976,175.21774193548387,-253.48166666666663,-116.63266871165644,-0.2290888511601584,-0.0491982644784003,-2.6822999248935995,1.1151897855804591,144.6820276497696,0.110322819614212,0.0,0.0988142292490118,0.0,0.0,0.0,0.0,0.1966900284504892,-1.1733333333333331,0.1326299924642049,0.4808743169398907,0.0007535795026375,,-0.0065657729074805,-0.0655638578154018,-91.9906432748538,-31225000000.0,-17651000000.0,-36932000000.0,-7907000000.0,753000000.0,552500000.0,399500000.0,48.15373021853806,56.444188722669736,41.32336018411968,1.8690140845070424,1.5944954128440367,2.1779448621553885,0.1266794625719769,0.4116959064327485,2013-12-30,,bmo,,2025-04-24,2013-12-31,,,
2013-09-30,VST,USD,1692819,2013-09-30,2013-09-29 20:00:00,2013,Q3,1893000000.0,1041000000.0,852000000.0,0.4500792393,0,0.0,0.0,175000000.0,0.0,473000000.0,1514000000.0,335000000.0,0.0,388000000.0,774000000.0,0.4088748019,386000000.0,0.2039091389,-342000000.0,44000000.0,0.0232435288,16000000.0,60000000.0,0.0316957211,0.14,0.14,427500000,427500000,,,4.428070175438597,0.1403508771929824,0.6830409356725147,0.3906432748538012,2.952046783625731,-24.23859649122807,-39.88304093567251,-24.48421052631579,75.5766081871345,6626250000.0,37673250000.0,27.609375,3.5003961965134707,22.69263698630137,39.67814371257485,-0.633061049011178,-0.633061049011178,19.9013470681458,48.673449612403104,129.0179794520548,225.58832335329345,0.009054895302773,0.0252027919260516,-3.0867488296551064,1.046004921004921,40.1124031007752,0.7521570319240725,0.0,4.866666666666666,0.0,0.0,0.0,0.0,0.2165242165242165,0.4280821917808219,0.0660327522451135,0.3221649484536082,0.0,,0.0086191222020549,0.0024793388429752,-91.6748538011696,-1149000000.0,-17050000000.0,-37763000000.0,23500000000.0,769500000.0,563000000.0,421000000.0,37.8446909667195,48.4149855907781,34.5821325648415,2.378140703517588,1.858928571428572,2.6025,-0.0057323015190599,0.2923976608187134,2013-09-29,,bmo,,2025-04-24,2013-09-30,,,
2013-06-30,VST,USD,1692819,2013-06-30,2013-06-29 20:00:00,2013,Q2,1419000000.0,953000000.0,466000000.0,0.3284002819,0,0.0,0.0,169000000.0,0.0,352000000.0,1305000000.0,403000000.0,0.0,383000000.0,495000000.0,0.3488372093,112000000.0,0.0789288231,-401000000.0,-289000000.0,-0.2036645525,74000000.0,-215000000.0,-0.1515151515,-0.5,-0.5,427500000,427500000,,,3.319298245614035,-0.5029239766081871,-0.9333333333333332,-1.2514619883040936,2.5052631578947366,-24.36491228070176,-40.00701754385965,-24.63157894736842,75.47134502923977,6626250000.0,37819250000.0,-7.704941860465117,4.669661733615222,-16.607142857142858,-12.38551401869159,-0.6292735042735043,-0.6292735042735043,26.65204369274137,76.40252525252525,-94.78508771929825,-70.69018691588785,-0.0324467081682701,-0.0807394831163931,-3.06400759734093,1.0286953194745567,63.01616161616162,0.7291024851098789,0.0,1.855813953488372,0.0,0.0,0.0,0.0,0.2132062236959571,-0.3408521303258145,0.0958421423537702,0.3550913838120104,0.0,,0.0049033879641701,-0.0087125663573367,-93.40526315789474,-1319000000.0,-17103000000.0,-38230000000.0,23567000000.0,650000000.0,549000000.0,425000000.0,47.12473572938689,53.45225603357818,41.74186778593914,1.9098250336473752,1.6837455830388692,2.156108597285068,0.020417853751187,0.3181286549707602,2013-06-29,,bmo,,2025-04-24,2013-06-30,,,
2013-03-31,VST,USD,1692819,2013-03-31,2013-03-30 20:00:00,2013,Q1,1260000000.0,865000000.0,395000000.0,0.3134920635,0,0.0,0.0,158000000.0,0.0,715000000.0,1580000000.0,582000000.0,0.0,395000000.0,74000000.0,0.0587301587,-321000000.0,-0.2547619048,-581000000.0,-902000000.0,-0.7158730159,378000000.0,-524000000.0,-0.4158730159,-1.23,-1.23,427500000,427500000,,,2.9473684210526314,-1.225730994152047,-0.0304093567251462,-0.383625730994152,3.943859649122807,-23.86900584795321,-39.5812865497076,-24.133333333333333,75.43157894736842,6626250000.0,37187250000.0,-3.161378816793893,5.258928571428571,-509.71153846153845,-40.40396341463415,-0.6422651933701657,-0.6422651933701657,29.51369047619048,502.5304054054054,-2860.5576923076924,-226.7515243902439,-0.0790794189775514,-0.024750047160913,-3.1256179121837744,1.0006516477378515,412.9864864864865,0.8067776456599287,0.0,0.0248091603053435,0.0,0.0,0.0,0.0,0.208434183578477,-11.615384615384617,0.1198412698412698,0.3822784810126582,0.0,,-0.0154965492193077,-0.0205417695715237,-93.853216374269,-975000000.0,-16921000000.0,-38359000000.0,24088000000.0,633500000.0,530500000.0,400500000.0,39.785714285714285,55.35260115606936,42.45086705202312,2.2621184919210053,1.6259398496240602,2.1200980392156863,0.0507899583212174,0.3532163742690059,2013-03-30,,bmo,,2025-04-24,2013-03-31,,,
2012-12-31,VST,USD,1692819,2012-12-31,2012-12-30 19:00:00,2012,Q4,1278000000.0,915000000.0,363000000.0,0.2840375587,0,0.0,0.0,175000000.0,0.0,1741000000.0,2656000000.0,542000000.0,0.0,394000000.0,366000000.0,0.2863849765,-28000000.0,-0.0219092332,-1892000000.0,-1920000000.0,-1.5023474178,224000000.0,-1696000000.0,-1.3270735524,-3.97,-3.97,427500000,427500000,,,2.9894736842105263,-3.967251461988304,-1.3403508771929824,-1.787134502923977,2.7485380116959064,-22.65029239766082,-38.4,-22.912280701754387,0.0,6626250000.0,5451250000.0,-0.9767467570754716,5.184859154929577,-11.56413612565445,-8.673102094240837,-0.6764931087289433,-0.6764931087289433,4.265453834115806,14.894125683060109,-9.513525305410122,-7.135143979057592,-0.2559517072250519,-0.1152990001886436,0.0,0.0,-3.210382513661202,0.9287863590772316,0.0,0.3378537735849056,0.0,0.0,0.0,0.0,0.2042221480784979,-0.3333333333333333,0.149452269170579,0.4847715736040609,-0.0007824726134585,,-0.0012192585660063,-0.064644000609849,-95.31695906432748,-355000000.0,-16416000000.0,-38022000000.0,24934000000.0,355000000.0,568500000.0,400000000.0,50.0,52.03278688524591,38.65573770491803,1.8,1.729678638941399,2.3282442748091605,0.1731495661051557,0.4467836257309941,2012-12-30,,bmo,,2025-04-24,2012-12-31,,,
2012-09-30,VST,USD,1692819,2012-09-30,2012-09-29 20:00:00,2012,Q3,1752000000.0,1051000000.0,701000000.0,0.4001141553,0,0.0,0.0,174000000.0,0.0,552000000.0,1603000000.0,739000000.0,0.0,385000000.0,562000000.0,0.3207762557,177000000.0,0.1010273973,-767000000.0,-590000000.0,-0.3367579909,221000000.0,-369000000.0,-0.2106164384,-0.86,-0.86,427500000,427500000,,,4.098245614035088,-0.8631578947368421,0.247953216374269,-0.1543859649122807,0.7228070175438597,-18.69005847953216,-37.21169590643275,-18.94736842105263,0.0,6626250000.0,6317250000.0,-4.489329268292683,3.7821061643835616,62.511792452830186,-100.39772727272728,-0.8180555555555556,-0.8180555555555556,3.605736301369863,11.240658362989324,59.596698113207545,-95.7159090909091,-0.0556876061120543,-0.0099603848330503,0.0,0.0,-0.5498220640569395,1.013801756587202,0.0,-0.2872628726287263,0.0,0.0,0.0,0.0,0.2326702124533513,1.6226415094339623,0.0981735159817351,0.4467532467532467,0.0011415525114155,,0.0088808585194918,-0.0141308926588289,-97.09590643274854,55000000.0,-15908000000.0,-37981000000.0,26699000000.0,,,,0.0,52.064700285442434,34.85252140818268,0.0,1.7286184210526316,2.5823095823095823,0.0455555555555555,0.4023391812865497,2012-09-29,,bmo,,2025-04-24,2012-09-30,,,
