date,symbol,reportedCurrency,cik,fillingDate,acceptedDate,calendarYear,period,revenue,costOfRevenue,grossProfit,grossProfitRatio,researchAndDevelopmentExpenses,generalAndAdministrativeExpenses,sellingAndMarketingExpenses,sellingGeneralAndAdministrativeExpenses,otherExpenses,operatingExpenses,costAndExpenses,interestIncome,interestExpense,depreciationAndAmortization,ebitda,ebitdaratio,operatingIncome,operatingIncomeRatio,totalOtherIncomeExpensesNet,incomeBeforeTax,incomeBeforeTaxRatio,incomeTaxExpense,netIncome,netIncomeRatio,eps,epsdiluted,weightedAverageShsOut,weightedAverageShsOutDil,link,finalLink,revenuePerShare,netIncomePerShare,operatingCashFlowPerShare,freeCashFlowPerShare,cashPerShare,bookValuePerShare,tangibleBookValuePerShare,shareholdersEquityPerShare,interestDebtPerShare,marketCap,enterpriseValue,peRatio,priceToSalesRatio,pocfratio,pfcfRatio,pbRatio,ptbRatio,evToSales,enterpriseValueOverEBITDA,evToOperatingCashFlow,evToFreeCashFlow,earningsYield,freeCashFlowYield,debtToEquity,debtToAssets,netDebtToEBITDA,currentRatio,interestCoverage,incomeQuality,dividendYield,payoutRatio,salesGeneralAndAdministrativeToRevenue,researchAndDdevelopementToRevenue,intangiblesToTotalAssets,capexToOperatingCashFlow,capexToRevenue,capexToDepreciation,stockBasedCompensationToRevenue,grahamNumber,roic,returnOnTangibleAssets,grahamNetNet,workingCapital,tangibleAssetValue,netCurrentAssetValue,investedCapital,averageReceivables,averagePayables,averageInventory,daysSalesOutstanding,daysPayablesOutstanding,daysOfInventoryOnHand,receivablesTurnover,payablesTurnover,inventoryTurnover,roe,capexPerShare,report_date,epsEstimated,time,revenueEstimated,updatedFromDate,fiscalDateEnding,surprise(%),QuarterAvgPrice,QuarterAvgVolume
2025-03-31,VTR,USD,740260,2025-05-01,2025-05-01 16:27:33,2025,Q1,1358074000.0,785709000.0,572365000.0,0.4214534701,0,0.0,0.0,53149000.0,321525000.0,374674000.0,1160383000.0,0.0,149356000.0,328888000.0,516043000.0,0.3799815032,197691000.0,0.1455671782,-159892000.0,37799000.0,0.0278327985,-10557000.0,46868000.0,0.0345106379,0.1065348884256849,0.1049853950504453,439931000,446424000,https://www.sec.gov/Archives/edgar/data/740260/000074026025000155/0000740260-25-000155-index.htm,https://www.sec.gov/Archives/edgar/data/740260/000074026025000155/vtr-20250331.htm,3.0870159184053865,2.273083733585494e-07,0.72998720253858,0.5960889321279929,0.414462722563311,26.1998267910195,23.797906944498116,26.07126344813164,0.0,30249655560.000004,30067320560.000004,75624138.9,22.273937620483128,94.19343210522382,115.35191528306348,2.6373865668918164,2.6373865668918164,22.139677631704902,58.26514565646662,93.62566499763348,114.65661178013866,3.305822765540276e-09,0.0086691235038975,0.0,0.0,-0.3533329586875512,0.0,0.0,6.641244106212259,0.006544502617801,1979689.5,0.0391355699321244,0.0,0.0405910811935712,0.1834255038238298,0.0433746614691099,0.1791065651528788,0.0138630148283525,0.0115472884665809,0.0097150379105499,4.003905249023688e-09,-32.55929679881618,782887000.0,10469437000.0,-13723292000.0,1839566000.0,187838000.0,576153000.0,0.0,0.0,0.0,0.0,0.0,0.0,0.0,8.71873255436108e-09,0.1338982704105871,2025-04-30,0.82,amc,1315345580.0,2025-05-11,2025-03-31,0.024390243902439,63.842083333333335,2965544.3
2024-12-31,VTR,USD,740260,2025-02-13,2025-02-13 16:37:17,2024,Q4,1287057000.0,741057000.0,546000000.0,0.4242236358,0,41434000.0,0.0,41434000.0,308772000.0,350206000.0,1091263000.0,0.0,153206000.0,290372000.0,465711000.0,0.3618417832,195794000.0,0.1521253526,-182606000.0,13188000.0,0.0102466324,-45539000.0,56835000.0,0.0441588834,0.13,0.13,421496000,427612000,https://www.sec.gov/Archives/edgar/data/740260/000074026025000052/0000740260-25-000052-index.htm,https://www.sec.gov/Archives/edgar/data/740260/000074026025000052/vtr-20241231.htm,3.053544992123294,0.1348411372824416,0.8864639284833071,0.4825526220889403,2.130150701311519,25.69323552299429,23.186858238275097,25.5548498680889,32.96296999259779,24821899440.0,37664603440.0,109.18403906043812,19.285781002706173,66.4324831589681,122.0385037906723,2.304454939237882,2.304454939237882,29.26413005795392,80.87548595588251,100.80425713452216,185.1805040463337,0.0022897119592875,0.0081941352027328,1.2756673843476352,0.5247108612220168,27.576552840710225,1.0358376239869893,1.2779786692427189,6.362337595995028,0.0076125117038988,3.324659100906132,0.0321928244048243,0.0,0.040341841071259,0.4556432511421391,0.1322761928958857,0.5377896692021935,0.0036105627023511,8.805198063311302,0.0350315237019396,0.0022615964567009,-33.63662525860269,46760000.0,9773168000.0,-14005776000.0,1103188000.0,373732000.0,1150529000.0,0.0,26.26988548292733,139.9454292989608,0.0,3.4259761070709867,0.6431078203185612,0.0,0.0052765380340121,0.4039113063943667,2025-02-12,-0.02,amc,1254130970.0,2025-05-11,2024-12-31,-41.5,62.83890625,2602751.375
2024-09-30,VTR,USD,740260,2024-10-31,2024-10-31 16:04:02,2024,Q3,1236315000.0,714961000.0,521354000.0,0.4216999713,0,35092000.0,0.0,35092000.0,0.0,521354000.0,1040900000.0,0.0,150437000.0,286968000.0,482383000.0,0.3901780695,195415000.0,0.1580624679,-171417000.0,23998000.0,0.0194109106,3002000.0,19243000.0,0.0155648035,0.0464,0.0459,414599000,419474000,https://www.sec.gov/Archives/edgar/data/740260/000074026024000248/0000740260-24-000248-index.htm,https://www.sec.gov/Archives/edgar/data/740260/000074026024000248/vtr-20240930.htm,2.981953646776765,0.0464135224638747,0.8530266594950784,0.4987976333758644,2.66458192132639,24.50166546470204,21.96690778318327,23.53863371595204,33.85137928456171,26588233870.0,39367811870.0,345.4273485163436,21.506035169030547,75.17936196502895,128.56917456878836,2.724457195514256,2.724457195514256,31.842865184034817,81.611109574757,111.3141622274249,190.36567458571284,0.0007237411892074,0.0077779141334143,1.4227049150259234,0.5477653163039105,26.492596132119083,1.244922899883121,1.2989822982378003,15.52724239364271,0.0070033233839611,9.676557709296889,0.0283843518844307,0.0,0.0414605343416976,0.4152613780311255,0.1187909230252807,0.4710725775669339,0.0034521946267739,4.957972908028626,0.0070857967726719,0.000792014218143,-33.29783477528889,312443000.0,9107458000.0,-13600701000.0,1363351000.0,285228000.0,1075915000.0,0.0,27.065044102837867,144.60604144841466,0.0,3.325322495615781,0.6223806356811566,0.0,0.0019718018906263,0.354229026119214,2024-10-30,0.8,amc,1231740000.0,2024-11-08,2024-09-30,0.0,58.38546875,2546105.90625
2024-06-30,VTR,USD,740260,2024-08-02,2024-08-02 16:17:37,2024,Q2,1200980000.0,976749000.0,224231000.0,0.1867066895,0,37727000.0,0.0,37727000.0,-8165000.0,377533000.0,1022562000.0,0.0,149259000.0,294948000.0,473366000.0,0.3941497777,178418000.0,0.1485603424,-446083000.0,28934000.0,0.0240919915,7766000.0,19387000.0,0.0161426502,0.0475,0.0471,408097000,411823000,https://www.sec.gov/Archives/edgar/data/740260/000074026024000200/0000740260-24-000200-index.htm,https://www.sec.gov/Archives/edgar/data/740260/000074026024000200/vtr-20240630.htm,2.942878776369344,0.0475058625767893,0.8230200172998087,0.6453147168442797,-2.003658443948375,24.452970739799607,21.879504137496724,23.571234289886963,33.35897592974219,20763975360.0,33613130360.0,267.7564264713468,17.28919329214475,61.821096608231706,78.84524972375272,2.158563245957368,2.158563245957368,27.988085030558377,71.0087550859166,100.0772031011814,127.63623589809798,0.0009336844059903,0.0126830722650212,1.399724409653459,0.5488916960375706,27.14422877857725,0.8141771495174962,1.1953584038483442,17.324598958064684,0.0087800624321295,9.40367256408934,0.0314135122982897,0.0,0.0428134608934959,0.215918564214939,0.060384852370564,0.2458772393777886,0.0048227281053806,5.019448762679542,0.0055275813456116,0.0008256812551786,-37.29439569514111,-210604000.0,8928960000.0,-13628290000.0,1365542000.0,227053000.0,1011692500.0,364863000.0,14.887941514429883,92.4260173289146,0.0,6.045160770733082,0.9737517919842724,0.0,0.0020154168420943,0.1777053004555289,2024-08-01,0.79,amc,1194550000.0,2025-04-22,2024-06-30,0.0126582278481012,46.83,2212099.206349206
2024-03-31,VTR,USD,740260,2024-05-02,2024-05-02 16:22:39,2024,Q1,1199914000.0,989505000.0,210409000.0,0.1753534003,0,48737000.0,0.0,48737000.0,-63049000.0,63049000.0,1052554000.0,0.0,149933000.0,294855000.0,447615000.0,0.3730392345,147360000.0,0.1228088013,-162904000.0,-15544000.0,-0.0129542617,-3004000.0,-14312000.0,-0.0119275215,-0.0355,-0.0351,403365000,407227000,https://www.sec.gov/Archives/edgar/data/740260/000074026024000139/0000740260-24-000139-index.htm,https://www.sec.gov/Archives/edgar/data/740260/000074026024000139/vtr-20240331.htm,2.974759832905681,-0.0354815117821328,0.6605630136476888,0.3280502770443643,1.706665179180147,24.15647614443494,21.5523508484871,23.310996244096536,34.47826162408737,17288223900.0,30357205900.0,-301.98825985187256,14.407885815150086,64.88404454152405,130.65070508751248,1.8386172581900788,1.8386172581900788,25.299484713071102,67.81990304167644,113.93294714165616,229.41572125993773,-0.0008278467517996,0.0076539961979553,1.4631101879857575,0.5575982590556174,29.196925929649364,0.8498097088182625,0.9828390014206344,-21.247846889952157,0.0105767949939611,-12.776271660145332,0.0406170775572249,0.0,0.042574094178859,0.5033777697712124,0.1117780107574376,0.4361004444762366,0.0135709725863686,,0.0050559246408691,-0.000605871441209,-33.92425842599135,-174112000.0,8693464000.0,-13943545000.0,22427107000.0,224773000.0,1030961500.0,364863000.0,19.1592230776539,92.80158260948656,66.37191322934194,4.6974764913599385,0.9698110470672062,1.3559952639757935,-0.0015220933249954,0.3325127366033245,2024-05-01,0.74,amc,1180150000.0,2025-04-22,2024-03-31,0.0540540540540541,45.42377049180328,2478169.0655737706
2023-12-31,VTR,USD,740260,2024-02-15,2024-02-15 17:22:31,2023,Q4,1164392000.0,1835267000.0,-670875000.0,-0.5761590598,0,36382000.0,0.0,36382000.0,-14071000.0,14071000.0,1849338000.0,148968000.0,134453000.0,1165861000.0,480915000.0,0.4130181245,-684946000.0,-0.5882434781,178060000.0,-922003000.0,-0.7918321321,4698000.0,-90819000.0,-0.0779969289,-0.23,-0.22,402995000,406977000,https://www.sec.gov/Archives/edgar/data/740260/000074026024000067/0000740260-24-000067-index.htm,https://www.sec.gov/Archives/edgar/data/740260/000074026024000067/vtr-20231231.htm,2.8893460216628,-0.225360116130473,0.6925247211503864,0.446749959676919,1.3981860817131726,24.434648072556733,18.23381183389372,23.54386034566185,34.49682502264296,20085270800.0,33289403800.0,-55.289286382805365,17.249578148939534,71.96854997061817,111.56128595074374,2.1169000864033505,2.1169000864033505,28.58951607362469,69.22097210525769,119.28094695503864,184.90209733500703,-0.0045216716719597,0.0089636829790714,1.451044565705648,0.5568191667260185,27.456271898360416,0.7343487263463107,-5.09431548570876,-3.072969312588776,0.00902766020959,-1.9965315627787137,0.031245491209146,0.0,0.1010662179303391,0.3548967335999197,0.0850624188417646,0.084955239089394,0.004885811651059,,-0.0277270881341485,-0.0040860634682152,-35.16011116763235,-314071000.0,7348135000.0,-14010195000.0,23646600000.0,219327500.0,1065822000.0,392441500.0,15.003297858453168,51.08000089360294,0.0,5.9986811465781935,1.7619420208598946,0.0,-0.0095719271530591,0.2457747614734674,2024-02-14,0.76,amc,1149950000.0,2025-04-22,2023-12-31,0.0,44.78904761904762,2130590.587301587
2023-09-30,VTR,USD,740260,2023-11-03,2023-11-03 15:52:07,2023,Q3,1149832000.0,12655000.0,1137177000.0,0.9889940443,0,33297000.0,0.0,33297000.0,-9432000.0,403608000.0,12655000.0,145165000.0,147919000.0,297677000.0,449220000.0,0.3906831607,-12655000.0,-0.0110059557,-222764000.0,-71221000.0,-0.061940353,-1662000.0,-71124000.0,-0.0618559929,-0.18,-0.18,402859000,402859000,https://www.sec.gov/Archives/edgar/data/740260/000074026023000188/0000740260-23-000188-index.htm,https://www.sec.gov/Archives/edgar/data/740260/000074026023000188/vtr-20230930.htm,2.8541797502351938,-0.1765481222958901,0.895635942103813,0.7365281649410836,1.077143616004607,25.16883822875993,22.57603032326447,24.36971496230691,34.09153823049752,16972449670.000002,30124676670.0,-59.657955366683545,14.760808248509347,47.03920200102546,57.20079965084576,1.7287850951545085,1.7287850951545085,26.19919837854573,67.059963202885,83.49064387567036,101.52662863941062,-0.004190555952905,0.0174822730819151,1.3838637486161276,0.5441733797329065,29.27791950491964,0.4632490156905066,-0.0855535799998647,-5.073041448737416,0.0106368263574294,-2.5382852482987457,0.0289581434505214,0.0,0.0418373195975472,0.1776478250627052,0.0557455349998956,0.215327351458124,0.0042693193440433,,-0.0005185396827173,-0.0029731537062026,-34.298171941051336,-652051000.0,9094957000.0,-14264356000.0,907520000.0,245189500.0,1079809000.0,392441500.5,19.141257157567367,7752.075859344132,5581.941525088897,4.701885527117486,0.0116097935098914,0.0161234222170692,-0.0072445706717932,0.1591077771627294,2023-11-02,0.74,amc,1118690000.0,2025-04-22,2023-09-30,0.0135135135135135,45.049523809523805,2136828.285714286
2023-06-30,VTR,USD,740260,2023-08-04,2023-08-04 15:15:14,2023,Q2,1106358000.0,624254000.0,482104000.0,0.4357576842,0,34399000.0,0.0,34399000.0,47086000.0,327023000.0,951277000.0,142233000.0,143265000.0,293989000.0,477729000.0,0.431803268,105066000.0,0.094965644,-361199000.0,95293000.0,0.0861321561,-9773000.0,103453000.0,0.0935077073,0.26,0.26,400431000,404122000,https://www.sec.gov/Archives/edgar/data/740260/000074026023000159/0000740260-23-000159-index.htm,https://www.sec.gov/Archives/edgar/data/740260/000074026023000159/vtr-20230630.htm,2.762917955902515,0.258354123432002,0.7787284201273128,0.4580139899258549,0.3462469189448369,25.722571429284944,23.11251626372584,24.89413157322985,34.210570610167544,18928373370.0,32345433370.0,45.74148011657468,17.108723731378088,60.70152158087658,103.2064544745724,1.898841092767111,1.898841092767111,29.23595560388229,67.70665664006162,103.72877707831586,176.36261876850432,0.0054654986975249,0.0096893164782283,1.3598704383519813,0.540695728770714,28.085085895978683,0.2186070290558718,0.733368233692807,2.967915405554604,0.0095243789033521,1.742636752921617,0.031092105810235,0.0,0.041687716999918,0.4118437466928777,0.1160781591492084,0.4149348635235732,0.0048167049002221,12.029496443204147,0.0048498533414045,0.0043059280441809,-36.0804358291441,-926214000.0,9254968000.0,-14511624000.0,641245000.0,373418000.0,1038513500.0,228036500.5,19.99793918424235,154.20501911081067,1.4417208379922274e-07,4.500463731328712,0.583638590487944,624254000.0,0.0103781135193254,0.3207144302014579,2023-08-03,0.74,amc,1093520000.0,2025-04-22,2023-06-30,0.0135135135135135,45.32322580645161,2405746.580645161
2023-03-31,VTR,USD,740260,2023-05-09,2023-05-09 15:09:39,2023,Q1,1077245000.0,609637000.0,467608000.0,0.4340776704,0,44798000.0,0.0,44798000.0,274055000.0,318853000.0,928490000.0,126332000.0,128075000.0,273519000.0,423112000.0,0.3927723034,135370000.0,0.12566315,-132645000.0,16110000.0,0.0149548153,-2802000.0,17517000.0,0.0162609249,0.0438,0.0434,399989000,403792000,https://www.sec.gov/Archives/edgar/data/740260/000074026023000106/0000740260-23-000106-index.htm,https://www.sec.gov/Archives/edgar/data/740260/000074026023000106/vtr-20230331.htm,2.6931865626304723,0.0437937043268689,0.6070591941278385,0.3254114488148424,0.3634024935685731,25.811929828070276,20.88449754868259,24.99316481203233,31.6521004327619,17339523150.0,29726583150.0,247.46707698236003,16.096174175791024,71.40984012651504,133.21596445940028,1.7344742182922843,1.7344742182922843,27.59500684616777,70.25700795534043,122.42381361272068,228.38318044575564,0.00101023539393,0.0075066078157979,1.253618913931202,0.5223109632307318,29.276078201516384,0.6482026285697744,1.0569588131953933,12.839308375634518,0.0104629174880163,10.356910429868128,0.0415857116997526,0.0,0.0821415733189831,0.4639543359814181,0.1045778815404109,0.3935264590094071,0.0139801066609731,4.962582349376595,0.0068907503152529,0.00079538671925,-32.30222206110668,-388874000.0,8353569290.0,-12953162000.0,2081068710.0,519039500.0,1019563000.0,453714000.0,41.857107714586746,148.72675050890942,67.32952560294078,2.1501724537129445,0.605136599112401,1.3367092548780568,0.001752227245178,0.2816477453129961,2023-05-08,0.7,amc,1077240000.0,2025-04-22,2023-03-31,0.0571428571428572,48.200161290322576,2156084.016129032
2022-12-31,VTR,USD,740260,2023-02-10,2023-02-10 17:04:45,2022,Q4,1051425000.0,591539000.0,459886000.0,0.4373930618,0,76538000.0,-42998000.0,33540000.0,344114000.0,377654000.0,969193000.0,121955000.0,123399000.0,1089998000.0,378230000.0,0.3597308415,85898000.0,0.0816967449,-128235000.0,-46003000.0,-0.0437530019,-2619000.0,-43384000.0,-0.0412620967,-0.11,-0.11,399655000,399655000,https://www.sec.gov/Archives/edgar/data/740260/000074026023000070/0000740260-23-000070-index.htm,https://www.sec.gov/Archives/edgar/data/740260/000074026023000070/vtr-20221231.htm,2.630831592248314,-0.1085536275037219,0.6687092617382493,0.2375373759867886,1.650521074426693,25.57625201736498,19.59458032553077,25.404331235690783,32.625261788292406,18004457750.0,30797343750.0,-103.75056328369904,17.123863090567564,67.3685898755112,189.65436413049204,1.773319658842616,1.773319658842616,29.29105143020187,81.42491010760648,115.236662450936,324.41136117050974,-0.0024096254717807,0.0052727497444348,1.2720861525417986,0.5346276819450746,33.823033603891815,0.6552606677153674,0.6960996442434704,-6.1601742577908905,0.0100038558506434,-4.151622718052739,0.0727945407423258,0.0,0.0989577296645726,0.644782284950964,0.1638918610457236,0.5259238460317655,0.0018346529709679,,0.0034898949604786,-0.0019930873167859,-31.64739650448512,-396010000.0,7831072000.0,-13183450000.0,2304902000.0,636450000.0,999901500.0,225677500.0,45.97260860261074,156.96684411340587,68.67163449916235,1.957687473816506,0.5733694941014201,1.3105847946738156,-0.0042730362195566,0.4311718857514606,2023-02-09,0.72,amc,1041771396.0,2025-04-22,2022-12-31,0.0138888888888889,42.1731746031746,2336383.476190476
2022-09-30,VTR,USD,740260,2022-11-04,2022-11-04 16:56:52,2022,Q3,1037276000.0,571576000.0,465700000.0,0.4489644029,0,35421000.0,0.0,35421000.0,301418000.0,336839000.0,908415000.0,118924000.0,119413000.0,273381000.0,426221000.0,0.4109041374,121669000.0,0.1172966501,-131825000.0,-2964000.0,-0.0028574844,-6027000.0,3063000.0,0.0029529267,0.0077,0.0076,399646000,403543000,https://www.sec.gov/Archives/edgar/data/740260/000074026022000167/0000740260-22-000167-index.htm,https://www.sec.gov/Archives/edgar/data/740260/000074026022000167/vtr-20220930.htm,2.5954870060003103,0.0076642828903579,0.7513599535588996,0.4789513719641883,0.3631864199816838,26.75044164085216,20.76675357691557,25.92634231294696,31.3334225789824,16053779820.0,28311497820.0,1310.2987120470127,15.476864228999805,53.46305696721039,83.8707274921504,1.5493894015254177,1.5493894015254177,27.29408356117369,66.42445543509119,94.28428929192282,147.90946089827648,0.000190796188458,0.0119231110770273,1.1970306211762376,0.5103972932803482,28.759066305977417,0.6547225291823852,1.0188924153986585,98.033953640222,0.011218977836959,58.80084884100555,0.0341480955888307,0.0,0.0984080886533153,0.36255403326251,0.104954708293646,0.3574660484908981,0.0059627331587735,2.1144511085552136,-0.005442219017652,0.0001398052147755,-32.310317756214246,-543667000.0,8299350000.0,-12578791000.0,2160592000.0,458743000.0,965739000.0,-12095500.0,63.844386643477726,152.4386258345347,0.0,1.4096775727924438,0.590401543619863,0.0,0.0002956175922482,0.2724085815947113,2022-11-03,6.19,amc,1025318185.0,2025-04-22,2022-09-30,-0.877221324717286,49.1353125,1770489.015625
2022-06-30,VTR,USD,740260,2022-08-05,2022-08-05 15:13:27,2022,Q2,1022938000.0,575769000.0,447169000.0,0.4371418405,0,32915000.0,0.0,32915000.0,-48116000.0,315928000.0,891697000.0,0.0,113951000.0,270475000.0,366200000.0,0.3579884607,141628000.0,0.1384521838,-176233000.0,-44992000.0,-0.0439831153,-3790000.0,-42416000.0,-0.0414648786,-0.11,-0.11,399592000,403526000,https://www.sec.gov/Archives/edgar/data/740260/000074026022000147/0000740260-22-000147-index.htm,https://www.sec.gov/Archives/edgar/data/740260/000074026022000147/vtr-20220630.htm,2.559956155278384,-0.1061482712366614,0.6959073254719814,0.4492482331978618,0.5197701655688802,27.24262748002963,21.20391299125108,26.3083244909808,31.623085547258203,20551016560.0,32946324560.0,-121.12773811769144,20.09018783152058,73.90351864038637,114.48013859488849,1.954894543650303,1.954894543650303,32.2075478279231,89.96811731294375,118.4782905577192,183.52862452371937,-0.0020639368313564,0.008735139669412,1.19117875356382,0.5084579417337596,33.84846531949754,0.6069554519312871,1.2428850997358514,-6.7491626620066985,0.0087624375891213,-4.245496982270841,0.0321769256787801,0.0,0.0979781879722618,0.354442442615228,0.096352858139985,0.3441709907883985,0.0066524070862554,,0.0054819686109877,-0.0019093291046243,-33.56016324150634,-610838000.0,8472914000.0,-12798938000.0,23143625000.0,356024500.0,1021480000.0,-12095500.0,15.982874817437615,150.5860162669404,-3.7813602330101137,5.631027022861264,0.5976650570293264,-23.800959034351617,-0.0040347788500575,0.2466590922741196,2022-08-04,0.72,amc,1035693751.0,2025-04-22,2022-06-30,0.0,55.99225806451613,2071485.016129032
2022-03-31,VTR,USD,740260,2022-05-06,2022-05-06 15:39:34,2022,Q1,1017554000.0,544034000.0,473520000.0,0.4653512246,0,42998000.0,0.0,42998000.0,289010000.0,332008000.0,876042000.0,0.0,110794000.0,274764000.0,456606000.0,0.4487290109,164433000.0,0.1615963379,-146900000.0,36102000.0,0.0354791982,-4490000.0,38732000.0,0.0380638276,0.097,0.096,399297000,403260000,https://www.sec.gov/Archives/edgar/data/740260/000074026022000125/0000740260-22-000125-index.htm,https://www.sec.gov/Archives/edgar/data/740260/000074026022000125/vtr-20220331.htm,2.548363749289376,0.0970004783406837,0.6875909410789462,0.5014663270698252,0.3746559578459142,27.029228869738567,20.97101405720554,26.79059947858361,33.56696894792598,24660582720.0,37803379720.0,159.1744727873593,24.23515874341804,89.82084595688264,123.15881778319368,2.305286227333991,2.305286227333991,37.15122707984048,82.79212213593338,137.6906452306112,188.7960072714924,0.0015706036000758,0.0081195972647316,1.2425812388536062,0.5327590779470405,28.78367126143765,0.6398819876249502,1.4841327147679475,6.763721915648404,0.0072999491554593,4.647862232779097,0.0422562340671846,0.0,0.096954574182788,0.270690904852615,0.0730369100804478,0.2543664198950621,0.0155235004727021,7.646618317940707,0.0074584202796663,0.0017190476444094,-34.084971838005295,-425505000.0,8373663000.0,-13401351000.0,2507869000.0,530257000.0,1084925000.0,265063000.0,46.91143664120037,178.5984699485694,0.0,1.9185087143751367,0.5039236899729158,0.0,0.003620690847856,0.186124614009121,2022-05-05,0.77,amc,1022895399.0,2025-04-22,2022-03-31,0.0259740259740259,54.64,2560325.193548387
2021-12-31,VTR,USD,740260,2022-02-18,2022-02-18 16:50:51,2021,Q4,1022444000.0,582576000.0,439868000.0,0.4302123148,0,89449000.0,-60847000.0,28602000.0,-26355000.0,347500000.0,930076000.0,0.0,110455000.0,272559000.0,385689000.0,0.3772226156,63707000.0,0.062308547,-136220000.0,-43852000.0,-0.0428893905,-4747000.0,-39105000.0,-0.0382465935,-0.098,-0.097,399142000,403108000,https://www.sec.gov/Archives/edgar/data/740260/000074026022000057/0000740260-22-000057-index.htm,https://www.sec.gov/Archives/edgar/data/740260/000074026022000057/vtr-20211231.htm,2.5616046419569978,-0.0979726513371181,0.6659309218273196,0.3928226044866238,1.7032810378261372,27.423222812933744,21.370522270269728,27.19429426119025,30.904372378752424,20404139040.0,32479192040.0,-130.4445661680092,19.956241163330212,76.76471886862727,130.13507729986225,1.8798060912709469,1.8798060912709469,31.76623075689231,84.21083318424948,122.19364125793356,207.1482731261799,-0.0019165229134804,0.0076843232489558,1.1262524776852858,0.4945741499663441,31.307745359603203,0.6252531659195202,0.5767688198813997,-6.796762727900376,0.0088176227209241,-4.60084388185654,0.0874854759771684,0.0,0.0977388104258205,0.4101150860982464,0.1066161080704664,0.338556192582194,0.0056736603667291,,0.0023444554234186,-0.0017534381265021,-31.14059031622831,-452584000.0,8529873000.0,-13016904000.0,2478395000.0,530282500.0,1116538000.0,265063000.0,46.66401289459374,168.42928647936063,81.89719452912581,1.9286811060012148,0.5343488765003385,1.0989387428649038,-0.0036026914468208,0.2731083173406958,2022-02-17,0.71,amc,957617902.0,2025-04-22,2021-12-31,0.028169014084507,52.251875,2173531.25
2021-09-30,VTR,USD,740260,2021-11-05,2021-11-05 15:29:05,2021,Q3,976078000.0,523850000.0,452228000.0,0.4633113337,0,30259000.0,0.0,30259000.0,-33673000.0,343795000.0,867645000.0,0.0,108816000.0,237696000.0,388356000.0,0.3978739404,62774000.0,0.0643124832,-41879000.0,66554000.0,0.0681851245,3780000.0,60680000.0,0.0621671629,0.16,0.16,381996000,385523000,https://www.sec.gov/Archives/edgar/data/740260/000074026021000183/0000740260-21-000183-index.htm,https://www.sec.gov/Archives/edgar/data/740260/000074026021000183/vtr-20210930.htm,2.555204766542058,0.1588498308882815,0.6059199572770395,0.2945449690572676,0.4848480088796741,29.233669986073156,22.902368087623955,28.99694237635996,32.42756992219814,21089999160.0,33224615160.0,86.89024044166118,21.606878917463565,91.11764571695204,187.4416669777363,1.9039938516072816,1.9039938516072816,34.038893572030105,85.55195531934616,143.54427851152903,295.2905404612718,0.0028771930970527,0.0053349931001135,1.1084861253100649,0.4902642600205139,31.246114389889687,0.8327502307809532,0.5768820761652698,3.687179405486348,0.0080196304758885,2.7873104812129204,0.0310005962638231,0.0,0.0965696795422406,0.5138879888014724,0.1218591137183708,0.3738461103270964,0.0048151889500634,10.180303843066058,0.0024196658590219,0.0026818832159191,-34.80203915747809,-209623000.0,8748613000.0,-12833549000.0,2732410000.0,657988500.0,1064396500.0,0.0,48.90952362413659,196.3424262670612,0.0,1.8401324186192949,0.4583828452724921,0.0,0.0054781579666753,0.3113749882197719,2021-11-05,0.73,bmo,1002050000.0,2025-04-22,2021-09-30,0.0,57.29953125,2406801.53125
2021-06-30,VTR,USD,740260,2021-08-06,2021-08-06 16:42:02,2021,Q2,919194000.0,494853000.0,424341000.0,0.4616446583,0,30588000.0,0.0,30588000.0,13490000.0,281229000.0,776082000.0,0.0,110051000.0,232100000.0,407302000.0,0.4431077662,88288000.0,0.096049365,-306065000.0,91929000.0,0.1000104439,3641000.0,86391000.0,0.0939856004,0.23,0.23,375067000,378408000,https://www.sec.gov/Archives/edgar/data/740260/000074026021000161/0000740260-21-000161-index.htm,https://www.sec.gov/Archives/edgar/data/740260/000074026021000161/vtr-20210630.htm,2.450746133357507,0.2303348468406978,0.7765625874843695,0.4653008662452308,1.305897346340787,26.618988074130755,20.60183380569338,26.34915628407725,32.19979363687021,21416325700.0,33149517700.0,61.97499073977613,23.299026864840283,73.52916676680526,122.71629851190988,2.16705231030511,2.16705231030511,36.06367937562691,81.38805530048957,113.81300645808084,189.9479008016319,0.0040338852336374,0.0081488768169042,1.210906959728309,0.5091418111585814,28.80710627495077,0.942001026222256,0.8022462312927643,3.2990100579920263,0.007894678217375,1.9570904376613305,0.0332769796147494,0.0,0.0960179480243499,0.4008198775676965,0.1270069212810353,0.4568396420227981,0.0058670966085505,11.68569209478742,0.0037471036624148,0.0040659413790191,-33.17129339557999,-86584000.0,7727068000.0,-12114140000.0,2704443000.0,785688500.0,977641500.0,0.5,76.91349160242561,179.3207073615801,0.0,1.170145810896481,0.5018940719351787,0.0,0.0087416403150596,0.3112617212391386,2021-08-06,0.72,bmo,919194000.0,2025-04-22,2021-06-30,0.0138888888888889,55.83904761904762,2105852.9523809524
2021-03-31,VTR,USD,740260,2021-05-07,2021-05-07 17:03:17,2021,Q1,910291000.0,487218000.0,423073000.0,0.4647667614,0,40309000.0,0.0,40309000.0,9428000.0,345555000.0,832773000.0,0.0,110767000.0,235648000.0,401094000.0,0.4406217352,-55398000.0,-0.0608574621,-130763000.0,-53245000.0,-0.0584922843,2153000.0,-57209000.0,-0.0628469358,-0.15,-0.15,374669000,377922000,https://www.sec.gov/Archives/edgar/data/740260/000074026021000101/0000740260-21-000101-index.htm,https://www.sec.gov/Archives/edgar/data/740260/000074026021000101/vtr-20210331.htm,2.429587182286231,-0.1526921095687126,0.6341410685164772,0.3985411122884466,1.1920174874355765,26.881380631971155,20.826468162564822,26.61056826158556,32.23242915746966,19984844460.0,31780908460.0,-87.3326070198745,21.95434697256152,84.11377633179428,133.83813703363893,2.004466777096244,2.004466777096244,34.912910772489234,79.23556188823568,133.7619730379262,212.8361614240462,-0.0028626192270099,0.0074717118914219,1.2001543606894778,0.5080499058625492,29.409724403755728,0.8234649407328052,-0.5001309054140674,-4.288837142135095,0.008444549085072,-2.949937946826548,0.0442814440656888,0.0,0.0963214447800621,0.3715260971493268,0.0969711883342799,0.2763508859808403,0.0176558924563683,,-0.0025404791480743,-0.0026879286589369,-33.21505582127158,-285740000.0,7803032000.0,-12147781000.0,2325920000.0,695703000.0,1051189000.0,1.0,77.69549517681709,179.05348324569292,1.847222393261333e-07,1.158368317174383,0.5026431118153907,487218000.0,-0.0057380251360184,0.2355999562280306,2021-05-07,0.7,bmo,900260000.0,2025-04-22,2021-03-31,0.0285714285714286,51.30868852459016,2161635.5081967213
2020-12-31,VTR,USD,740260,2021-02-23,2021-02-23 15:24:41,2020,Q4,921165000.0,463373000.0,457792000.0,0.4969706839,0,29537000.0,0.0,29537000.0,16043000.0,281087000.0,744460000.0,644000.0,114208000.0,267474000.0,492956000.0,0.5351440839,32576000.0,0.0353639142,-71557000.0,111274000.0,0.1207970342,-679000.0,110451000.0,0.1199036003,0.29,0.29,374473000,377696000,https://www.sec.gov/Archives/edgar/data/740260/000074026021000048/0000740260-21-000048-index.htm,https://www.sec.gov/Archives/edgar/data/740260/000074026021000048/vtr-20201231.htm,2.4598969752158366,0.2949505037746379,0.7898112814542037,0.4579502394031078,1.7381226416857825,27.44708163205357,21.35175299687828,27.185316431358203,32.63128983932086,18364155920.0,30056157920.0,41.56629618563888,19.935794260528787,62.09078187602912,107.08587042976266,1.8039149966793275,1.8039149966793275,32.62841936026662,60.97127922167496,101.62244067040164,175.2647846521663,0.0060144882498906,0.0093383001509606,1.1891090784660017,0.5058767447780981,23.718145230000243,0.8549868724333924,0.2852339590921827,2.6418497047868303,0.009172542464451,1.525074467410888,0.0320648309477672,0.0,0.0953862453072379,0.4201776422338156,0.1349085125900354,0.4646171216641617,0.0045214483832972,13.431763193110426,0.0014079926196958,0.0051024009570345,-33.503504256648675,-180941000.0,7995655000.0,-12584398000.0,2657884000.0,691027500.0,1110346000.0,0.5,59.16532868704304,220.0731160425834,1.942279761660693e-07,1.5211611597065229,0.4089549946781564,463373000.0,0.0108496255513293,0.3318610420510958,2021-02-18,0.73,bmo,1789964999.0,2025-04-22,2020-12-31,0.1369863013698629,46.23203125,2436586.015625
2020-09-30,VTR,USD,740260,2020-11-06,2020-11-06 16:56:25,2020,Q3,918940000.0,495542000.0,423398000.0,0.460746077,0,34228000.0,0.0,34228000.0,-3534000.0,288593000.0,784135000.0,572000.0,115505000.0,254924000.0,380971000.0,0.4145765774,13737000.0,0.0149487453,-126410000.0,10542000.0,0.0114719133,-3195000.0,12751000.0,0.0138757699,0.03,0.03,373177000,376295000,https://www.sec.gov/Archives/edgar/data/740260/000074026020000163/0000740260-20-000163-index.htm,https://www.sec.gov/Archives/edgar/data/740260/000074026020000163/vtr-20200930.htm,2.462477591062686,0.0341687724591815,1.1640642376137864,0.7072917141195733,2.3272602545172933,27.567902094716448,21.39977812137404,27.324438537208884,33.25681647046844,15658506920.0,27365337920.0,307.0054685906988,17.039748971641238,36.04612069005208,59.32488556328023,1.535621672257281,1.535621672257281,29.77924338912225,71.83050132424778,62.99542340965281,103.6781826516888,0.0008143177421158,0.0168563325576638,1.2057813529116632,0.507635376222679,30.72892949857076,1.1038708685067726,0.1189299164538331,31.62277061949479,0.0107339736067249,13.181554387891143,0.0372472631510218,0.0,0.0950353467352405,0.3923946022347963,0.1854930681002024,0.6686581098680391,0.0062735325483709,4.583334677550572,0.0007842972464528,0.0005817412097014,-33.447747315616986,160046000.0,7985905000.0,-12231913000.0,3096049000.0,729159500.0,967414000.0,0.0,76.04840359544693,197.53389218270092,0.0,1.183456795211259,0.4556180157517382,0.0,0.0012504839728967,0.4567725234942132,2020-11-06,0.72,bmo,918940000.0,2025-04-22,2020-09-30,0.0416666666666667,39.981875,2767299.34375
2020-06-30,VTR,USD,740260,2020-08-07,2020-08-07 21:27:25,2020,Q2,943198000.0,499148000.0,444050000.0,0.4707919228,0,29984000.0,0.0,29984000.0,-3382000.0,409233000.0,908381000.0,1540000.0,123132000.0,355396000.0,375649000.0,0.3982716248,-159235000.0,-0.1688245734,-243614000.0,-102879000.0,-0.1090746588,56356000.0,-157170000.0,-0.1666352134,-0.42,-0.42,372982000,376024000,https://www.sec.gov/Archives/edgar/data/740260/000074026020000135/0000740260-20-000135-index.htm,https://www.sec.gov/Archives/edgar/data/740260/000074026020000135/vtr-20200630.htm,2.5288029985361224,-0.4213876272849628,1.087342016504818,0.7846491251588549,3.253384881844164,27.88314181381407,21.74181864004161,27.645334091189387,34.59169611402159,13658600839.999998,25444724840.0,-21.72583960043265,14.48115967167021,33.678455761060654,46.67054206246155,1.3246358274856531,1.3246358274856531,26.977076753767506,67.73537222247364,62.73988455440515,86.94295373470922,-0.0115070351525112,0.0214267920578605,1.2393255031513268,0.5196936174255333,31.375363703883146,1.5983509948771717,-1.2932056654647046,-2.546921217069112,0.0216699355568838,-1.8831901762422856,0.0317897196558941,0.0,0.0931541281141279,0.2783787315778961,0.1196980909628731,0.322943185523779,0.0011058123532916,,-0.0104313879694468,-0.0070483660881074,-33.41890694457105,671138000.0,8109307000.0,-12396694000.0,3599955000.0,785228500.0,916834000.0,0.0,65.0603478802966,152.75665734411436,0.0,1.3833310600427378,0.5891723579500521,0.0,-0.0152426310311532,0.302692891345963,2020-08-07,0.73,bmo,592240604.0,2025-04-22,2020-06-30,0.0547945205479452,33.02603174603174,4394361.206349206
2020-03-31,VTR,USD,740260,2020-05-08,2020-05-08 16:39:05,2020,Q1,1012054000.0,481695000.0,530359000.0,0.5240421954,0,42535000.0,0.0,42535000.0,-3708000.0,291372000.0,773067000.0,4853000.0,116696000.0,252688000.0,477091000.0,0.4714086403,474730000.0,0.4690757608,-149016000.0,325714000.0,0.3218346057,-149016000.0,473117000.0,0.4674819723,1.27,1.26,372829000,375997000,https://www.sec.gov/Archives/edgar/data/740260/000074026020000092/0000740260-20-000092-index.htm,https://www.sec.gov/Archives/edgar/data/740260/000074026020000092/vtr3312020doc.htm,2.7145259623044344,1.2689919507334462,0.8434215149572593,0.5188276663027822,8.29766193080474,28.74346416185436,22.583162790448167,28.519621595959546,38.99732048740844,9991817200.0,21566338200.0,5.279781322590395,9.872810344112072,31.77533359622454,51.65491692256791,0.9397039126142136,0.9397039126142136,21.309473802781277,45.2038252660394,68.58387989263862,111.49197245572132,0.0473504459228897,0.0193592412799545,1.3564106716654714,0.5418412050750346,24.260614851254797,0.9581837030874232,4.068091451292246,0.6623807216733723,0.0296546658199471,0.6262806028952669,0.0420283897894776,0.0,0.0862857405194744,0.3848536501596428,0.1195766233817563,0.4789226239473184,0.0103887737215603,28.535965560548664,0.0306532207289714,0.0194529529495985,-32.5654723747348,-178729000.0,8419658000.0,-11806013000.0,2760275000.0,796619000.0,1066202500.0,0.0,79.0237872682683,184.3115249275994,0.0,1.138897578958977,0.4883037023070232,0.0,0.0444953992977672,0.324593848654477,2020-05-08,0.28,bmo,176707841.0,2025-04-22,2020-03-31,3.5,49.652580645161294,4649551.080645162
2019-12-31,VTR,USD,740260,2020-02-24,2020-02-21 19:52:51,2019,Q4,996004000.0,480854000.0,515150000.0,0.5172167983,0,41627000.0,0.0,41627000.0,8315000.0,390537000.0,871391000.0,875000.0,116707000.0,354985000.0,485279000.0,0.4872259549,439297000.0,0.4410594737,-111026000.0,13587000.0,0.0136415115,694000.0,11443000.0,0.0114889097,0.03,0.03,372663000,376453000,https://www.sec.gov/Archives/edgar/data/740260/000074026020000042/0000740260-20-000042-index.htm,https://www.sec.gov/Archives/edgar/data/740260/000074026020000042/vtr123119doc10k.htm,2.672666725701237,0.0307060266245911,0.9505504973662532,0.3306472603934385,0.9223427064130328,28.29755570045859,21.97196662936755,28.030397436826306,33.61395147895015,21517561620.0,33821167620.0,470.1031552040549,21.60389076750696,60.74374813330134,174.62718406102906,2.059906575714166,2.059906575714166,33.956859229481005,69.6942740567797,95.47664014002004,274.4779063463723,0.0005317981750015,0.0057264852856501,1.1880238662241578,0.5025864434642702,25.35367489629677,0.746386295253502,3.764101553462946,27.474986426743197,0.0137529988400237,25.86131259285153,0.0417940088594021,0.0,0.0954678901133507,0.6521518201194123,0.2319418395910056,0.6507739763651985,0.0072820992686776,4.400658805774861,0.0171445639993302,0.0005123373089508,-35.62085315687364,-320131000.0,8188139000.0,-13204609000.0,2673603000.0,846860500.0,985451500.0,0.0,63.66950333532797,214.48196334022387,0.0,1.4135495847359965,0.4196157038027329,0.0,0.0010954545576385,0.6199032369728146,2020-02-20,0.92,bmo,8964036000.0,2025-04-22,2019-12-31,0.0108695652173913,62.79453125,2269694.921875
2019-09-30,VTR,USD,740260,2019-10-25,2019-10-25 15:27:16,2019,Q3,983155000.0,462120000.0,521035000.0,0.5299622135,0,40530000.0,0.0,40530000.0,-2164000.0,275133000.0,737253000.0,620000.0,113967000.0,239926000.0,442816000.0,0.4504030392,86918000.0,0.0884072196,-156979000.0,88923000.0,0.0904465725,2005000.0,85259000.0,0.0867197949,0.23,0.23,372426000,376625000,https://www.sec.gov/Archives/edgar/data/740260/000074026019000168/0000740260-19-000168-index.htm,https://www.sec.gov/Archives/edgar/data/740260/000074026019000168/vtr9302019doc.htm,2.6398667117762997,0.2289286999296504,0.9514077964481534,0.5297804127531376,1.1600505872307518,29.09546863000972,22.677651399204137,28.638457035760123,33.339208325949315,27198270780.0,39352628780.0,79.75190531204917,27.664275500811165,76.75993435479455,137.84956605035885,2.55006755108382,2.55006755108382,40.02688160056146,88.86903088415956,111.06239901334636,199.45175353768803,0.0031347213464281,0.0072542847152285,1.1534558518676588,0.4959943037193099,27.44787451221275,0.5478447937428557,0.7626593663077909,4.0765894291170985,0.0108332990131367,3.45590494845119,0.0412244254466487,0.0,0.0963636943465317,0.4431615814680706,0.159715406014311,0.654472629060627,0.0083354099811321,12.145522079627684,0.0037716880157193,0.0038039313194509,-34.352540504690865,-1226608000.0,8445747000.0,-12481449000.0,1801271000.0,976258000.0,796750500.0,0.5,90.54504121933978,160.66554141781356,0.0,0.9939804409827432,0.5601698983228359,0.0,0.0079937511872162,0.4216273836950159,2019-10-25,0.94,bmo,1367867826.0,2025-04-22,2019-09-30,0.0212765957446808,70.9753125,1833125.8125
2019-06-30,VTR,USD,740260,2019-07-26,2019-07-26 15:26:22,2019,Q2,950717000.0,436416000.0,514301000.0,0.5409611903,0,43079000.0,0.0,43079000.0,11481000.0,269266000.0,705682000.0,9202000.0,110369000.0,231643000.0,496158000.0,0.5218776986,211898000.0,0.2228823088,-305345000.0,154146000.0,0.1621365769,-57752000.0,210529000.0,0.221442343,0.58,0.58,361722000,365553000,https://www.sec.gov/Archives/edgar/data/740260/000074026019000139/0000740260-19-000139-index.htm,https://www.sec.gov/Archives/edgar/data/740260/000074026019000139/vtr6302019doc.htm,2.628308479992923,0.5820187879089467,1.086743410685554,0.8075234572406433,1.0184506333593202,30.06829001277224,23.645697524618356,29.91250463062794,29.304875014513907,24564541020.0,34972403020.0,29.170020543488068,25.83791077681371,62.4894518174811,84.09662826644391,2.270287989540861,2.270287989540861,36.78529259495728,70.48642371986342,88.96589159473822,119.72791081106064,0.0085704430556463,0.0118910831577182,0.9694859829624942,0.456300387608617,20.976910580903663,0.742794995537456,1.919905045800904,1.8551331300908929,0.0115722903093753,1.350255784238751,0.0453121170653306,0.0,0.1010571140146655,0.2569327319581072,0.1062356095452169,0.4360157656393674,0.0105920058229736,19.79183905022153,0.0133811989087975,0.0101873547292186,-30.46980208419725,-481264000.0,8553169000.0,-10722683000.0,2450005000.0,729875500.0,729210500.0,1.0,91.20130385803556,158.491737241531,2.062252529696437e-07,0.9868279968902032,0.5678529465725137,436416000.0,0.0194573739342778,0.2792199534449107,2019-07-26,0.96,bmo,655382704.0,2025-04-22,2019-06-30,0.0104166666666666,63.77444444444444,2333027.365079365
2019-03-31,VTR,USD,740260,2019-04-29,2019-04-26 17:57:54,2019,Q1,942874000.0,431137000.0,511737000.0,0.5427416601,0,40760000.0,0.0,40760000.0,-23000.0,276680000.0,707817000.0,287000.0,110619000.0,242051000.0,479001000.0,0.5080222808,124725000.0,0.1322817259,-108726000.0,126331000.0,0.1339850288,-1257000.0,125785000.0,0.1334059482,0.35,0.35,356853000,360619000,https://www.sec.gov/Archives/edgar/data/740260/000074026019000086/0000740260-19-000086-index.htm,https://www.sec.gov/Archives/edgar/data/740260/000074026019000086/vtr3312019doc.htm,2.6421916027047554,0.3524840760761434,0.9419004464023,0.7412379887516709,0.3906258319251904,28.600048199118405,22.06972338750129,28.44214004085716,30.86660613754123,22574520780.0,33396228780.0,44.867275072544416,23.942245496216884,67.16208729025348,85.34371006339953,2.2241645638874905,2.2241645638874905,35.41960938577159,69.72058258751025,99.35805301677972,126.25552914223498,0.0055719898209949,0.0117173251462483,1.0743432565199456,0.4810382627178629,22.59224511013547,0.560486558154952,1.12751878067963,2.634417029814716,0.0125306757453125,2.248869102039194,0.0432295301387035,0.0,0.1028037774851589,0.2130399857193859,0.0759454603690418,0.2958343489595167,0.008914234563685,15.019039007653618,0.0056931393680317,0.00618480989841,-33.488383170381084,-503867000.0,7875647000.0,-11819531000.0,2399570000.0,496106500.0,887957000.0,0.5,47.37744385782194,144.01352702273292,2.087503508165618e-07,1.8996381541833889,0.624941294478492,431137000.0,0.0123930223101988,0.2006624576506292,2019-04-26,0.96,bmo,835116971.0,2025-04-22,2019-03-31,0.03125,62.4816393442623,2153984.7868852457
2018-12-31,VTR,USD,740260,2019-02-08,2019-02-08 17:23:47,2018,Q4,923263000.0,427503000.0,495760000.0,0.5369650901,0,38475000.0,0.0,38475000.0,-58877000.0,282751000.0,710254000.0,357000.0,110524000.0,244276000.0,430704000.0,0.466501961,415991000.0,0.4505660901,-178357000.0,34652000.0,0.0375321008,-28650000.0,62273000.0,0.0674488201,0.17,0.17,356389000,359989000,https://www.sec.gov/Archives/edgar/data/740260/000074026019000037/0000740260-19-000037-index.htm,https://www.sec.gov/Archives/edgar/data/740260/000074026019000037/a4q18doc10k.htm,2.590604648291614,0.1747332268953306,1.0209209599622884,0.5737663059185328,0.360995990336402,28.821299198347877,21.656367059589385,28.664905482492443,30.428051932018104,20880831510.0,31542253510.0,83.82778856807927,22.61634172494728,57.38935950748259,102.11474496782144,2.0439627835432703,2.0439627835432703,34.16388776545794,73.23417825234964,86.69145792851351,154.2529171475519,0.0029823046065084,0.0097929050335984,1.0506900204260885,0.4752672346211825,24.75347802667261,0.5335913085566936,3.763806955955267,5.747764683580297,0.0135001807693816,4.526761196666292,0.0416728494480987,0.0,0.113064127232084,0.4379914524041831,0.1726062887822863,0.6383760290023435,0.0099668241876908,10.615837567338955,0.0348506877499418,0.0031088232410359,-33.144693719503124,-553115000.0,7718091000.0,-11680174000.0,20385871000.0,628660500.0,913922500.0,0.5,48.33748346895738,228.63629027164723,0.0,1.8619090929257525,0.3936382972846054,0.0,0.0060957196248929,0.4471546540437555,2019-02-08,0.95,bmo,1900835588.0,2025-04-22,2018-12-31,0.0105263157894736,58.95666666666666,2466169.793650794
2018-09-30,VTR,USD,740260,2018-10-26,2018-10-26 16:08:10,2018,Q3,936538000.0,428820000.0,507718000.0,0.5421221563,0,39677000.0,0.0,39677000.0,-1244000.0,258256000.0,687076000.0,12554000.0,107581000.0,223456000.0,426991000.0,0.4559249064,103263000.0,0.1102603418,-153508000.0,95936000.0,0.1024368472,-7327000.0,101972000.0,0.1088818606,0.29,0.28,356318000,359355000,https://www.sec.gov/Archives/edgar/data/740260/000074026018000179/0000740260-18-000179-index.htm,https://www.sec.gov/Archives/edgar/data/740260/000074026018000179/vtr9302018-10q.htm,2.628376899286592,0.2861825672573375,0.8623925819071728,0.5658540966215572,0.4135182617774011,29.50473734136361,22.32589709192351,29.33570293950909,29.709517902547724,19234045640.0,29626393640.0,47.15521329384537,20.537389449226836,62.59330278632935,95.3956157997064,1.8400786274427456,1.8400786274427456,31.6339471970171,69.38411732331595,96.41309281906756,146.93882494147522,0.0053016407420773,0.010482662034486,1.0024506260930643,0.4636904501925462,24.33856451306936,0.5515595130573548,0.9598628010522304,2.975242300132648,0.0146538593739138,2.764023457419684,0.0423656060939331,0.0,0.1131938808793876,0.3438555612686552,0.1128219036493981,0.4728537161678361,0.0069276420177291,13.743935118420962,0.0053441473376086,0.0050884223919527,-31.89973843448829,-809314000.0,7955119000.0,-11089468000.0,20234475000.0,758470000.0,740455500.0,0.5,73.17447877181705,155.6908493074017,2.098782706030502e-07,1.229937015071206,0.578068655931735,428820000.0,0.0097554358198763,0.2965384852856156,2018-10-26,0.97,bmo,1204120285.0,2025-04-22,2018-09-30,0.0206185567010309,57.90047619047619,2048983.7142857143
2018-06-30,VTR,USD,740260,2018-07-27,2018-07-27 15:56:44,2018,Q2,942304000.0,421947000.0,520357000.0,0.5522177556,0,36656000.0,0.0,36656000.0,-3527000.0,260290000.0,682237000.0,2347000.0,113029000.0,228507000.0,478676000.0,0.5079846843,149385000.0,0.1585316416,-91501000.0,132739000.0,0.1408664295,-734000.0,166519000.0,0.1767147332,0.47,0.46,356228000,359000000,https://www.sec.gov/Archives/edgar/data/740260/000074026018000145/0000740260-18-000145-index.htm,https://www.sec.gov/Archives/edgar/data/740260/000074026018000145/vtr6302018-10q.htm,2.645227214031463,0.4674506215120653,1.1293806213997777,0.8396644845436069,1.0031917760535387,29.973974533164156,22.81314495210932,29.803799813602524,29.520211774481517,20287184600.0,30596397600.0,30.45776247755512,21.529341486399293,50.42586965005208,67.82470980769745,1.910830174547337,1.910830174547337,32.46977366115394,63.91880436871705,76.05047164300788,102.29077268715398,0.0082080881740485,0.0147438891052433,0.97983874461851,0.4582948847299637,21.536933123866664,0.7611920868731203,1.3216519654248025,2.3763555818074424,0.0138885708172636,1.692059164419676,0.0389003973240058,0.0,0.1123782079087246,0.2565265698441776,0.1095241026250551,0.4516491836136311,0.007586723605121,17.704959948882056,0.0070941900554985,0.0082646896409742,-31.153036819115847,-374228000.0,8126681000.0,-10828726000.0,20560691000.0,984003500.0,738117000.0,0.0,72.15709579923252,157.64690826099013,0.0,1.247278580202465,0.5708960676285625,0.0,0.0156842625583171,0.2897161368561707,2018-07-27,1.02,bmo,757936956.0,2025-04-22,2018-06-30,0.0588235294117647,52.33390625,2354412.875
2018-03-31,VTR,USD,740260,2018-04-27,2018-04-27 16:58:09,2018,Q1,943705000.0,413028000.0,530677000.0,0.5623335682,0,37174000.0,0.0,37174000.0,-3120000.0,270324000.0,683352000.0,9634000.0,111363000.0,236927000.0,425156000.0,0.4505179055,80060000.0,0.0848358332,-183487000.0,76818000.0,0.0814004376,-3242000.0,78703000.0,0.0833978839,0.22,0.22,356112000,358853000,https://www.sec.gov/Archives/edgar/data/740260/000074026018000090/0000740260-18-000090-index.htm,https://www.sec.gov/Archives/edgar/data/740260/000074026018000090/vtr3312018-10q.htm,2.6500230264635847,0.2210063126207485,0.8649497910769646,0.5995669901603989,0.4139821179853529,30.338893381857392,23.129164420182416,30.161339690883768,31.313673788021745,17638227360.0,28585496360.0,56.02781139219598,18.690403632491087,57.26343946315,82.60961796237231,1.642168435076854,1.642168435076854,30.29071199156516,67.23531212072746,92.80432817456068,133.88176064220914,0.004462069707667,0.0121051280064687,1.027837459261704,0.4699090089135255,25.74882866524288,1.1306850200061775,0.7189102305074396,3.845526729756049,0.0159673074993177,3.5784531720518915,0.0393915471466189,0.0,0.1092842661654218,0.306818735207893,0.1001435830052823,0.3988823561687777,0.0075489692223735,12.246695290879131,0.0037375254515633,0.0037610079958275,-32.665714016938495,166278000.0,8236573000.0,-11250831000.0,21293765000.0,1415824500.0,960313500.0,0.0,115.63646478507584,160.62450971846943,0.0,0.7783012060017204,0.5603129943104276,0.0,0.0073274700290434,0.2653828009165656,2018-04-27,1.01,bmo,1844504545.0,2025-04-22,2018-03-31,-0.0495049504950495,52.43688524590164,3061069.9836065574
2017-12-31,VTR,USD,740260,2018-02-09,2018-02-09 15:49:50,2017,Q4,895288000.0,373731000.0,521557000.0,0.5825577915,0,34930000.0,0.0,34930000.0,-3986000.0,267580000.0,641311000.0,5180000.0,111951000.0,237522000.0,481628000.0,0.5379587351,643949000.0,0.7192646389,-121822000.0,132155000.0,0.1476117182,-46680000.0,392554000.0,0.438466728,1.1,1.09,356112000,358853000,https://www.sec.gov/Archives/edgar/data/740260/000074026018000054/0000740260-18-000054-index.htm,https://www.sec.gov/Archives/edgar/data/740260/000074026018000054/vtr-2017123110k.htm,2.51406299141843,1.102332973895853,0.999519813991104,0.6124702340836591,0.3819584849710203,30.698726805050097,23.456252527294783,30.513506986566025,31.97873983465876,21370281120.0,32564988120.0,13.6097715983024,23.8697280874981,60.03882980606336,97.98027179195628,1.966670039809589,1.966670039809589,36.373756958654646,67.61439974420092,91.48984837374734,149.30671098721734,0.0183691547058132,0.0102061362120256,1.0377164988101664,0.4707275334559739,23.243472140324062,1.0458108347207329,5.752061169618851,0.9038508906692398,0.0389775873945077,2.1219042475684877,0.0390153782916782,0.0,0.1076677695473271,0.3872355249886919,0.1539538115109328,0.5802957199754128,0.0073942686599172,27.51019829556118,0.0394691820773477,0.01836474801488,-32.776172945590154,85960000.0,8353053000.0,-11059984000.0,21465385000.0,1617034500.0,939091500.0,0.0,162.76516606946592,285.0018061118826,0.0,0.5529438649151087,0.3157874724648898,0.0,0.0361260662165502,0.3870495799074449,2018-02-09,0.63,bmo,594464985.0,2025-04-22,2017-12-31,0.7301587301587302,63.20857142857143,1673577.825396825
2017-09-30,VTR,USD,740260,2017-10-27,2017-10-27 17:01:16,2017,Q3,899928000.0,376625000.0,523303000.0,0.5814942973,0,33317000.0,0.0,33317000.0,-13030000.0,246724000.0,623349000.0,171000.0,113869000.0,218009000.0,480993000.0,0.534479425,162881000.0,0.1809933684,-127464000.0,149115000.0,0.1656965891,-7815000.0,613958000.0,0.682230134,1.72,1.71,355929000,359333000,https://www.sec.gov/Archives/edgar/data/740260/000074026017000141/0000740260-17-000141-index.htm,https://www.sec.gov/Archives/edgar/data/740260/000074026017000141/vtr9302017-10q.htm,2.5283918983842284,1.724945143553911,0.9804848719828956,0.7147324325918933,0.3920472903303749,30.338196662817584,23.09569886128975,30.15022659013455,32.41661679717022,23181655770.0,34520737770.0,9.439430616589409,25.75945605648452,66.4263181014548,91.125009905894,2.160182770278455,2.160182770278455,38.35944405552444,71.7697300584416,98.91810709977275,135.69792436142362,0.026484648296544,0.0109739357069229,1.064559039225297,0.4812234056781029,23.574318129369868,1.1962534440812174,1.4304244350964703,0.5672758541656169,0.0119197697844169,0.4500633593828894,0.0370218506369398,0.0,0.1085862367387755,0.2710418559070212,0.1051072974726867,0.4338765830768454,0.0072528024464179,34.20772509256218,0.007729733342124,0.0290123135925844,-32.564937810630774,311696000.0,8220429000.0,-11041623000.0,21521636000.0,1632354500.0,609673500.0,0.5,161.50682054564365,166.00719548622635,0.0,0.5572520076609705,0.5421451747100162,0.0,0.057211680927079,0.2657524393910021,2017-10-27,1.04,bmo,236815789.0,2025-04-22,2017-09-30,0.0,67.43587301587301,1392474.603174603
2017-06-30,VTR,USD,740260,2017-07-28,2017-07-28 15:32:19,2017,Q2,895490000.0,366382000.0,529108000.0,0.5908586361,0,33282000.0,0.0,33282000.0,-1848000.0,257390000.0,623772000.0,202000.0,113572000.0,228232000.0,491917000.0,0.549327184,158348000.0,0.1768283286,-121605000.0,150113000.0,0.167632246,-2159000.0,151831000.0,0.1695507488,0.43,0.42,355024000,358311000,https://www.sec.gov/Archives/edgar/data/740260/000074026017000122/0000740260-17-000122-index.htm,https://www.sec.gov/Archives/edgar/data/740260/000074026017000122/vtr-6302017x10q.htm,2.5223365180945514,0.4276640452476452,1.130979877416738,0.8804785028617783,0.4474936905673982,29.412524223714453,22.158465343188062,29.220723106043536,33.861285434224165,24667067520.0,36471711520.0,40.61599330834942,27.545888306960435,61.433453757549344,78.91163699530696,2.37776456619001,2.37776456619001,40.72821753453417,74.14200265491942,90.83297807110392,116.675500958121,0.0061552107836448,0.0126724021712979,1.1478629674135232,0.4991665743758802,23.997227174503017,1.2744269931462109,1.3942521043919276,2.6248954029600964,0.0111726697864084,1.8151563251246448,0.0371662441791644,0.0,0.1079556977397238,0.2214905672125023,0.0993132251616433,0.3896649023800344,0.0074763537281265,16.768264209312726,0.0071618767367495,0.0071347836480275,-33.84956369006039,423465000.0,7866787000.0,-11447053000.0,21707601000.0,1648828000.0,533014000.0,1.0,165.80788171838884,128.8785202329809,2.4564525549835964e-07,0.5427968747158695,0.698332040415284,366382000.0,0.0146356420987814,0.2505013745549597,2017-07-28,1.05,bmo,959464285.0,2025-04-22,2017-06-30,0.0095238095238095,66.55809523809523,1829564.3333333333
2017-03-31,VTR,USD,740260,2017-04-28,2017-04-28 16:23:48,2017,Q1,883443000.0,369725000.0,513718000.0,0.581495354,0,33961000.0,0.0,33961000.0,-1188000.0,251744000.0,621469000.0,481000.0,108804000.0,220243000.0,481814000.0,0.5453821016,153651000.0,0.1739229356,-109207000.0,152767000.0,0.1729223051,-3145000.0,198127000.0,0.224266874,0.56,0.55,354410000,357572000,https://www.sec.gov/Archives/edgar/data/740260/000074026017000085/0000740260-17-000085-index.htm,https://www.sec.gov/Archives/edgar/data/740260/000074026017000085/vtr-3312017x10q.htm,2.4927146525210917,0.5590333229875003,0.947295505205835,0.6361107192234982,0.4134420586326571,29.58120538359527,22.32031263226207,29.38575660957648,34.0073276713411,23050826400.000004,34903275400.0,29.085922665764897,26.09203581894927,68.65861776243482,102.2463512002981,2.2133171816581445,2.2133171816581445,39.50823697737149,72.44138900073472,103.96202733736236,154.82015666861838,0.0085952232931657,0.0097803001110623,1.146825237555794,0.4993339069558425,24.59963595910455,1.6278620198778124,1.4121815374434763,1.685836664189447,0.0119461226778403,1.389856001453613,0.038441642528154,0.0,0.1075838199655333,0.3284981130726683,0.1248377088278474,0.5007514427246269,0.00758509603902,19.225539946486613,0.0067154686932325,0.0092816929899459,-34.00867215795265,751559000.0,7910542000.0,-11486884000.0,22114199000.0,1174953500.0,529894500.0,1.0,167.87697678288242,131.78375819866116,2.434241666103185e-07,0.5361068666157732,0.682936966058647,369725000.0,0.019023955394952,0.3111847859823368,2017-04-28,1.02,bmo,642472727.0,2025-04-22,2017-03-31,0.0196078431372549,62.26854838709678,1981684.1451612904
2016-12-31,VTR,USD,740260,2017-02-14,2017-02-13 21:18:07,2016,Q4,875713000.0,366502000.0,509211000.0,0.5814816041,0,31488000.0,0.0,31488000.0,-1087000.0,263677000.0,630179000.0,84000.0,107739000.0,232189000.0,482850000.0,0.5513792761,554209000.0,0.6328660189,-105795000.0,139739000.0,0.1595716862,-2836000.0,207637000.0,0.2371062209,0.59,0.58,353911000,357435000,https://www.sec.gov/Archives/edgar/data/740260/000074026017000056/0000740260-17-000056-index.htm,https://www.sec.gov/Archives/edgar/data/740260/000074026017000056/vtr-20161231x10k.htm,2.4743876285280764,0.5866926995770123,1.0346866867658815,0.7764042372234827,0.96565520710009,29.74971956226283,22.561884202525498,29.556131343755915,31.74545295286103,22126515720.0,32967134720.0,26.64086328544527,25.266857657702925,60.424088566770536,80.52506285073768,2.1152971365857764,2.1152971365857764,37.64604924216039,68.27614107901005,90.02814059483269,119.9773443288764,0.0093840802875401,0.0124184938775349,1.0637734889448045,0.4803176124247839,22.45131821476649,1.13208854233793,5.143996138816956,1.7535004213913576,0.0124089126130157,1.3223365777775635,0.0359569859074833,0.0,0.1098069634732761,0.2496238260779328,0.1043823718501381,0.3883597029383274,0.0057929938233188,19.75242379963078,0.0247856679614827,0.0100683488028218,-33.255748619003086,131184000.0,7984899000.0,-11513511000.0,21242522000.0,875419000.0,526730500.0,0.5,72.1490830900078,127.30424390589955,2.455648263856677e-07,1.2474171000582603,0.7069677902217147,366502000.0,0.0198501181617247,0.2582824495423991,2017-02-10,1.03,bmo,649225862.0,2025-04-22,2016-12-31,0.0,63.29063492063492,2273465.0793650798
2016-09-30,VTR,USD,740260,2016-10-28,2016-10-28 17:04:37,2016,Q3,867116000.0,362091000.0,505025000.0,0.5824191919,0,31567000.0,0.0,31567000.0,-2430000.0,239954000.0,602045000.0,562000.0,105063000.0,210874000.0,457846000.0,0.5280100932,160570000.0,0.1851770697,-123162000.0,141909000.0,0.1636563043,-8537000.0,149452000.0,0.1723552558,0.43,0.42,350274000,354186000,https://www.sec.gov/Archives/edgar/data/740260/000074026016000329/0000740260-16-000329-index.htm,https://www.sec.gov/Archives/edgar/data/740260/000074026016000329/vtr-2016930x10q.htm,2.475536294443778,0.4266716913045216,0.9843579597686384,0.83279090083763,0.4391847525080365,30.17764664234285,22.82554799956605,29.943812558168748,32.42430211777066,24739852620.0,35902900620.0,41.38427826325509,28.53119146688563,71.75235319537695,84.81120522445622,2.358751072956872,2.358751072956872,41.404956914645794,78.41697998890457,104.12825191780624,123.07948310793438,0.0060409414031505,0.011790894815767,1.072821200359745,0.4803295566036479,24.381665450828443,1.134654200987714,1.5283211025765493,2.2958171309859905,0.0103853084311542,1.7191539758584695,0.0364045871601954,0.0,0.1099299913976893,0.1539755506895401,0.0612259490079758,0.2517617155268075,0.0067441957016131,16.954762924816652,0.0076947502628935,0.007167612703746,-34.01728718089267,176519000.0,7995196000.0,-11368394000.0,21514749000.0,1129869500.0,491757000.0,0.0,108.85917224454398,132.9893037937977,0.0,0.8267562406025074,0.6767461550106812,0.0,0.0142490770163508,0.1515670589310083,2016-10-28,1.01,bmo,846454761.0,2025-04-22,2016-09-30,0.0198019801980198,72.599375,2177871.984375
2016-06-30,VTR,USD,740260,2016-07-29,2016-07-29 16:03:30,2016,Q2,848404000.0,353807000.0,494597000.0,0.5829734419,0,32094000.0,0.0,32094000.0,-2303000.0,254055000.0,607862000.0,111000.0,103665000.0,224202000.0,454167000.0,0.5353192583,136988000.0,0.1614655282,-114242000.0,126300000.0,0.1488677564,-11549000.0,143162000.0,0.1687427216,0.42,0.42,338901000,342571000,https://www.sec.gov/Archives/edgar/data/740260/000074026016000285/0000740260-16-000285-index.htm,https://www.sec.gov/Archives/edgar/data/740260/000074026016000285/vtr-2016630x10q.htm,2.503397747424764,0.4224301492176181,1.1318467635091074,0.9603630558776752,0.3591373291905305,28.7688026886908,21.72725368175367,28.59157984190073,32.47200804954839,24678770820.0,35522579820.0,43.09588232212458,29.088465895964653,64.33733111912905,75.82549073948897,2.5469036829256586,2.5469036829256586,41.86988724711341,78.2147972441855,92.6070425773755,109.1430795654258,0.005801018253469,0.013188177092525,1.125020808145544,0.4934095917563342,23.87625917338776,1.426881257314471,1.3214488978922492,2.674177356385945,0.010048109843422,1.7321286374876017,0.0378286759609808,0.0,0.108013262922188,0.1515078835405022,0.0685003842508993,0.2592126742847968,0.00590284817139,16.48495587276731,0.0070562032716721,0.007264494331074,-33.38376841614513,476738000.0,7363388000.0,-10750165000.0,20424235000.0,1208077500.0,445590000.0,0.0,128.456466494736,114.07922963649672,0.0,0.7006264647929429,0.7889253835845224,0.0,0.0147746347544793,0.1714837076314322,2016-07-29,1.04,bmo,767600000.0,2025-04-22,2016-06-30,0.0,65.87359375,2081603.28125
2016-03-31,VTR,USD,740260,2016-04-29,2016-04-29 16:24:19,2016,Q1,852289000.0,359673000.0,492616000.0,0.5779917375,0,31726000.0,0.0,31726000.0,-4168000.0,268113000.0,627786000.0,119000.0,103273000.0,238833000.0,457024000.0,0.5362312549,121349000.0,0.1423801082,-109585000.0,114918000.0,0.1348345456,-8421000.0,148980000.0,0.1747998625,0.44,0.44,335559000,339202000,https://www.sec.gov/Archives/edgar/data/740260/000074026016000247/0000740260-16-000247-index.htm,https://www.sec.gov/Archives/edgar/data/740260/000074026016000247/vtr-2016331x10q.htm,2.5399080340566043,0.4439755750851564,0.8132429766449417,0.6389427790641884,0.3450451336426679,28.819161458938662,21.66637759678626,28.651280400764097,33.82714515182129,21126794640.0,32322823640.0,35.452400724929525,24.78829908634278,77.41843681176734,98.5377753109798,2.1974585121271204,2.1974585121271204,37.92472229490232,70.72456509942585,118.4459129835722,150.75732914184968,0.007051708625876,0.0101483922977158,1.1699086610995513,0.5052595330046432,24.49768283503711,1.270967623342565,1.1750312279104898,1.8310653944737445,0.0116201252572027,1.6478453483689086,0.0372244625942608,0.0,0.1078185848332612,0.214327332158261,0.0686246097274516,0.2448907814246775,0.0059005806715797,16.917758290897897,0.0060737357195408,0.007501090951055,-34.48292327131741,309561000.0,7270348000.0,-11138774000.0,20541682000.0,1127828000.0,463283000.0,0.5,127.27017478812938,110.77887414401415,0.0,0.7071570393442596,0.8124292713337986,0.0,0.0154958371449715,0.1743001975807533,2016-04-29,1.02,bmo,658595454.0,2025-04-22,2016-03-31,0.0196078431372549,56.26081967213115,3226156.934426229
2015-12-31,VTR,USD,740260,2016-02-12,2016-02-12 16:59:29,2015,Q4,841274000.0,359801000.0,481473000.0,0.5723141331,0,27636000.0,0.0,27636000.0,-4009000.0,264431000.0,624232000.0,333000.0,103692000.0,239190000.0,454565000.0,0.5403293101,212810000.0,0.2529615797,-105359000.0,111683000.0,0.1327546079,-11548000.0,124728000.0,0.148260852,0.37,0.37,335559000,339202000,https://www.sec.gov/Archives/edgar/data/740260/000074026016000201/0000740260-16-000201-index.htm,https://www.sec.gov/Archives/edgar/data/740260/000074026016000201/vtr-20151231x10k.htm,2.5070822120700087,0.3717021447793086,1.101809219839134,0.9203478374890852,0.3477838472518991,28.68475290485429,21.517181777273148,28.502668681215525,33.707002345340165,18935594370.0,30089567370.0,37.95377615691745,22.50823675758433,51.21576311390721,61.31377475059175,1.979814614243114,1.979814614243114,35.76666742345538,66.19420186331988,81.38430326028745,97.43052792627684,0.0065869598578647,0.0163095487770527,1.171749564815172,0.5034155637443278,24.53768547952438,1.2444174330654618,2.0523280484511823,2.956356948664641,0.0128772297946092,1.954957988583157,0.0328501772311993,0.0,0.1080384448455878,0.1646940133397525,0.072379510123931,0.2545716794180359,0.0041318286313377,15.43944038223832,0.0109894155114666,0.0062813825507918,-34.962470830763,262814000.0,7220284000.0,-11298410000.0,21581363000.0,630533500.0,637641500.0,1.0,112.37488618452493,121.03015277889722,2.501382708775129e-07,0.800890688798703,0.7436163462869921,359801000.0,0.0130409593900334,0.1814613823500487,2016-02-12,1.01,bmo,932251351.0,2025-04-22,2015-12-31,0.0198019801980198,54.40984375,2655068.734375
2015-09-30,VTR,USD,740260,2015-10-26,2015-10-26 17:20:21,2015,Q3,827606000.0,354261000.0,473345000.0,0.5719448627,0,32114000.0,0.0,32114000.0,-4795000.0,258446000.0,612707000.0,74000.0,97135000.0,242352000.0,374025000.0,0.4519360662,45235000.0,0.0546576511,-180361000.0,34538000.0,0.0417324186,-10697000.0,22852000.0,0.0276121729,0.07,0.07,332491000,336338000,https://www.sec.gov/Archives/edgar/data/740260/000074026015000156/0000740260-15-000156-index.htm,https://www.sec.gov/Archives/edgar/data/740260/000074026015000156/vtr-2015930x10q.htm,2.489107975854985,0.0687296799011101,0.9152759022048718,0.7341852862182736,0.3877849325244893,29.082513511643924,21.82930365032437,28.901338682851566,34.18346662014912,18639445460.0,29842774460.0,203.91481555224925,22.522124610019745,61.24929091321335,76.3567467944779,1.939702538182526,1.939702538182526,36.05915672433501,79.78818116436067,98.06347396334792,122.25133939617386,0.0012260021387996,0.0130964196614033,1.172655832522932,0.502747013615656,29.9534228995388,1.2385609238133304,0.4656920780357235,13.22847207128885,0.0130460426262058,10.641125503238229,0.0388034886165639,0.0,0.1075947833800311,0.1978535822371772,0.0727532183188618,0.2484444114346075,0.0058832342926465,6.685323067637351,0.0027716106875782,0.0011424657602731,-37.46683368722763,247699000.0,7258047000.0,-11458299000.0,20766756000.0,207174000.0,617392000.0,-53039999.5,22.906987141224207,201.06277575008252,2.540499800994182e-07,3.928932226885171,0.4476213941852091,354261000.0,0.0023780794604469,0.1810906159865981,2015-10-23,1.06,bmo,3310400000.0,2025-04-22,2015-09-30,0.0283018867924528,56.62078125,2952163.890625
2015-06-30,VTR,USD,740260,2015-07-27,2015-07-27 06:12:37,2015,Q2,891322000.0,348337000.0,542985000.0,0.609190618,0,33962000.0,0.0,33962000.0,-5091000.0,283157000.0,631494000.0,236000.0,107591000.0,249195000.0,449379000.0,0.504171332,152473000.0,0.1710638804,-100039000.0,133025000.0,0.1492446052,-9789000.0,149821000.0,0.1680885247,0.45,0.45,330715000,334026000,https://www.sec.gov/Archives/edgar/data/740260/000074026015000131/0000740260-15-000131-index.htm,https://www.sec.gov/Archives/edgar/data/740260/000074026015000131/vtr-2015630x10q.htm,2.6951362956019533,0.4530214837548947,1.129537517197587,0.9740531877900912,0.3742104228716568,33.54473186882966,29.58950758205706,33.34436901864143,35.12224120466262,17984281700.0,29431610700.0,30.009614306405645,20.177087180614866,48.14359786376839,55.82857351288594,1.6308600702444973,1.6308600702444973,33.02017755648352,65.49396099951267,78.78789120745272,91.36449645178716,0.0083306635482694,0.017911974766276,1.0435618898709706,0.4740590814594769,25.473662543198504,0.9455701591499924,1.4171538511585542,2.4845693382108416,0.0145401414614185,1.745376148870986,0.0381029526927417,0.0,0.0538843777849968,0.1376530899064394,0.0576907111010386,0.205162886268877,0.0054806231642436,18.435796683982847,0.0070645167639834,0.0065232848190303,-39.181533949170735,-60090000.0,9785694000.0,-12137516000.0,21003129000.0,554666000.0,729973000.0,-53040000.0,20.56872824860152,114.54958847323138,-27.407941160427978,4.375574362800927,0.7856859304303108,-3.283719834087482,0.013586146539514,0.1554843294074958,2015-07-24,1.16,bmo,739731111.0,2025-04-22,2015-06-30,0.0172413793103448,59.9104761904762,2578949.095238095
2015-03-31,VTR,USD,740260,2015-04-24,2015-04-24 16:35:39,2015,Q1,884024000.0,347629000.0,536395000.0,0.6067652009,0,34330000.0,0.0,34330000.0,-5296000.0,281771000.0,629400000.0,472000.0,106590000.0,246934000.0,418511000.0,0.4734158801,114544000.0,0.1295711429,-118087000.0,107294000.0,0.1213700081,-7250000.0,120442000.0,0.1362429074,0.37,0.37,325454000,329203000,https://www.sec.gov/Archives/edgar/data/740260/000074026015000097/0000740260-15-000097-index.htm,https://www.sec.gov/Archives/edgar/data/740260/000074026015000097/vtr-2015331x10q.htm,2.716279412758792,0.3700738045929685,1.057504286320033,0.889621882047847,0.5639721742550406,34.14603599894301,26.68493857810935,33.92150657235739,35.982089634787094,20812783300.0,32296483300.0,43.20084210657412,23.54323332850692,60.47256812786741,71.88447281983622,1.8852346626642111,1.8852346626642111,36.53349151154267,77.16997474379407,93.83902472331908,111.54758316035245,0.0057869242313208,0.0139112100398412,1.0510906358668428,0.4747948546864261,27.4394221418314,0.9620260370340422,1.074622384839103,2.848916039633465,0.0122477612112552,2.1164543929858355,0.0388337873179913,0.0,0.0993558435721694,0.1587534031246277,0.0618060143163534,0.2212656013347696,0.0071344216899088,16.80633429341592,0.0052379127598592,0.0054717445466434,-38.29769798496869,-58703000.0,8684720000.0,-11839735000.0,22222454000.0,925293000.0,746051000.0,0.5,92.19944254907108,263.192311343415,0.0,0.976144730507449,0.3419552780269764,0.0,0.0109097101510975,0.1678824042721859,2015-04-24,1.13,bmo,740281081.0,2025-04-22,2015-03-31,0.0442477876106195,66.04409836065574,3545614.8032786883
2014-12-31,VTR,USD,740260,2015-02-13,2015-02-13 16:57:46,2014,Q4,803987000.0,319805000.0,484182000.0,0.6022261554,0,28108000.0,0.0,28108000.0,-13604000.0,269383000.0,589188000.0,3453000.0,99031000.0,241595000.0,433674000.0,0.5394042441,200507000.0,0.2493908484,-121751000.0,93048000.0,0.1157332146,-13552000.0,107190000.0,0.1333230512,0.33,0.33,325454000,329203000,https://www.sec.gov/Archives/edgar/data/740260/000074026015000062/0000740260-15-000062-index.htm,https://www.sec.gov/Archives/edgar/data/740260/000074026015000062/vtr-20141231x10k.htm,2.470355257578644,0.3293553005954758,1.0289411099571677,0.8235910451246566,0.3639930681448069,26.899030277704377,22.25412500691342,26.67100112458289,33.75937306040178,20435256660.0,31268000660.0,47.66129457038903,25.417396873332528,61.02390058320617,76.23929421245258,2.354242336337571,2.354242336337571,38.89117692201491,72.10024271687949,93.37271341672812,116.65379796374437,0.0052453464022213,0.0131165957178636,1.2543618891028117,0.5129560107661434,24.97900266098498,0.6822834756658686,2.0246892387232283,3.1109015746202795,0.0115095202332535,2.1942345368038065,0.0349607642909649,0.0,0.0712188269848575,0.1995741669229827,0.083125722182075,0.2766282414785074,0.0052264526665232,14.058637943727287,0.0113949945050536,0.0054371236393495,-35.77953412617451,-631121000.0,7242694000.0,-11116467000.0,18564343000.0,562013500.0,432715500.0,0.5,105.78059097970493,133.81873329059894,2.814214912212129e-07,0.850817708300263,0.6725515762023933,319805000.0,0.0123488165688653,0.2053500648325109,2015-02-13,1.13,bmo,854116666.0,2025-04-22,2014-12-31,0.0176991150442478,60.5265625,2816273.328125
2014-09-30,VTR,USD,740260,2014-10-24,2014-10-24 15:22:48,2014,Q3,779035000.0,310989000.0,468046000.0,0.6008022746,0,29466000.0,0.0,29466000.0,-15229000.0,230690000.0,541679000.0,368000.0,98469000.0,203548000.0,366844000.0,0.4708954026,106335000.0,0.1364957929,-105387000.0,104448000.0,0.1340735654,-1887000.0,109132000.0,0.1400861322,0.37,0.37,294030000,296495000,https://www.sec.gov/Archives/edgar/data/740260/000074026014000207/0000740260-14-000207-index.htm,https://www.sec.gov/Archives/edgar/data/740260/000074026014000207/vtr-2014930x10q.htm,2.6495085535489578,0.3711594055028398,1.1028466483011938,0.9407509437812468,0.4326021154303983,29.327527803285378,24.21442029724858,29.07457062204537,35.94046525864708,15951127500.0,26355638500.0,36.54090344720156,20.47549532434358,49.190882597835135,57.66669739596325,1.8658916998370296,1.8658916998370296,33.831135314844644,71.84426759058346,81.27683257779012,95.28120379307975,0.0068416480277021,0.0173410312217741,1.2246292928267326,0.5069498984681978,28.36222208895334,0.7385114522299162,1.0798830088657343,2.9559438838296823,0.0133822515054186,1.955998240662684,0.0378237178047199,0.0,0.0728001059504391,0.1469793690443149,0.061179536221094,0.2341511584491127,0.0069072634733997,15.582177569739589,0.0055185361306443,0.0056994662247141,-40.01799901370608,-329400000.0,7119766000.0,-11097681000.0,18786211000.0,349510000.0,387931500.0,0.0,20.6874017213604,112.84286582483624,0.0,4.35047383969308,0.7975692512072958,0.0,0.0127657742680957,0.1620957045199469,2014-10-24,1.11,bmo,838259459.0,2025-04-22,2014-09-30,0.009009009009009,56.0034375,2277968.609375
2014-06-30,VTR,USD,740260,2014-08-11,2014-08-11 16:06:05,2014,Q2,751254000.0,290385000.0,460869000.0,0.6134662844,0,31306000.0,0.0,31306000.0,-4863000.0,222124000.0,512509000.0,173000.0,91501000.0,191101000.0,412808000.0,0.5494919162,147417000.0,0.1962279069,-108539000.0,130206000.0,0.1733182119,3274000.0,138398000.0,0.1842226464,0.47,0.47,293988000,296504000,https://www.sec.gov/Archives/edgar/data/740260/000074026014000136/0000740260-14-000136-index.htm,https://www.sec.gov/Archives/edgar/data/740260/000074026014000136/vtr-2014630x10q.htm,2.5553900159190173,0.4707607113215505,1.0588221287943729,0.9232145529749514,0.5020511041266991,29.697331183585725,24.65552675619413,29.440351306856066,32.97393090874458,16504486320.0,26020290320.0,29.813448026705583,21.969249175378767,53.02118124781146,60.80926672905598,1.906906592752721,1.906906592752721,34.63580935342774,63.032427472335804,83.59100079992032,95.86937416640262,0.0083854775796499,0.0164448620052538,1.1094531438653004,0.4851974550177036,23.05140404255732,0.8532826692268386,1.6110971464792734,2.246445737049493,0.0129346043167249,1.542500614170725,0.0416716583206212,0.0,0.0748949536415582,0.1280739910241871,0.0530672715220151,0.2086174326664957,0.0071440551398062,17.65886792131273,0.0076609575905995,0.0075591980055663,-35.79250428588922,-177730000.0,7248429000.0,-10026480000.0,18029668000.0,527373000.0,392316000.0,-61757500.0,62.28997116820676,119.61630249496358,0.0,1.4448553806031723,0.7524058019080587,0.0,0.0159903224800146,0.1356075758194212,2014-08-11,1.09,amc,560110638.0,2025-04-22,2014-06-30,0.0275229357798165,56.97888888888889,2186627.1587301586
2014-03-31,VTR,USD,740260,2014-09-04,2014-09-04 16:36:14,2014,Q1,741470000.0,291011000.0,450459000.0,0.607521545,0,32866000.0,0.0,32866000.0,-5229000.0,226460000.0,517471000.0,273000.0,87841000.0,191911000.0,402111000.0,0.54231594,136431000.0,0.1840007013,-103323000.0,120676000.0,0.1627523703,3433000.0,121047000.0,0.1632527277,0.41,0.41,293875000,296245000,https://www.sec.gov/Archives/edgar/data/740260/000074026014000168/0000740260-14-000168-index.htm,https://www.sec.gov/Archives/edgar/data/740260/000074026014000168/vtr-2014331x10qa.htm,2.5230795406210125,0.4118996171841769,0.9678298596341982,0.8314385367928541,0.2034572522330923,29.978467035304124,26.5256010208422,29.71218034878775,32.561095703955765,15590068750.0,25011328750.0,32.198379038720496,21.02589282101771,54.81335326857018,63.80507716737811,1.7854630450290876,1.7854630450290876,33.73208457523568,62.20006105279388,87.9377006268876,102.36322793332216,0.0077643660166668,0.01567273396405,1.0858237035379383,0.4812040115378712,23.42950080947798,0.5123946512193487,1.5531585478307397,2.3452759866088364,0.0136928838110479,1.76355465232513,0.0443254615830714,0.0,0.0515009363151411,0.1409248965442073,0.0540574804105358,0.2088572306954786,0.0081513749713407,16.594119545968393,0.0070868652395473,0.00647723837743,-35.70809442790302,-487206000.0,7795211000.0,-10380871000.0,17416488000.0,342812000.0,416004500.0,-139427500.0,64.91368497714001,123.30152468463392,-38.19907151276069,1.3864564926747631,0.7299179813890492,-2.356078209124398,0.0138629885908383,0.1363913228413441,2014-04-25,0.4,bmo,723414634.0,2025-04-22,2014-03-31,1.725,53.329836065573765,1945260.5901639345
2013-12-31,VTR,USD,740260,2014-09-04,2014-09-04 16:28:44,2013,Q4,732856000.0,291419000.0,441437000.0,0.6023516216,0,30349000.0,0.0,30349000.0,-5407000.0,228385000.0,519804000.0,146000.0,90168000.0,198036000.0,397722000.0,0.5427014311,206604000.0,0.2819162291,-101917000.0,109829000.0,0.1498643663,1272000.0,108440000.0,0.1479690417,0.37,0.37,293674000,296047000,https://www.sec.gov/Archives/edgar/data/740260/000074026014000166/0000740260-14-000166-index.htm,https://www.sec.gov/Archives/edgar/data/740260/000074026014000166/vtr-20131231x10ka.htm,2.4954745738471917,0.3692529811968373,1.223554008866975,1.046439248963136,0.3959151984853953,30.31869011216519,26.878886111811056,30.04787962162125,32.19610861022767,14730687839.999998,24000863840.0,33.96045702692733,20.1003851234076,40.995329700606135,47.93398188160566,1.6693357611798627,1.6693357611798627,32.749767812503414,60.34582909670574,66.7941196573585,78.09933826209195,0.0073615028149289,0.0208620264944803,1.061275360564787,0.4746215365141636,23.30818008558742,0.5263007357008099,2.291322863987224,3.3069142914990937,0.0144835734975428,1.967475101438584,0.041411955418254,0.0,0.0511963767163297,0.1447543456359963,0.0709743796871418,0.2637800666372529,0.0077000120078159,15.800112512285008,0.0109346344265625,0.0057923287752306,-36.35310327097394,-500162000.0,7893630000.0,-10271981000.0,17387472000.0,346603000.0,726242500.0,-77669999.5,18.52288853471896,133.82349812469332,-47.9742226828038,4.858853403523195,0.6725276297600613,-1.8760074674906653,0.0122888199049871,0.1771147599038389,2014-02-14,1.06,bmo,497643243.0,2025-04-22,2013-12-31,0.0,53.26640625,1728048.75
2013-09-30,VTR,USD,740260,2013-10-25,2013-10-25 16:02:11,2013,Q3,712386000.0,286763000.0,425623000.0,0.5974612078,0,28659000.0,0.0,28659000.0,-4353000.0,206369000.0,493132000.0,66000.0,84089000.0,184418000.0,393175000.0,0.5519128675,135231000.0,0.1898282673,-94026000.0,124903000.0,0.175330509,-2780000.0,118296000.0,0.1660560427,0.4,0.4,292818000,295190000,https://www.sec.gov/Archives/edgar/data/740260/000074026013000123/0000740260-13-000123-index.htm,https://www.sec.gov/Archives/edgar/data/740260/000074026013000123/vtr-2013930x10q.htm,2.432862733848329,0.403991557896031,1.1192652091059976,0.966958998422228,0.1867098334118804,30.61426551646415,25.525281915729224,30.343394190247867,32.43450539242806,15771177480.0,25129823480.0,33.32990439237168,22.13852810133832,48.120856041813504,55.70039690191882,1.775015664441066,1.775015664441066,35.27557178271331,63.9151102689642,76.67586136613973,88.75311584605659,0.0075007715910885,0.0179531934352437,1.0594508194175143,0.4735222334644811,23.80274941183951,0.5429546096545375,1.6081889426678877,2.7634381402878607,0.0124619737650685,1.6614255765199162,0.0402295946298776,0.0,0.0749594629766212,0.1360769632118044,0.0626037008026547,0.2418310577058638,0.0059097174846221,16.607699706532546,0.007533543681663,0.0064329020732372,-35.69963338831629,-698965000.0,7474262000.0,-10084603000.0,17799072000.0,573746500.0,953240000.0,0.5,68.5217424261566,319.8632320069186,3.138480208395086e-07,1.3134517134760508,0.2813702576420328,286763000.0,0.0133139870695767,0.1523062106837694,2013-10-25,1.02,bmo,728979999.0,2025-04-22,2013-09-30,0.0196078431372549,56.896875,1835702.609375
2013-06-30,VTR,USD,740260,2013-07-26,2013-07-26 15:19:34,2013,Q2,685846000.0,271405000.0,414441000.0,0.6042770534,0,27327000.0,0.0,27327000.0,-4385000.0,200033000.0,471438000.0,797000.0,83046000.0,189917000.0,393182000.0,0.5732802991,132159000.0,0.1926948615,-93075000.0,120524000.0,0.1757304118,-12064000.0,114580000.0,0.1670637432,0.39,0.39,292635000,295123000,https://www.sec.gov/Archives/edgar/data/740260/000074026013000106/0000740260-13-000106-index.htm,https://www.sec.gov/Archives/edgar/data/740260/000074026013000106/vtr-20130630x10q.htm,2.343690946059084,0.3915457822885164,0.9478804654262136,0.8133784407196678,0.2133066789686811,30.77734037281938,25.75434585746749,30.50073299502793,29.057081347070586,17584437150.0,25942089150.0,38.36716082649678,25.639046010328848,63.39406939141909,73.87705032706923,1.970116587355312,1.970116587355312,37.82494780169309,65.97984940816212,93.5244378711024,108.98984194804704,0.00651598905456,0.0135360033403173,0.9433640293708578,0.4479576659203253,21.256446124186763,0.7306973676520926,1.5913951304096523,2.421860948372958,0.011176360000809,1.7152208064234595,0.039844221589103,0.0,0.0782006005134337,0.1418976649614432,0.0573889765340907,0.207248429577131,0.0074914776786625,16.39221615952236,0.0081411299275252,0.0066129237237513,-31.690662429306133,-322568000.0,7536623000.0,-8914833000.0,17139971000.0,611717500.0,899003000.0,0.5,79.40622238811629,294.24019454321035,0.0,1.1334124366237217,0.3058725546987876,0.0,0.0128372581194145,0.1345020247065457,2013-07-26,1.02,bmo,631476923.0,2025-04-22,2013-06-30,0.0098039215686274,65.870625,2013219.328125
2013-03-31,VTR,USD,740260,2013-04-26,2013-04-26 16:16:58,2013,Q1,684868000.0,269088000.0,415780000.0,0.6070950899,0,28774000.0,0.0,28774000.0,-4587000.0,207791000.0,476879000.0,1038000.0,79600000.0,181614000.0,383521000.0,0.5599925825,129427000.0,0.1889809423,-86554000.0,120469000.0,0.1759010495,1744000.0,112193000.0,0.1638169691,0.38,0.38,291455000,293924000,https://www.sec.gov/Archives/edgar/data/740260/000074026013000084/0000740260-13-000084-index.htm,https://www.sec.gov/Archives/edgar/data/740260/000074026013000084/vtr-20130331x10q.htm,2.349824158103309,0.3849410715204748,0.7901905954607058,0.6482029815923556,0.1979379320992949,30.834300320804243,25.807586076752845,30.58910638005867,28.736882194506872,18760958350.0,26999176350.0,41.80510002852228,27.393539119947203,81.46135928442717,99.30531303924371,2.104343919048365,2.104343919048365,39.422452720816274,70.39816946138542,117.23226308590782,142.91176437895004,0.0059801316066564,0.0100699546619909,0.930519818183205,0.4434673135146078,21.4804873787876,0.792155707217921,1.625967336683417,2.036331323277158,0.010431236845638,1.7443155990124162,0.0420139355321025,0.0,0.0783165225319548,0.1796878053016651,0.0604247825858413,0.2278623894633673,0.0082672865428082,16.276903151486017,0.0071909059050567,0.0065070125844891,-31.561238439896385,-235594000.0,7521750000.0,-8822192000.0,17099147000.0,686823000.0,952924000.0,-55777999.5,81.25465053119726,304.5928469496968,3.344630752764895e-07,1.1076289099962964,0.295476406952076,269088000.0,0.0125842535815764,0.1419876138683501,2013-04-26,0.99,bmo,611015789.0,2025-04-22,2013-03-31,0.0404040404040404,59.8125,1557977.2666666666
2012-12-31,VTR,USD,740260,2013-02-19,2013-02-19 07:19:03,2012,Q4,660711000.0,264368000.0,396343000.0,0.5998734696,0,23022000.0,0.0,23022000.0,-1902000.0,210776000.0,475144000.0,665000.0,76700000.0,187754000.0,381887000.0,0.5779940095,183914000.0,0.2783577086,-96180000.0,94296000.0,0.14271898,-3555000.0,86267000.0,0.1305669196,0.29,0.29,294704000,297089000,https://www.sec.gov/Archives/edgar/data/740260/000074026013000047/0000740260-13-000047-index.htm,https://www.sec.gov/Archives/edgar/data/740260/000074026013000047/vtr-20121231x10k.htm,2.2419478527607364,0.2927242249850698,0.9619720125956892,0.86981174330854,0.2487512894293935,30.84234689722569,27.511194283077256,30.60402301970791,28.80974129974483,16703822720.0,25049560720.0,48.40733629313642,25.28158713870361,58.92063309311915,65.16352582732887,1.8520440911804337,1.8520440911804337,37.9130371978066,65.59416979368243,88.35917388896532,97.72120575648462,0.0051645064393978,0.0153460081741097,0.9328669024322528,0.4432900948366702,21.853946324436286,0.7756849627081454,2.397835723598436,3.2916540881963634,0.0107323337301319,2.0780947523386697,0.0348442813877777,0.0,0.0517230769230769,0.0958034829292726,0.041107231452178,0.1406299351217567,0.0064400320261052,14.19743377153272,0.0106397206274108,0.004793064854584,-31.57952301292144,-233898000.0,8107659000.0,-9081814000.0,16660470000.0,377663500.0,1022099500.0,-163665500.0,102.88829760666918,338.7854808448829,-37.97751618955396,0.8747350485286505,0.2656548320062382,-2.369823227795905,0.00956489363495,0.0921602692871491,2013-02-15,0.97,bmo,764765517.0,2025-04-22,2012-12-31,0.0206185567010309,55.96483870967742,1592527.8064516129
2012-09-30,VTR,USD,740260,2012-10-26,2012-10-26 15:52:17,2012,Q3,641950000.0,254492000.0,387458000.0,0.6035641405,0,26872000.0,0.0,26872000.0,-1966000.0,219288000.0,473780000.0,330000.0,75139000.0,165296000.0,358078000.0,0.5577973362,115268000.0,0.1795591557,-62652000.0,89308000.0,0.1391198691,-8886000.0,111882000.0,0.1742846016,0.38,0.38,294928000,297407000,https://www.sec.gov/Archives/edgar/data/740260/000104746912009801/0001047469-12-009801-index.htm,https://www.sec.gov/Archives/edgar/data/740260/000104746912009801/a2211500z10-q.htm,2.176632940921174,0.3793536049476482,0.8426158248792925,-0.0863092008897086,0.1984552161883578,32.081497857104104,28.80781750122064,31.72863885422883,25.66698651874356,15967401920.0,23403645920.0,35.67911263652777,24.873279725835346,64.25229434511954,-627.2795882930662,1.70634486555619,1.70634486555619,36.45711647324558,65.3590723808779,94.17549291580654,-919.412528776272,0.0070069007193876,-0.0015941854615757,0.8009236065753162,0.4064212921506701,20.767106608057464,0.0988248685684265,1.5340635355807235,2.2224000858514947,0.0114785737165185,1.6381812981534116,0.0418599579406495,0.0,0.0523564496503126,1.1024300735178725,0.4267715554170885,1.6574266769915786,0.0084788534932627,16.45656113567652,0.0074243646088958,0.006402257253182,-30.61263935604622,-1235047000.0,8496232000.0,-8843729000.0,16650130000.0,0.0,1054214000.0,-214484000.0,0.0,370.9895399462458,-76.30789965892838,0.0,0.2425944408379828,-1.1794322789943228,0.0119561890659891,0.9289250257690012,2012-10-26,0.94,bmo,504236842.0,2025-04-22,2012-09-30,0.0212765957446808,56.55873015873016,1854857.238095238
2012-06-30,VTR,USD,740260,2012-07-27,2012-07-27 13:56:08,2012,Q2,616448000.0,241233000.0,375215000.0,0.6086725888,0,26710000.0,0.0,26710000.0,-1510000.0,216059000.0,457292000.0,65000.0,74428000.0,211877000.0,300722000.0,0.4878302793,42254000.0,0.0685443054,-120420000.0,36561000.0,0.0593091388,-5179000.0,74025000.0,0.1200831214,0.26,0.25,290170000,292592000,https://www.sec.gov/Archives/edgar/data/740260/000104746912007484/0001047469-12-007484-index.htm,https://www.sec.gov/Archives/edgar/data/740260/000104746912007484/a2210347z10-q.htm,2.1244373987662404,0.2551090739911086,0.7438639418272047,-2.401523244994314,0.1819726367301926,33.219288692835235,30.048333735396493,32.4589413102664,25.085828996794984,16040597600.0,23192521600.0,54.17290645052347,26.021006800249168,74.31466548064138,-23.018723685154622,1.7030746465694355,1.7030746465694355,37.62283534053156,77.12279646982928,107.44889481901532,-33.28194245533472,0.0046148530027335,-0.0434428951699405,0.764945807826653,0.3953805183670676,23.78251009237768,0.1216620849122791,0.5677164507980867,2.9272946728870566,0.0113900993314613,2.468139142181695,0.0433288776993355,0.0,0.0504940632778775,4.228444222064703,1.4805741927948506,4.307673791869811,0.010141974667774,13.64964597925018,0.0028638996684128,0.004278371265528,-29.76466726401765,-1210607000.0,8719125000.0,-8415334000.0,16433462000.0,0.0,1060016000.0,-217705500.0,0.0,395.2388354827076,-79.53874469910834,0.0,0.2277104168928199,-1.1315240181431847,0.0078594391466002,3.145387186821518,2012-07-26,0.33,bmo,806124000.0,2025-04-22,2012-06-30,1.8787878787878785,50.93174603174603,2028866.825396825
2012-03-31,VTR,USD,740260,2012-04-27,2012-04-27 14:11:51,2012,Q1,573694000.0,219744000.0,353950000.0,0.6169665362,0,22200000.0,0.0,22200000.0,-1576000.0,185397000.0,405141000.0,47000.0,70668000.0,154528000.0,286617000.0,0.4995990894,47763000.0,0.0832551848,-106914000.0,58784000.0,0.1024657744,11338000.0,90626000.0,0.157969231,0.31,0.31,288375000,290813000,https://www.sec.gov/Archives/edgar/data/740260/000104746912004922/0001047469-12-004922-index.htm,https://www.sec.gov/Archives/edgar/data/740260/000104746912004922/a2209031z10-q.htm,1.9894026874729085,0.3142644126571304,0.8494529692241005,0.8129761595145211,0.1845652362375379,32.48720936280884,29.71603987863025,31.856905071521457,22.543674035544,14421633750.0,20798773750.0,39.78337825237791,25.13819867385749,58.87318287400851,61.51471899233073,1.5698323452238472,1.5698323452238472,36.25412458558046,72.56643447527537,84.90646980539759,88.71607369839874,0.0062840314468532,0.0162562719359032,0.6999618471633284,0.3740985128884186,22.249692097816947,0.1205988651143518,0.6758787570045848,2.719009456999512,0.0124294516909361,1.9779423123606912,0.0386965873793346,0.0,0.0464912389400661,0.0429415294679561,0.0183355586776225,0.0680718057568854,0.008426094747374,15.008616196403722,0.0024400921841266,0.0055294068764501,-27.319791937581275,-1222452000.0,8569363000.0,-7652816000.0,15323703000.0,0.0,1073122000.0,-265839000.0,0.0,434.4065366972477,-91.01326998689385,0.0,0.2071792028827687,-0.9888667884689808,0.009864875823674,0.0364768097095795,2012-04-27,0.29,bmo,529577419.0,2025-04-22,2012-03-31,2.13793103448276,49.64290322580646,2223911.806451613
2011-12-31,VTR,USD,740260,2012-02-22,2012-02-22 15:52:06,2011,Q4,563913000.0,217841000.0,346072000.0,0.613697503,0,14832000.0,8695000.0,23527000.0,0.0,20574000.0,238415000.0,0.0,66761000.0,166163000.0,415840000.0,0.7374187153,51169000.0,0.0907391743,-142582000.0,182916000.0,0.3243691846,-7827000.0,192948000.0,0.3421591628,0.67,0.66,288375000,290813000,https://www.sec.gov/Archives/edgar/data/740260/000104746912001287/0001047469-12-001287-index.htm,https://www.sec.gov/Archives/edgar/data/740260/000104746912001287/a2207416z10-k.htm,1.955485045513654,0.6690871261378414,1.14190203727785,0.2530455136540962,0.3091044646727351,32.443672301690505,28.06217945383615,32.16283311660165,22.525798006068488,13922745000.0,20306054000.0,18.0395041669258,24.689526575907987,42.2803344103785,190.79571616510444,1.5011115415413787,1.5011115415413787,36.00919645406295,48.83141111966141,61.66504907438899,278.2718576988434,0.013858474029367,0.0052412078221643,0.6931693591679186,0.3722295912843455,15.350396787225856,0.0884363080404591,0.7664504725812975,1.710655230990613,0.0118246796878058,0.8532454340029438,0.0263019295529629,0.0,0.0731542139809667,0.7783999805645985,0.4545452933342555,1.5426057545903722,0.0101966083420669,22.00441081953468,0.0032648214853008,0.0120529244745741,-27.67770437798006,-1261616000.0,8092431000.0,-7793569000.0,15915629000.0,0.0,1107151500.0,-305862000.0,0.0,448.5093715140859,-127.85196542432324,0.0,0.2006647033844051,-0.7039391197569961,0.0208031153136343,0.8888565236237538,2012-02-17,0.34,bmo,415626683.0,2025-04-22,2011-12-31,0.9411764705882352,45.79333333333334,2221035.1904761903
2011-09-30,VTR,USD,740260,2011-11-07,2011-11-07 14:43:31,2011,Q3,565957000.0,26652000.0,539305000.0,0.9529080831,0,20624000.0,0.0,20624000.0,0.0,299616000.0,326268000.0,0.0,73756000.0,161027000.0,314390000.0,0.5555015664,101984000.0,0.1801974355,-147553000.0,88080000.0,0.1556301981,-13904000.0,102885000.0,0.1817894292,0.36,0.35,287365000,290794000,https://www.sec.gov/Archives/edgar/data/740260/000095012311095876/0000950123-11-095876-index.htm,https://www.sec.gov/Archives/edgar/data/740260/000095012311095876/c21717e10vq.htm,1.9694708819793645,0.3580289875245767,1.0476258416995807,0.735670662745985,0.2000313190541645,32.46835557566161,29.609228681293825,32.17428009674108,22.22573034294364,12431409900.0,18687068900.0,30.20705131943432,21.96529047259774,41.293368565459005,58.80348665600787,1.3445522283614917,1.3445522283614917,33.01853126650965,59.43913260599892,62.07276806919758,88.39422201829655,0.0082762133038505,0.0170057943306977,0.6828145695292611,0.3669199925373871,19.897767104551672,0.0968090079705051,1.3827214057161452,3.291757785164451,0.0124668079684187,1.5063420323662342,0.0364409310247951,0.0,0.0477521784843107,0.2977734669541041,0.1583954258009,0.4204342932182722,0.0092374509017469,16.099217709745645,0.0075038849334033,0.0062795418769485,-27.731807979399026,-1327278000.0,8508656000.0,-7733236000.0,15490377000.0,0.0,764928500.0,-176907000.0,0.0,3811.479063484917,-1020.702386312472,0.0,0.0236128805906941,-0.0881745758674536,0.0111278010400873,0.3119551789535956,2011-11-04,0.33,bmo,522814285.0,2025-04-22,2011-09-30,1.6666666666666667,45.118125,3557502.9375
2011-06-30,VTR,USD,740260,2011-08-05,2011-08-05 17:24:21,2011,Q2,128382000.0,10383000.0,117999000.0,0.9191241763,0,15554000.0,-8770000.0,6784000.0,0.0,48373000.0,58756000.0,0.0,27792000.0,26126000.0,127226000.0,0.9909956224,19734000.0,0.1537131374,-99800000.0,13608000.0,0.1059961677,-6209000.0,29616000.0,0.2306865448,0.17,0.17,176262000,177945000,https://www.sec.gov/Archives/edgar/data/740260/000095012311073804/0000950123-11-073804-index.htm,https://www.sec.gov/Archives/edgar/data/740260/000095012311073804/c18908e10vq.htm,0.7283589202437281,0.1680226027164107,0.0685400142968989,-3.071217846160829,0.2695589520146146,12.735677570888791,11.883009383758267,12.55832794362937,12.111765440083513,8136253919.999999,10195792920.0,68.6812358184765,63.37534794597373,673.4752023839086,-15.029868381919645,3.675648558247453,3.675648558247453,79.41762022713465,80.13922405797557,843.9527290787187,-18.83439567442952,0.0036400043916033,-0.0665341821092034,0.9518855633198346,0.4575544567570678,16.18803546444909,0.1051807969597049,0.7100604490500864,0.6121921556704165,0.0132998553221161,3.653801998919503,0.1211540558645292,0.0,0.0326367037782598,45.80912176144359,4.310728918384197,21.18272984766133,0.033898833169759,6.890345876966834,0.0064683696927029,0.0066482039231496,-13.267045647955884,-512352000.0,2094523000.0,-2299990000.0,3570467000.0,0.0,302372500.0,-91079000.0,0.0,3477.1828951170182,-446.8361745160358,0.0,0.0258830216053306,-0.2014161008729389,0.0133793768940112,3.139757860457728,2011-08-04,0.34,bmo,1111181818.0,2025-04-22,2011-06-30,1.352941176470588,47.64142857142857,1778278.2857142857
2011-03-31,VTR,USD,740260,2011-05-06,2011-05-06 16:24:07,2011,Q1,270461000.0,92323000.0,178138000.0,0.6586457937,0,14832000.0,0.0,14832000.0,0.0,83111000.0,175434000.0,0.0,42558000.0,54195000.0,141265000.0,0.5223119045,52469000.0,0.1939983953,-7216000.0,45849000.0,0.1695216686,-3197000.0,48984000.0,0.1811129886,0.31,0.3,160420000,162023000,https://www.sec.gov/Archives/edgar/data/740260/000095012311046643/0000950123-11-046643-index.htm,https://www.sec.gov/Archives/edgar/data/740260/000095012311046643/c14212e10vq.htm,1.68595561650667,0.3053484602917342,0.8151664380999876,0.7655279890287994,0.2611831442463533,16.496989153472136,15.578269542451066,16.47802019698292,16.29426505423264,7627971000.0,10157440000.0,38.93093152866242,28.20358942694141,58.331645879375074,62.11399280165464,2.8856621991946745,2.8856621991946745,37.55602471335978,71.90344388206562,77.6746782494322,82.7112681790792,0.0064216290282173,0.0160994319459263,0.9727487739293728,0.4515847812945966,17.905843627225426,0.1622942662240726,1.2328821843131723,2.666252089874811,0.0122887200279078,1.9136452719255268,0.0548396996239753,0.0,0.0258831161669504,0.0608936368711238,0.0294423225529743,0.1469323738352246,0.0148487212574086,10.640000336259805,0.0107569174586434,0.0088311698613792,-19.14384740057349,-398985000.0,2499066000.0,-2970353000.0,4991820000.0,0.0,205368500.0,-139935500.0,0.0,198.47123685322185,-127.32168582043478,0.0,0.4534662121673526,-0.7068709420556168,0.0185306521439779,0.0496384490711881,2011-05-05,0.44,bmo,390866666.0,2025-04-22,2011-03-31,0.7045454545454546,46.986935483870965,1748294.1290322582
2010-12-31,VTR,USD,740260,2011-03-01,2011-03-01 17:12:16,2010,Q4,267994000.0,84769000.0,183225000.0,0.6836906796,0,0.0,0.0,14011000.0,0.0,74944000.0,159713000.0,0.0,45414000.0,64365000.0,170280000.0,0.6353873594,62867000.0,0.2345836101,-47780000.0,60501000.0,0.2257550542,2849000.0,77583000.0,0.2894952872,0.48,0.48,160420000,162023000,https://www.sec.gov/Archives/edgar/data/740260/000095012311020775/0000950123-11-020775-index.htm,https://www.sec.gov/Archives/edgar/data/740260/000095012311020775/c62406a1e10vkza.htm,1.6705772347587582,0.4836242363795038,0.6327328263308815,0.371568382994639,0.1359680837800773,14.899669617254707,13.984490711881312,14.877982795162698,18.36091509786809,7372903200.0,10251135200.0,23.7581145354008,27.511448763778297,72.63729347901047,123.69190195782376,3.089128454627804,3.089128454627804,38.25136085136234,60.20163965233733,100.9934208841118,171.97871390944016,0.0105227205478569,0.0080846036334777,1.21507202753898,0.5036529043572435,16.902936340145644,0.1298752383639893,1.3843088034526798,1.2897130949658204,0.0125114893682586,1.188997589678151,0.0,0.0,0.0254971282668125,0.4127562732135996,0.1563318581759293,0.6509127631476734,0.0147391359508048,12.723814052162346,0.0113239631538449,0.0138264345217642,-21.32299900261813,-407020000.0,2243392000.0,-3307064000.0,5019312000.0,0.0,205064000.0,-157046000.0,0.0,219.92556241078697,-158.47385246965283,0.0,0.40922937294526,-0.567917032352291,0.0325060354644814,0.2611644433362424,2011-02-17,0.4,bmo,217142857.0,2025-04-22,2010-12-31,0.925,45.9159375,1560720.53125
2010-09-30,VTR,USD,740260,2010-11-05,2010-11-05 16:16:40,2010,Q3,264665000.0,86640000.0,178025000.0,0.6726427748,0,15278000.0,0.0,15278000.0,0.0,67382000.0,154022000.0,0.0,45519000.0,50563000.0,158120000.0,0.5974344927,65124000.0,0.2460620029,-50242000.0,60401000.0,0.2282168024,1657000.0,57898000.0,0.218759564,0.37,0.37,156631000,157941000,https://www.sec.gov/Archives/edgar/data/740260/000095012310101705/0000950123-10-101705-index.htm,https://www.sec.gov/Archives/edgar/data/740260/000095012310101705/c06706e10vq.htm,1.6897357483512203,0.369645855545837,0.8836181854166799,-0.5363242270048714,0.2157299640556467,15.425975700851044,14.510729038312975,15.332099009774566,18.777036474261163,7073455959.999999,9935212960.0,30.54274741787281,26.72607243118659,51.10804728255372,-84.20279697637044,2.945454498513834,2.945454498513834,37.53882440065743,62.83337313432836,71.78518345110619,-118.26930492232606,0.0081852492370645,-0.0118760900576809,1.2057333763067972,0.4991619283973275,18.09864027321022,0.1549324860351187,1.4306992684373558,2.350018677624206,0.0118883895616987,1.4524163183529657,0.0577258043186669,0.0,0.0247130705898841,1.6069637721998238,0.840334007141103,4.3986116330122815,0.0152608013904369,11.29236707936321,0.0119240617754347,0.0102339194207436,-21.919386966820102,-413309000.0,2272830000.0,-3308856000.0,5003400000.0,70435000.0,192164000.0,-118662000.0,0.0,210.8569944598338,-171.22126038781164,0.0,0.4268295686873414,-0.5256356587736382,0.0241092791867688,1.4199424124215514,2010-11-05,0.39,bmo,272578378.0,2025-04-22,2010-09-30,0.8205128205128204,44.4265625,1673886.59375
2010-06-30,VTR,USD,740260,2010-07-30,2010-07-30 16:25:27,2010,Q2,243978000.0,75183000.0,168795000.0,0.6918451664,0,9858000.0,0.0,9858000.0,65325000.0,66713000.0,141896000.0,122000.0,44045000.0,52398000.0,147547000.0,0.6047553468,58159000.0,0.2383780505,-54717000.0,53830000.0,0.2206346474,409000.0,58067000.0,0.2380009673,0.37,0.37,156611000,157441000,https://www.sec.gov/Archives/edgar/data/740260/000095012310070521/0000950123-10-070521-index.htm,https://www.sec.gov/Archives/edgar/data/740260/000095012310070521/c03735e10vq.htm,1.5578599204398158,0.3707721679830918,0.5884388708328279,0.5000798155940515,0.1774715696853988,15.525180223611368,15.525180223611368,15.42936319926442,16.76059791457816,6439844320.0,8992899320.0,27.725921435583032,26.395184483846904,69.87981596423455,82.22687402640517,2.665048418975604,2.665048418975604,36.85946814876751,60.94938778829797,97.58343808325014,114.82544651293443,0.0090168328789662,0.0121614741146413,1.068051835617164,0.4724997652009285,17.303333852941776,0.6727893938922406,1.3204449994323988,1.5628932417535826,0.013035718851042,1.4457092668813611,0.040405282443499,0.0,0.0,0.1501584270150614,0.0567182286927509,0.2640940493911981,0.0125298182623023,11.34537416702378,0.0115151795277587,0.0106308597930069,-18.73114915299692,-147197000.0,2431414000.0,-2728046000.0,5012263000.0,70435000.0,182458500.0,-75616500.0,51.96493126429432,217.0819201149196,-86.78225130681139,1.731937247107262,0.414590031046139,-1.0370784192013245,0.0240302962082562,0.0883590552387763,2010-07-29,0.36,bmo,236724324.0,2025-04-22,2010-06-30,0.9722222222222222,41.42793650793651,2484285.285714286
2010-03-31,VTR,USD,740260,2010-04-30,2010-04-30 16:04:57,2010,Q1,241545000.0,78879000.0,162666000.0,0.6734397317,0,10683000.0,0.0,10683000.0,68196000.0,141932000.0,141932000.0,263000.0,44300000.0,54691000.0,149336000.0,0.6182533275,52708000.0,0.2182119274,-46303000.0,52994000.0,0.2193959718,286000.0,52619000.0,0.217843466,0.34,0.34,156453000,156967000,https://www.sec.gov/Archives/edgar/data/740260/000119312510101917/0001193125-10-101917-index.htm,https://www.sec.gov/Archives/edgar/data/740260/000119312510101917/d10q.htm,1.5438821882610112,0.3363246470185934,0.7386307709024436,0.6353729234977916,0.8483634062625837,15.746709874531009,15.746709874531009,15.631742440221664,17.529040670361066,6505315740.0,9070757740.0,30.90763669016895,26.932106812395205,56.29334931334966,65.44188218015009,2.659972178981883,2.659972178981883,37.55307598998116,60.74059664113141,78.49324374140065,91.24960002414342,0.008088615849413,0.0152807340908559,1.1032607917868298,0.4789234667388497,17.17899233942251,0.8785723062321782,1.1897968397291196,2.1735066205236238,0.0128942242548245,1.594119994678728,0.0442277836427994,0.0,0.0,0.1397962980590337,0.0668819474632056,0.2953868095299043,0.0125525264443478,10.876127795134405,0.0101560763493698,0.0093398357243968,-19.66625759812851,-57318000.0,2463620000.0,-2755489000.0,5161791000.0,0.0,187009500.0,-105312500.0,0.0,209.45574867835543,-89.83912067850758,0.0,0.4296850316493621,-1.0017907490665243,0.0215154931259105,0.1032578474046518,2010-04-28,0.35,bmo,247985294.0,2025-04-22,2010-03-31,0.9142857142857144,39.08868852459016,1832048.524590164
2009-12-31,VTR,USD,740260,2010-02-19,2010-02-19 16:32:37,2009,Q4,238836000.0,78443000.0,160393000.0,0.6715612387,0,38830000.0,-30610000.0,8220000.0,108791000.0,66314000.0,144757000.0,842000.0,44561000.0,59301000.0,157876000.0,0.6610226264,197611000.0,0.827392018,29813000.0,54014000.0,0.226155186,-367000.0,54081000.0,0.2264357132,0.35,0.34,156453000,156967000,https://www.sec.gov/Archives/edgar/data/740260/000119312510035246/0001193125-10-035246-index.htm,https://www.sec.gov/Archives/edgar/data/740260/000119312510035246/d10k.htm,1.5265670840444094,0.3456693064370769,0.6321642921516366,0.4493553974676101,0.6864489655040171,15.877356138904336,15.877356138904336,15.758796571494315,17.351293998836713,5993714430.0,8556418430.0,27.70711724080546,25.095523413555743,60.60133493084203,85.25545751959376,2.4310231955971804,2.4310231955971804,35.82549711936224,54.19708144366465,86.51235976300251,121.70772840419328,0.0090229523998192,0.0117294543844325,1.082980769503766,0.4754245941906024,16.232384909675947,0.70640872473239,4.434617715042301,1.805542371024864,0.0150460955477987,1.6675357334368817,0.1625801805422968,0.0,0.0,0.2891794062929709,0.1197516287326868,0.4823021534206843,0.0111666582927196,11.070906752651611,0.0367899549294913,0.009629387606844,-19.755015883364333,-61190000.0,2484060000.0,-2984956000.0,5053520000.0,0.0,182785000.0,-128648500.0,0.0,218.5032443940186,-151.31789962138114,0.0,0.4118931975110924,-0.5947743143751848,0.0219350065767299,0.1828088946840265,2010-02-18,0.33,bmo,224305714.0,2025-04-22,2009-12-31,1.0303030303030305,36.2471875,2209611.203125
2009-09-30,VTR,USD,740260,2009-11-04,2009-11-04 16:35:50,2009,Q3,235830000.0,76338000.0,159492000.0,0.6763007251,0,9657000.0,0.0,9657000.0,66681000.0,60038000.0,136376000.0,0.0,43660000.0,52268000.0,142716000.0,0.6051647373,55794000.0,0.2365856761,-49217000.0,49900000.0,0.2115930967,-410000.0,49805000.0,0.2111902642,0.32,0.32,156250000,156516000,https://www.sec.gov/Archives/edgar/data/740260/000119312509223835/0001193125-09-223835-index.htm,https://www.sec.gov/Archives/edgar/data/740260/000119312509223835/d10q.htm,1.509312,0.318752,0.819552,0.7713856,0.4536896,16.0147968,16.0147968,16.0147968,17.0163328,5268750000.0,7813003000.0,26.44689288224074,22.34130517745833,41.14443012767951,43.71354611753189,2.105552784784632,2.105552784784632,33.12980960861638,54.74510916785784,61.012869470149546,64.82259871068374,0.0094529062870699,0.0228762040332147,1.0450903004901066,0.4680502782197515,17.827384455842374,0.7946877107014995,1.2779202931745304,2.5392623438429505,0.0152353024911032,1.6117056520429676,0.0409489886782852,0.0,0.0,0.0587716215688571,0.0319128185557393,0.1439886737583225,0.0130517745833863,10.717128415105233,0.0104622511589461,0.0089139496466099,-19.6916096,-43240000.0,2502312000.0,-2917632000.0,5037287000.0,0.0,169892000.0,-62705000.0,0.0,206.46663522754068,-147.8542796510257,0.0,0.4359057815845824,-0.6087074395981181,0.0199035931570483,0.0481664,2009-10-29,0.37,bmo,271256250.0,2025-04-22,2009-09-30,0.7837837837837839,31.25859375,3154840.671875
2009-06-30,VTR,USD,740260,2009-08-05,2009-08-05 16:32:25,2009,Q2,231988000.0,72564000.0,159424000.0,0.687207959,0,10355000.0,0.0,10355000.0,62209000.0,65182000.0,137746000.0,108000.0,44171000.0,48847000.0,95811000.0,0.4129998103,50179000.0,0.216299981,-53476000.0,46569000.0,0.2007388313,-395000.0,88381000.0,0.3809722917,0.57,0.57,154441000,154510000,https://www.sec.gov/Archives/edgar/data/740260/000119312509165464/0001193125-09-165464-index.htm,https://www.sec.gov/Archives/edgar/data/740260/000119312509165464/d10q.htm,1.5021140759254343,0.5722638418554659,0.5374220576142346,0.4653621771420801,0.3012347757396028,16.268128281997654,16.268128281997654,16.152724988830688,17.226481310014826,4038632150.0,6608413150.0,11.423926381235786,17.408797653326896,48.6582186746988,56.19279194668225,1.6189218858169283,1.6189218858169283,28.486012854113145,68.97342841636137,79.61943554216867,91.94825659862808,0.0218838945260216,0.0177958767549552,1.0487689020032125,0.4696408687992753,26.821356629197066,0.2488979006612596,1.1360168436304363,0.930670643508292,0.0195251751264348,0.8922166529005103,0.0446359294446264,0.0,0.0,0.1340843373493976,0.0479723089125299,0.2196151948692649,0.0132679276514302,14.421562339677983,0.0093991710827355,0.0158648725933029,-19.50176442783976,-140393000.0,2512466000.0,-3011872000.0,4958387000.0,0.0,163217000.0,0.0,0.0,204.2239953696048,0.0,0.0,0.4406925828530478,0.0,0.0354283157950857,0.0720598804721544,2009-07-30,0.39,bmo,157436842.0,2025-04-22,2009-06-30,0.4615384615384613,24.79873015873016,5208235.777777778
2009-03-31,VTR,USD,740260,2009-05-06,2009-05-05 19:46:54,2009,Q1,230851000.0,75468000.0,155383000.0,0.6730878359,0,10598000.0,0.0,10598000.0,64870000.0,60582000.0,136050000.0,286000.0,46613000.0,50516000.0,141703000.0,0.6138288333,48474000.0,0.2099795972,-47984000.0,46134000.0,0.1998431889,-547000.0,74228000.0,0.3215407341,0.52,0.52,143091000,143145000,https://www.sec.gov/Archives/edgar/data/740260/000119312509100249/0001193125-09-100249-index.htm,https://www.sec.gov/Archives/edgar/data/740260/000119312509100249/d10q.htm,1.6133160017052086,0.5187468114696242,0.7837110649866169,0.6980522884038829,0.6695459532744896,15.274699317217715,15.274699317217715,15.149855686241622,20.888902866008344,2833201800.0,5679796800.0,9.542227326615292,12.272859116919571,25.26441297640492,28.364637332932872,1.3069431425661313,1.3069431425661313,24.603734876608723,40.082403336556034,50.64825667457331,56.863360864994746,0.0261993339126072,0.0352551660810041,1.3573162383384507,0.5260067938945763,20.08845966563869,0.4557784617726674,1.039924484585845,1.4958449492456882,0.0264576988479959,1.009861507786819,0.0459083997903409,0.0,0.0,0.1092989245777674,0.053094853390282,0.2426359965159553,0.0132509714057985,13.297598841817756,0.0091106978732202,0.0132695823231458,-23.148681608207365,-114397000.0,2185672000.0,-3312368000.0,5016499000.0,0.0,164986500.0,-61644500.0,0.0,192.92614088090315,0.0,0.0,0.4664997681965693,0.0,0.0342410397968823,0.085658776582734,2009-05-05,0.36,bmo,158469230.0,2025-04-22,2009-03-31,0.4444444444444445,22.455409836065574,5874749.950819672
2008-12-31,VTR,USD,740260,2009-02-27,2009-02-27 13:34:42,2008,Q4,227956000.0,76447000.0,151509000.0,0.664641422,0,28168000.0,-17010000.0,11158000.0,161700000.0,60210000.0,136657000.0,0.0,47342000.0,61607000.0,151585000.0,0.6649748197,142709000.0,0.6260374809,-48663000.0,42636000.0,0.1870360947,-1720000.0,58475000.0,0.2565188019,0.41,0.41,143091000,143145000,https://www.sec.gov/Archives/edgar/data/740260/000119312509040636/0001193125-09-040636-index.htm,https://www.sec.gov/Archives/edgar/data/740260/000119312509040636/d10k.htm,1.5930841212934426,0.408656030078761,0.473118505007303,0.3983479044803656,1.2356612225786388,15.148437008616892,15.148437008616892,15.014696941107408,22.32869991823385,4206875400.0,7177757400.0,17.985786233433092,18.454769341451858,62.1408794812331,73.80483157894737,1.958081479454197,1.958081479454197,31.487468634297848,47.35136985849523,106.02457052541396,125.92556842105265,0.0138998649686653,0.0135492484517131,1.4650876810825202,0.5455290690580771,19.598786159580435,1.179992494396154,3.014426935913143,1.1577426250534415,0.0174637927236922,1.2564001710132535,0.1235677060485356,0.0,0.0,0.1580377849008109,0.0469344961308322,0.1736653302384469,0.0094755128182631,11.749746593341708,0.0266412122732877,0.0101343435267758,-24.370585850961977,35492000.0,2167605000.0,-3369701000.0,5208431000.0,0.0,160432000.0,-118447500.0,0.0,198.01718837887685,-145.14644132536267,0.0,0.4545059988822697,-0.6200634282052738,0.0272170681620578,0.0747706005269374,2009-02-12,0.32,bmo,181307317.0,2025-04-22,2008-12-31,0.2812499999999999,26.585,4186106.953125
2008-09-30,VTR,USD,740260,2008-11-05,2008-11-05 17:13:22,2008,Q3,238554000.0,81698000.0,156856000.0,0.6575282745,0,11626000.0,0.0,11626000.0,70072000.0,62939000.0,144637000.0,0.0,51344000.0,44645000.0,144886000.0,0.6073509562,64073000.0,0.2685890826,-28964000.0,64698000.0,0.2712090344,-415000.0,63766000.0,0.2673021622,0.46,0.46,140759000,141141000,https://www.sec.gov/Archives/edgar/data/740260/000119312508226064/0001193125-08-226064-index.htm,https://www.sec.gov/Archives/edgar/data/740260/000119312508226064/d10q.htm,1.694769073380743,0.4530154377339992,0.8901313592736522,0.5401359770956031,0.8235565754232411,15.746687600792844,15.746687600792844,15.541365028168714,22.63936231431028,6092049520.0,9111476520.0,23.884395759495657,25.53740251683057,48.62203712867336,80.12797116889608,2.7848261669135903,2.7848261669135903,38.19460801328001,62.88721146280524,72.72077290213419,119.84211971747622,0.0104670849753696,0.0124800364393623,1.4332458549077134,0.5391972412692473,20.840019049459578,0.773731748068867,1.2479160174509192,1.936687533812505,0.0117469498179653,1.122275193676881,0.0487352968300678,0.0,0.0,0.3931952048781266,0.2065150867308869,1.103483032814425,0.013942335907174,12.586133692577864,0.0114978276172391,0.0109660648051333,-25.14396947974907,-46721000.0,2216488000.0,-3438596000.0,5272961000.0,0.0,147532500.0,-56803000.0,0.0,168.17963720042107,-125.15043207912068,0.0,0.5351420748562221,-0.7191345527524955,0.0291490121307175,0.349995382178049,2008-11-05,0.29,bmo,148215217.0,2025-04-22,2008-09-30,0.5862068965517243,39.14578125,1888443.296875
2008-06-30,VTR,USD,740260,2008-08-06,2008-08-06 15:27:43,2008,Q2,233513000.0,71842000.0,161671000.0,0.6923426105,0,9610000.0,0.0,9610000.0,62232000.0,68987000.0,140829000.0,798000.0,52444000.0,61086000.0,148914000.0,0.637711819,40240000.0,0.172324453,-52623000.0,40240000.0,0.172324453,-3712000.0,70153000.0,0.3004243875,0.51,0.51,138133000,138737000,https://www.sec.gov/Archives/edgar/data/740260/000119312508168138/0001193125-08-168138-index.htm,https://www.sec.gov/Archives/edgar/data/740260/000119312508168138/d10q.htm,1.6904939442421434,0.5078656077838025,0.4818254870306154,0.457986143788957,0.2118827506823134,14.571847422411734,14.571847422411734,14.34773732562096,23.9179776012973,5149598240.0,8371748240.0,18.35131156187191,22.05272614372647,77.37241180359398,81.39984256200307,2.598319104534244,2.598319104534244,35.8513155156244,56.218678163235154,125.7850267443957,132.33245720247223,0.0136230045006384,0.0122850360458411,1.6405593431744148,0.568721935973746,21.63765663403037,0.0604710743801652,0.7672946380901533,0.9365378662088762,0.0141587744522764,1.039328325231993,0.0411540256859361,0.0,0.0,0.049477132039185,0.0141019986039321,0.0539076056706937,0.0108816211517131,12.804345066694111,-0.2545698862451637,0.0122708153717443,-26.604359566504744,-454732000.0,2012853000.0,-3674940000.0,5028491000.0,0.0,119018500.0,0.0,0.0,178.390217421564,0.0,0.0,0.504511969887429,0.0,0.0353969128551649,0.0238393432416584,2008-08-05,0.27,bmo,216729247.0,2025-04-22,2008-06-30,0.8888888888888888,40.975625,1265825.0
2008-03-31,VTR,USD,740260,2008-05-07,2008-05-07 11:13:32,2008,Q1,231764000.0,76957000.0,154807000.0,0.6679510191,0,8257000.0,0.0,8257000.0,68700000.0,156795000.0,156795000.0,818000.0,52351000.0,68725000.0,145828000.0,0.629209023,31098000.0,0.1341795965,-52997000.0,21538000.0,0.0929307399,-10038000.0,31154000.0,0.1344212216,0.24,0.23,136381000,136673000,https://www.sec.gov/Archives/edgar/data/740260/000119312508105302/0001193125-08-105302-index.htm,https://www.sec.gov/Archives/edgar/data/740260/000119312508105302/d10q.htm,1.6993862781472493,0.228433579457549,0.7671596483381116,0.7165440933854422,0.3764967260835453,14.743182701402688,14.743182701402688,14.50622887352344,23.53305812393221,5363864730.0,8469628730.0,43.04314638569686,23.143649272535857,51.26703429357904,54.88845747674549,2.7112491015348965,2.7112491015348965,36.54419465490758,58.07957820171709,80.95147219620362,86.66975768242891,0.0058081255900724,0.0182187666764668,1.5958110043904743,0.5586039320653924,21.297446306607785,0.0995096899224806,0.5940287673587897,3.264258080618994,0.0132191998809037,2.2759838223021123,0.035626758254086,0.0,0.0,0.0659778640108577,0.029784608481041,0.1004437977446344,0.0084094164753801,8.63472467338778,-0.2554147533653632,0.0055122378971044,-26.321489063725885,-464653000.0,2010690000.0,-3589751000.0,4935906000.0,1046000.0,134607000.0,27038500.0,0.0,111.84713541328274,0.0,0.0,0.8046696919634455,0.0,0.0157472752876857,0.0506155549526693,2008-05-06,0.26,bmo,256947826.0,2025-04-22,2008-03-31,-0.1153846153846153,37.59967213114754,1705529.0
2007-12-31,VTR,USD,740260,2008-02-29,2008-02-28 20:43:06,2007,Q4,232553000.0,0.0,232553000.0,1.0,0,11506000.0,0.0,11506000.0,161700000.0,-38802000.0,159323000.0,0.0,0.0,75000000.0,145251000.0,0.6245931035,146695000.0,0.6308024407,-56187000.0,17043000.0,0.0732865196,-12968000.0,29401000.0,0.126427094,0.22,0.22,136381000,136673000,https://www.sec.gov/Archives/edgar/data/740260/000119312508042265/0001193125-08-042265-index.htm,https://www.sec.gov/Archives/edgar/data/740260/000119312508042265/d10k.htm,1.7051715414903836,0.2155798828282532,0.3800896019240217,19.6189571861183,0.2077562123756241,13.602393295253735,53.75336007215081,13.371759995893855,24.640521773560835,5404779030.0,8736944030.0,45.95744217883746,23.24106345650239,104.26488859308988,2.01998503916614,2.963708592748405,2.963708592748405,37.56968961914058,60.150663541042746,168.5464828211509,3.265350189280897,0.0054398153628123,0.4950531714892329,1.842728390363523,0.5878463667742593,22.94073706893584,0.4051054165785942,0.0,1.7631032958062651,0.0117462711514405,2.159314309037108,0.049476893439345,0.0,-0.957877441036919,50.61666377298069,11.282658146745042,34.98421333333334,0.0,8.053592688685727,0.0468539514446205,0.0026268584279573,-27.89669015478696,-121020000.0,7330937000.0,-3779109000.0,-121020000.0,1046000.0,139788500.0,27038500.0,0.8096218926438274,0.0,0.0,111.16300191204589,0.0,0.0,0.0161220275337317,19.23886758419428,2008-02-13,0.19,bmo,196650000.0,2025-04-22,2007-12-31,0.1578947368421052,37.72,1426967.046875
2007-09-30,VTR,USD,740260,2007-11-09,2007-11-09 15:01:26,2007,Q3,226294000.0,71382000.0,154912000.0,0.6845607926,0,9315000.0,0.0,9315000.0,62067000.0,151529000.0,151529000.0,0.0,52961000.0,70716000.0,141232000.0,0.6241084607,28014000.0,0.1237947095,-54612000.0,19226000.0,0.0849602729,-9463000.0,28014000.0,0.1237947095,0.21,0.21,133205000,133503000,https://www.sec.gov/Archives/edgar/data/740260/000119312507242222/0001193125-07-242222-index.htm,https://www.sec.gov/Archives/edgar/data/740260/000119312507242222/d10q.htm,1.6988401336286176,0.2103074208926091,1.3673210465072632,0.1217822153823054,0.2145039600615592,14.044202544949512,14.044202544949512,13.84315153335085,24.928989152058858,4899279900.0,8138411900.0,43.72170968087385,21.650065401645648,26.899315339255715,302.0145419800271,2.656909440844436,2.656909440844436,35.96388724402768,57.62441868698312,44.68364995003679,501.6897978054494,0.0057179831672813,0.0033110988412807,1.772096398165487,0.5771678424196608,22.934830633284243,0.051950909090909,0.5289552689715074,6.501534946812308,0.0129429224894866,2.2635467980295565,0.041163265486491,0.0,0.0,0.9109337081489453,0.7331701238212237,2.346173426098761,0.0078128452367274,8.093493909314022,-0.2015157953927684,0.0049480537372695,-28.244352689463607,-521427000.0,1870758000.0,-3762289000.0,4861283000.0,0.0,112668500.0,0.0,0.0,133.6483987559889,0.0,0.0,0.6734087414269677,0.0,0.0151921634597394,1.2455388311249578,2007-11-08,0.27,bmo,279771428.0,2025-04-22,2007-09-30,-0.2222222222222223,32.397619047619045,1664992.746031746
2007-06-30,VTR,USD,740260,2007-08-09,2007-08-09 16:29:20,2007,Q2,193722000.0,50407000.0,143315000.0,0.7397972352,0,8023000.0,0.0,8023000.0,42384000.0,97849000.0,97849000.0,0.0,54414000.0,58352000.0,152759000.0,0.7885475062,45136000.0,0.2329936713,-54414000.0,39933000.0,0.2061355964,-5611000.0,174598000.0,0.9012812174,1.49,1.48,117419000,117825000,https://www.sec.gov/Archives/edgar/data/740260/000119312507177536/0001193125-07-177536-index.htm,https://www.sec.gov/Archives/edgar/data/740260/000119312507177536/d10q.htm,1.6498352055459509,1.4869654825879968,0.6613750755840196,-20.01290251151858,0.2566705558725589,16.230141629548882,16.230141629548882,16.003415120210526,28.437101320910585,3728053250.0,6982557250.0,5.338052626605116,19.244346279720425,48.00604251976616,-1.5864765234191316,1.9839515354384136,1.9839515354384136,36.04421413159063,45.709629219882295,89.91420394550465,-2.97143372363446,0.0468335585067085,-0.6303276381580655,1.7479821510772415,0.5791535255603811,21.30482655686408,0.0594437869822485,0.8294924100415334,0.4319204436114062,0.0179235637259204,0.3827077057010962,0.0414150173960624,0.0,0.0,31.259535398799866,12.531116754937488,41.60188168357554,0.0414150173960624,23.13918391957239,-0.3070623117398773,0.0307854089595735,-31.814169768095457,-476862000.0,1905727000.0,-3735588000.0,4891919000.0,0.0,121237000.0,0.0,0.0,213.07040688793225,0.0,0.0,0.4223955889253871,0.0,0.0929155103094292,20.6742775871026,2007-08-08,0.4,bmo,223411764.0,2025-04-22,2007-06-30,-0.15,35.70222222222222,1380494.1904761903
2007-03-31,VTR,USD,740260,2007-05-10,2007-05-09 18:29:51,2007,Q1,121848000.0,0.0,121848000.0,1.0,0,7583000.0,0.0,7583000.0,0.0,36173000.0,36173000.0,0.0,0.0,33433000.0,119108000.0,0.977512967,85675000.0,0.7031301293,-38809000.0,45106000.0,0.3701825225,0.0,45106000.0,0.3701825225,0.43,0.42,106044000,106775000,https://www.sec.gov/Archives/edgar/data/740260/000119312507108499/0001193125-07-108499-index.htm,https://www.sec.gov/Archives/edgar/data/740260/000119312507108499/d10q.htm,1.1490324770849836,0.4253517407868432,0.8315510542793557,0.5453396703255252,0.0,6.68509298027234,6.68509298027234,6.68509298027234,22.35315529402889,3913023600.0,6283441600.0,21.687932869241344,32.113974788260784,44.374906158923125,67.66425038907141,5.519743720676979,5.519743720676979,51.56786816361368,52.75415253383484,71.25618443882469,108.65366764655025,0.0115271474467979,0.0147788528543502,3.34373139760253,0.7213321781881444,19.901417201195557,0.3866618357487922,0.0,1.9549727309005456,0.0236315978262947,2.0500820289983595,0.0622332742433195,0.0,0.0,0.3441897914516733,0.2490890289541067,0.9078156312625252,0.0165287899678287,7.998694179103034,-0.8872078453301853,0.0137260218363826,-24.3036192523858,-126961000.0,708914000.0,-2497214000.0,2961992000.0,1233000.0,118575000.0,0.0,0.0,0.0,0.0,0.0,0.0,0.0,0.0636268997367804,0.2862113839538305,2007-05-08,0.37,bmo,103423809.0,2025-04-22,2007-03-31,0.1351351351351351,38.92196721311475,1006909.2295081968
2006-12-31,VTR,USD,740260,2007-02-22,2007-02-21 19:18:53,2006,Q4,110662000.0,0.0,110662000.0,1.0,0,6679000.0,0.0,6679000.0,0.0,38499000.0,38499000.0,0.0,0.0,32421000.0,104584000.0,0.9450759972,125422000.0,1.1333791184,58420000.0,130583000.0,1.1800166272,90633000.0,40797000.0,0.3686631364,0.38,0.38,106044000,106775000,https://www.sec.gov/Archives/edgar/data/740260/000119312507036220/0001193125-07-036220-index.htm,https://www.sec.gov/Archives/edgar/data/740260/000119312507036220/d10k.htm,1.043547961223643,0.3847176643657349,0.5716589340273849,-3.4490023009316886,0.0117498396891856,6.694164686356607,35.43933650182943,6.694164686356607,21.96308136245332,3929990640.000001,6257797640.0,24.082595779101407,35.51346117004935,64.82886524471718,-10.745136351457024,5.536164964021886,5.536164964021886,56.54874880266035,59.83513386368852,103.22821530492732,-17.109681691665802,0.0103809407546069,-0.0930653616009629,3.280929345406804,0.7157947630462843,22.2577736556261,1.1110093023255814,0.0,1.4859180822119271,0.0408643263333573,3.936476211486138,0.0603549547270065,0.0,-0.936828631138976,7.033321786179707,3.8528763261101378,13.150951543752504,0.0,7.61220576231559,0.7071573673928213,0.006473604712623,-23.96013447248312,23867000.0,3758129000.0,-2305057000.0,59514000.0,1233000.0,57006000.0,-96289000.0,2.00556649979216,0.0,0.0,44.87510137875101,0.0,0.0,0.0574706004992421,4.020661234959074,2007-02-20,0.37,bmo,111853846.0,2025-04-22,2006-12-31,0.0540540540540541,34.20603174603175,833383.253968254
2006-09-30,VTR,USD,740260,2006-10-27,2006-10-27 15:43:25,2006,Q3,109667000.0,7361000.0,102306000.0,0.9328786235,0,6539000.0,0.0,6539000.0,0.0,44278000.0,44278000.0,0.0,0.0,30849000.0,125418000.0,1.1436257033,95767000.0,0.8732526649,-34019000.0,32241000.0,0.2939899879,33148000.0,32241000.0,0.2939899879,0.31,0.31,104021000,104568000,https://www.sec.gov/Archives/edgar/data/740260/000119312506216981/0001193125-06-216981-index.htm,https://www.sec.gov/Archives/edgar/data/740260/000119312506216981/d10q.htm,1.054277501658319,0.3099470299266494,0.7018102113996212,0.7008392536122514,0.019226886878611,6.187933205794984,6.187933205794984,6.187933205794984,19.29541150344642,3510708750.0,5515836750.0,27.222393458639623,32.01244449105018,48.08992438666905,48.156549203039695,5.4541635918747815,5.4541635918747815,50.296230862520176,43.97962613022055,75.55630248071996,75.66097980851005,0.0091836157015303,0.020765607514437,3.1182320270322754,0.7146835492617722,15.987561594029565,0.0122468354430379,0.0,2.2642908098384047,0.0117187163418212,1.2760460283489967,0.0596259585837125,0.0,0.0,0.0013835047874744,0.0009209698450764,0.0032740121235696,0.0596259585837125,6.569129254833896,0.0214377694220004,0.011480140933587,-21.71704751925092,-156065000.0,643675000.0,-2162805000.0,2510398000.0,0.0,0.0,-96289000.0,0.0,0.0,-2354.5741067789704,0.0,0.0,-0.0382234730862299,0.0500889424010564,0.0009709577873698,2006-10-27,0.28,bmo,103213793.0,2025-04-22,2006-09-30,0.0357142857142855,32.55079365079365,386762.9365079365
2006-06-30,VTR,USD,740260,2006-07-28,2006-07-28 15:49:28,2006,Q2,100306000.0,0.0,100306000.0,1.0,0,6287000.0,0.0,6287000.0,0.0,36052000.0,36052000.0,0.0,0.0,28516000.0,94638000.0,0.9434929117,66122000.0,0.6592028393,-32417000.0,29258000.0,0.2916874364,35591000.0,29258000.0,0.2916874364,0.28,0.28,103884000,104374000,https://www.sec.gov/Archives/edgar/data/740260/000119312506155995/0001193125-06-155995-index.htm,https://www.sec.gov/Archives/edgar/data/740260/000119312506155995/d10q.htm,0.965557737476416,0.2816410611836279,0.3473778445188864,0.1947364367948866,0.0185976666281621,6.256940433560509,6.256940433560509,6.256940433560509,18.1251107003966,3082238280.0,4963215280.0,26.336713719324628,30.728354036647858,85.41131931166349,152.3597765694513,4.741934227287553,4.741934227287553,49.48074173030527,52.44421141613306,137.53471554853547,245.33936134453785,0.0094924523486224,0.0065634120928509,2.896800903390175,0.707601958983409,19.875493987615968,0.01509375,0.0,1.181978972192198,0.013326030069291,1.403855355800123,0.0626782046936374,0.0,0.0,0.4394103139634771,0.1580862560564672,0.5560737831392902,0.0626782046936374,6.296805160404079,0.1495949393784195,0.0109952303143362,-19.339301528628084,-126068000.0,649996000.0,-2009044000.0,2413022000.0,0.0,36363000.0,0.0,0.0,0.0,0.0,0.0,0.0,0.0,0.0450125846928288,0.1526414077239998,2006-07-27,0.28,bmo,96700000.0,2025-04-22,2006-06-30,0.0,28.364126984126987,457521.8888888889
2006-03-31,VTR,USD,740260,2006-05-02,2006-05-02 12:55:33,2006,Q1,97814000.0,0.0,97814000.0,1.0,0,6631000.0,0.0,6631000.0,0.0,101637000.0,101637000.0,0.0,0.0,27867000.0,24647000.0,0.2519782444,-3220000.0,-0.032919623,32354000.0,29134000.0,0.2978510234,0.0,29134000.0,0.2978510234,0.28,0.28,103751000,104300000,https://www.sec.gov/Archives/edgar/data/740260/000119312506096341/0001193125-06-096341-index.htm,https://www.sec.gov/Archives/edgar/data/740260/000119312506096341/d10q.htm,0.9427764551666972,0.2808069319813785,0.6665574307717516,0.2004992722961706,0.014129984289308,6.349500245780764,6.349500245780764,6.349500245780764,17.87501807211497,3015004060.0,4868089060.0,25.871868435504904,30.82384996012841,43.59714355948869,144.938181905586,4.576738148692937,4.576738148692937,49.768837385241376,197.51243802491177,70.392866273353,234.0202413229497,0.0096630052299166,0.0068994931967023,2.8151850350730987,0.6967794608063408,75.1850123747312,0.0099054054054054,0.0,2.3737214251390126,0.0259976432668551,2.690430424933068,0.0677919316253297,0.0,0.0,0.6992018046156516,0.4943464125789764,1.73517063193024,0.0077494019261046,6.333808718435998,0.0277251592905114,0.0109460310399293,-19.2901369625353,-146534000.0,658767000.0,-2001371000.0,2396108000.0,1420500.0,66634000.0,0.0,0.0,0.0,0.0,0.0,0.0,0.0,0.044225044666779,0.4660581584755809,2006-05-01,0.27,bmo,90932142.0,2025-04-22,2006-03-31,0.037037037037037,27.92048387096774,613950.5322580645
2005-12-31,VTR,USD,740260,2006-02-28,2006-02-28 17:14:47,2005,Q4,89427000.0,0.0,89427000.0,1.0,0,6422000.0,0.0,6422000.0,0.0,21369000.0,21369000.0,0.0,0.0,31174000.0,99232000.0,1.1096425017,100220000.0,1.1206906192,52842000.0,120900000.0,1.3519406891,83362000.0,47221000.0,0.5280396301,0.46,0.45,103751000,104300000,https://www.sec.gov/Archives/edgar/data/740260/000119312506041443/0001193125-06-041443-index.htm,https://www.sec.gov/Archives/edgar/data/740260/000119312506041443/d10k.htm,0.8619386801091073,0.4551377818045127,0.5031469576196856,0.410704475137589,0.0158167150196142,6.431928366955499,6.431928366955499,6.431928366955499,17.37394338367823,2909178040.0,4710101040.0,15.401929438173692,32.53131649278182,55.7292448565189,68.27293515758842,4.359501287989702,4.359501287989702,52.669786977087455,47.4655457916801,90.22836366422744,110.53720964070313,0.0162317325893192,0.0146470925512692,2.7012028729887803,0.6830175839049258,18.148611335053207,1.3240473372781063,0.0,1.1054827301412506,0.0128060226936127,0.7889498316427014,0.0718127634830644,0.0,0.0,0.1837285927742232,0.1072494884095407,0.3076602296785783,0.0,8.115836753988283,0.3654044015026144,0.0178927202194066,-18.968754518028742,54764000.0,667319000.0,-1748035000.0,2581238000.0,1420500.0,68929000.0,0.0,2.8592035962293267,0.0,0.0,31.47729672650475,0.0,0.0,0.0707622591294418,0.0924424824820965,2006-02-27,0.35,bmo,86012499.0,2025-04-22,2005-12-31,0.142857142857143,27.433492063492064,427085.0
2005-09-30,VTR,USD,740260,2005-10-28,2005-10-28 15:57:52,2005,Q3,96135000.0,0.0,96135000.0,1.0,0,6109000.0,0.0,6109000.0,0.0,34997000.0,34997000.0,0.0,0.0,26597000.0,88878000.0,0.9245124044,62281000.0,0.6478493785,-33560000.0,28721000.0,0.2987569564,0.0,28721000.0,0.2987569564,0.28,0.28,103081000,103880000,https://www.sec.gov/Archives/edgar/data/740260/000119312505211075/0001193125-05-211075-index.htm,https://www.sec.gov/Archives/edgar/data/740260/000119312505211075/d10q.htm,0.9326160980200036,0.2786255469000107,0.692465148766504,-0.2599994179334698,0.0559171913349695,6.345602002308864,6.345602002308864,6.345602002308864,17.57180275705513,2906884200.0,4712439200.0,25.30277671390272,30.23752223435793,40.72407116839451,-108.46178127681804,4.444022803469136,4.444022803469136,49.01897539917824,53.02143612592543,66.0190417483889,-175.83072273422633,0.0098803385425535,-0.0092198375153712,2.769130927319675,0.681426040110905,20.31498233533608,0.0298652849740932,0.0,2.485289509418196,0.0145780141843971,1.4754569513596325,0.0635460550267852,0.0,0.0,1.375469319137013,1.0212825713839913,3.691431364439598,0.0,6.307222339256796,-0.3970938906670407,0.0108049643922607,-19.385289238559967,-187236000.0,654111000.0,-1998255000.0,2365399000.0,28770000.0,74013000.0,0.0,0.0,0.0,0.0,0.0,0.0,0.0,0.043908449789103,0.9524645666999738,2005-10-27,0.31,bmo,106174999.0,2025-04-22,2005-09-30,-0.096774193548387,27.18875,503771.015625
2005-06-30,VTR,USD,740260,2005-07-28,2005-07-28 15:26:53,2005,Q2,75154000.0,0.0,75154000.0,1.0,0,5553000.0,0.0,5553000.0,0.0,24985000.0,24985000.0,0.0,0.0,17601000.0,68454000.0,0.9108497219,50853000.0,0.6766506107,-23610000.0,27243000.0,0.3624956755,175000.0,27068000.0,0.3601671235,0.31,0.3,88574000,89350000,https://www.sec.gov/Archives/edgar/data/740260/000119312505151262/0001193125-05-151262-index.htm,https://www.sec.gov/Archives/edgar/data/740260/000119312505151262/d10q.htm,0.8484882696953959,0.3055975794251134,0.4755007112696728,-4.612233838372434,0.0090545758348951,7.396752997493621,7.396752997493621,7.396752997493621,20.69099284214329,2342782300.0,4174664300.0,21.63793316831683,31.173088591425607,55.62557399624855,-5.734748264483849,3.575893369558581,3.575893369558581,55.54813183596349,60.98495778186812,99.12064724458055,-10.218896074649225,0.0115537837211763,-0.1743755704488633,2.797307527932108,0.6980443389812433,26.76077365822304,0.0058540145985401,0.0,1.5559701492537314,0.026075832995665,2.2569085266735627,0.0738882827261356,0.0,0.0,10.699741197141297,5.996234398701334,25.603147548434748,0.0,7.131596648850018,-0.4775465690100035,0.0103098320100706,-21.74834601576083,-136198000.0,655160000.0,-1969493000.0,2296101000.0,30387000.0,49362500.0,0.0,68.90651196210447,0.0,0.0,1.3061174834897462,0.0,0.0,0.0413150986018682,5.087734549642107,2005-07-28,,bmo,,2025-04-22,2005-06-30,,24.00828125,641357.640625
2005-03-31,VTR,USD,740260,2005-04-29,2005-04-29 13:13:00,2005,Q1,64003000.0,0.0,64003000.0,1.0,0,5020000.0,0.0,5020000.0,0.0,19258000.0,19258000.0,0.0,0.0,12630000.0,23856000.0,0.3727325282,45381000.0,0.7090448885,0.0,27573000.0,0.4308079309,0.0,27573000.0,0.4308079309,0.33,0.32,84657000,85400000,https://www.sec.gov/Archives/edgar/data/740260/000119312505090034/0001193125-05-090034-index.htm,https://www.sec.gov/Archives/edgar/data/740260/000119312505090034/d10q.htm,0.7560272629552193,0.3257025408412771,0.6858853963641518,0.3180599359769422,0.0210142102838513,1.969476830031775,1.969476830031775,1.969476830031775,10.367034031444534,1850602020.0,2726465020.0,16.779113806985094,28.91430120463103,31.87121363988633,68.72918443140459,11.099394350146945,11.099394350146945,42.59901910847929,114.28843980549966,46.95539516059589,101.25770704894896,0.014899475793288,0.0145498598342608,5.26385173634019,0.7474395289380497,36.71457914151576,0.0137906976744186,0.0,2.1058644325971057,0.0148589484410051,0.9972799477749972,0.0784338234145274,0.0,0.0,0.5362783087918712,0.486524069184257,2.4654790182106097,0.0,3.7990697772692856,-0.4686812562611668,0.023482410973277,-11.850921955656354,-127221000.0,166730000.0,-1005689000.0,999837000.0,3225000.0,23366500.0,0.0,4.547599331281345,0.0,0.0,19.79066171923315,0.0,0.0,0.1653751574401727,0.3678254603872096,2005-07-27,0.33,bmo,82500000.0,2025-04-22,2005-03-31,-0.0909090909090909,22.772950819672133,394988.6393442623
2004-12-31,VTR,USD,740260,2005-03-01,2005-03-01 17:19:24,2004,Q4,57259000.0,0.0,57259000.0,1.0,0,5970000.0,0.0,5970000.0,0.0,-31560000.0,-31560000.0,0.0,0.0,19106000.0,107925000.0,1.8848565291,87096000.0,1.5210883879,73934000.0,162753000.0,2.8424003213,74226000.0,46674000.0,0.8151382315,0.55,0.55,84657000,85400000,https://www.sec.gov/Archives/edgar/data/740260/000119312505039956/0001193125-05-039956-index.htm,https://www.sec.gov/Archives/edgar/data/740260/000119312505039956/d10k.htm,0.6763646243074997,0.5513306637371983,0.3000696929964445,-0.208984490355198,0.0397486327179087,1.892625535986392,1.892625535986392,1.892625535986392,9.959932433230566,2031768000.0,2871581000.0,10.882761280370229,35.48381913760282,79.98141951737983,-114.84105810535836,12.680796884361891,12.680796884361891,50.150736128818174,26.607190178364604,113.04101877730976,-162.30957494912954,0.0229721109890499,-0.0087076870981332,5.262495006990214,0.7482046435686175,7.78145008107482,1.2093387096774193,0.0,0.5442644727257145,0.0509515358052691,2.217973604147919,0.10426308527917,0.0,0.0,1.6964531748218714,0.7526327738870745,2.255574165183712,0.0,4.845400508898138,0.8406894940380126,0.0414167631673521,-11.350910143284077,25958000.0,160224000.0,-816753000.0,1097090000.0,3242500.0,22896000.0,0.0,5.0549258631830805,0.0,0.0,17.804415422885572,0.0,0.0,0.29130467345716,0.5090541833516425,2005-02-28,0.31,bmo,61400000.0,2025-04-22,2004-12-31,0.0,23.8909375,359509.796875
2004-09-30,VTR,USD,740260,2004-10-28,2004-10-28 17:13:52,2004,Q3,61608000.0,0.0,61608000.0,1.0,0,3563000.0,0.0,3563000.0,0.0,34941000.0,34941000.0,0.0,0.0,13495000.0,41613000.0,0.6754479938,25297000.0,0.4106122581,-18021000.0,25297000.0,0.4106122581,1451000.0,25297000.0,0.4106122581,0.3,0.3,84073000,84889000,https://www.sec.gov/Archives/edgar/data/740260/000119312504180730/0001193125-04-180730-index.htm,https://www.sec.gov/Archives/edgar/data/740260/000119312504180730/d10q.htm,0.7327917405112224,0.3008932713237305,0.6426557872325241,-2.697655608816148,0.0452582874406765,1.5483329963246226,1.5483329963246226,1.5483329963246226,10.155150880782177,1908457100.0,2758426100.0,18.860508163023283,30.97742338657317,35.3221747177494,-8.414713844797179,14.660928917671098,14.660928917671098,44.77382969744189,66.28760483502751,51.053601702757724,-12.162372574955908,0.0132552101904727,-0.1188394541328699,6.558764106227866,0.7823135672037715,20.425564126595056,0.0355607476635514,0.0,2.026099673754078,0.0143534795725824,1.0828556745859192,0.0578333982599662,0.0,0.0,5.197667962243198,4.558336579664979,20.80992960355687,0.0,3.237648383959917,0.0252998830811408,0.0231796544630707,-11.358167901704473,-103195000.0,130173000.0,-957367000.0,942534000.0,3260000.0,24186000.0,0.0,4.775516166731593,0.0,0.0,18.846130315081066,0.0,0.0,0.19433369439131,3.340311396048672,2004-11-02,0.32,bmo,65386666.0,2025-04-22,2004-09-30,-0.0625,22.63203125,376753.546875
2004-06-30,VTR,USD,740260,2004-07-28,2004-07-28 17:21:05,2004,Q2,59767000.0,0.0,59767000.0,1.0,0,3653000.0,0.0,3653000.0,0.0,34113000.0,34113000.0,0.0,0.0,11508000.0,38069000.0,0.6369568491,25654000.0,0.4292335235,-16701000.0,25654000.0,0.4292335235,907000.0,25654000.0,0.4292335235,0.31,0.3,83820000,84565000,https://www.sec.gov/Archives/edgar/data/740260/000119312504126389/0001193125-04-126389-index.htm,https://www.sec.gov/Archives/edgar/data/740260/000119312504126389/d10q.htm,0.7130398472918158,0.306060606060606,0.3679312813171081,0.3682176091624911,0.1059413027916964,1.5465044142209496,1.5465044142209496,1.5465044142209496,10.160761154855644,1714119000.0,2556914000.0,16.70420792079208,28.680024093563336,55.58103112840466,55.53781104199067,13.223369950936526,13.223369950936526,42.78136764435224,67.165252567706,82.90901426718547,82.84454380508035,0.0149662888049196,0.0180057510592905,6.570146881846514,0.7937303064390314,22.13861672226746,0.0975824175824175,0.0,1.2021517112341156,0.0159218817363321,1.0638496920558198,0.0611206853280238,0.0,0.0,0.0007782101167315,0.0004015593889604,0.0020855057351407,0.0,3.263401869455705,0.0263577202867215,0.0239086004419372,-11.119741708422811,-82120000.0,129628000.0,-934495000.0,938890000.0,3430000.0,20075500.0,0.0,4.895510900664246,0.0,0.0,18.38418948015995,0.0,0.0,0.1979047736600117,0.0002863278453829,2004-07-27,0.3,bmo,59400000.0,2025-04-22,2004-06-30,0.0,20.056129032258063,613153.0
2004-03-31,VTR,USD,740260,2004-04-29,2004-04-29 17:27:54,2004,Q1,54277000.0,0.0,54277000.0,1.0,0,3731000.0,0.0,3731000.0,0.0,15674000.0,15674000.0,0.0,0.0,10231000.0,49732000.0,0.9162628738,39501000.0,0.7277668257,0.0,23275000.0,0.4288188367,0.0,23275000.0,0.4288188367,0.28,0.28,81703000,82760000,https://www.sec.gov/Archives/edgar/data/740260/000119312504074244/0001193125-04-074244-index.htm,https://www.sec.gov/Archives/edgar/data/740260/000119312504074244/d10q.htm,0.6643207715750952,0.2848732604677919,0.4857226784818182,0.485355494902268,0.0210885769188401,1.393987980857496,1.393987980857496,1.393987980857496,9.575682655471647,1966591210.0,2747230210.0,21.12342867883996,36.23249645337804,49.555026080383016,49.59251569789434,17.2670068397531,17.2670068397531,50.61499732851853,55.24069432156358,69.2259092856243,69.27828041861052,0.0118351998532526,0.0201643329830605,6.869272036033821,0.7766774973965546,15.696915466902595,0.0155225225225225,0.0,1.705048335123523,0.0248338341754308,2.098302900107412,0.06873998194447,0.0,0.0,0.0007559531309058,0.0005527203051016,0.0029322646857589,0.0,2.9891424817320518,0.0458629741908292,0.0231058880056863,-10.88082750939378,-109277000.0,113893000.0,-891703000.0,853756000.0,3690500.0,16707500.0,0.0,5.984302743335115,0.0,0.0,15.039346079246329,0.0,0.0,0.2043584768159588,0.0003671835795503,2004-04-29,,bmo,,2025-04-22,2004-03-31,,22.192741935483877,464525.46774193546
2003-12-31,VTR,USD,740260,2004-02-27,2004-02-27 16:14:24,2003,Q4,46817000.0,0.0,46817000.0,1.0,0,3368000.0,0.0,3368000.0,0.0,18524000.0,18524000.0,0.0,80197000.0,9434000.0,37727000.0,0.8058397591,28293000.0,0.6043317598,-14654000.0,13639000.0,0.2913258005,54637000.0,77124000.0,1.6473503215,0.94,0.93,81703000,82760000,https://www.sec.gov/Archives/edgar/data/740260/000119312504031291/0001193125-04-031291-index.htm,https://www.sec.gov/Archives/edgar/data/740260/000119312504031291/d10k.htm,0.5730144547935816,0.9439555463079692,0.361284163372214,0.3644786605143018,1.0049080205133227,0.6892647760792138,0.6892647760792138,0.6892647760792138,8.821695653770364,1574416810.0,2132874810.0,5.1035242272185055,33.62916910523955,53.337516430652485,52.87003626716814,27.957325934475715,27.957325934475715,45.55769933998334,56.53443979113102,72.25675215122976,71.62345310453675,0.0489857574627903,0.0189143051642087,11.37462487791885,0.7880445346619918,14.802608211625628,1.1841896551724138,0.3527937454019477,0.3823178945187027,0.0509686694719678,1.0404793579171203,0.071939680030758,0.0,0.0,0.008842062470357,0.0055748980071341,0.0276658893364426,0.0,3.82613309174297,-0.1210365071024787,0.0948809743495109,-8.220040879771856,21366000.0,56315000.0,-619169000.0,702656000.0,3797000.0,14144500.0,0.0,7.251212166520708,0.0,0.0,12.41171792152704,0.0,0.0,1.3695107875344046,0.0031944971420878,2004-04-28,0.32,bmo,61600000.0,2025-04-22,2003-12-31,-0.1249999999999999,17.191875,320928.71875
2003-09-30,VTR,USD,740260,2003-10-28,2003-10-28 11:48:01,2003,Q3,59779000.0,0.0,59779000.0,1.0,0,3136000.0,0.0,3136000.0,0.0,14099000.0,14099000.0,0.0,0.0,10507000.0,56227000.0,0.9405811405,45720000.0,0.7648170762,8717000.0,30992000.0,0.5184429315,-1220000.0,32212000.0,0.5388514361,0.41,0.4,79389000,80258000,https://www.sec.gov/Archives/edgar/data/740260/000119312503068210/0001193125-03-068210-index.htm,https://www.sec.gov/Archives/edgar/data/740260/000119312503068210/d10q.htm,0.7529884492813866,0.405748907279346,0.4261547569562534,0.4233835921853153,0.1271586743755432,-0.2985930040685737,-0.2985930040685737,-0.2985930040685737,8.557382005063674,1190041110.0,1859308110.0,9.236007621383337,19.9073438833035,35.17501507448569,35.405245448054266,-50.20211390002109,-50.20211390002109,31.103031332073137,33.067887491774414,54.95708530385434,55.31679489468047,0.0270679724669343,0.0282444024139636,-28.659017085003164,0.8772753099173554,11.902946982766286,0.0848319327731092,0.0,1.050291816714268,0.0179287923927266,0.6623618527256923,0.0524598939426889,0.0,0.0,0.0065027193189879,0.0036802221515916,0.020938422004378,0.0059218120075611,,-0.6052625451463164,0.0415960743801652,-9.889827306049956,-108905000.0,-23705000.0,-788010000.0,621798000.0,3812500.0,16833500.0,0.0,5.7541946168386895,0.0,0.0,15.640763997906856,0.0,0.0,-1.3588694368276737,0.002771164770938,2003-10-27,0.25,bmo,32565789.0,2025-04-22,2003-09-30,0.52,14.55015625,352201.890625
2003-06-30,VTR,USD,740260,2003-07-24,2003-07-24 16:47:13,2003,Q2,50185000.0,0.0,50185000.0,1.0,0,3080000.0,0.0,3080000.0,0.0,18433000.0,18433000.0,0.0,0.0,9434000.0,24442000.0,0.4870379595,467000.0,0.0093055694,1922000.0,16129000.0,0.3213908538,32372000.0,16129000.0,0.3213908538,0.2,0.2,78935000,79575000,https://www.sec.gov/Archives/edgar/data/740260/000119312503023482/0001193125-03-023482-index.htm,https://www.sec.gov/Archives/edgar/data/740260/000119312503023482/d10q.htm,0.6357762716158865,0.2043326787863432,0.4835624247798822,0.4836004307341483,0.2919870779755495,-0.5980110217267371,-0.5980110217267371,-0.5980110217267371,9.123456008107937,1047467450.0,1758454450.0,16.235777946555892,20.87212214805221,27.44216531307309,27.44000864485369,-22.190226463858995,-22.190226463858995,35.0394430606755,71.94396735128058,46.0690188629814,46.06539831818301,0.0153980918452406,0.0364431372067933,-15.256334208965342,0.8995231088605824,29.088740692251044,0.0716640625,0.0,2.3665447330894662,0.0202096972082521,1.31248062496125,0.0613729201952774,0.0,0.0,7.859575582918523e-05,5.977881837202351e-05,0.000317998728005,0.0,,0.0053181590876881,0.0201460900672244,-10.412437448533604,-118827000.0,-47204000.0,-838633000.0,624314000.0,3980500.0,18854500.0,0.0,6.820165388064162,0.0,0.0,13.196160925585064,0.0,0.0,-0.34168714515719,3.800595426616837e-05,2003-07-23,0.24,bmo,57600000.0,2025-04-22,2003-06-30,-0.1666666666666666,11.943968253968254,513472.8888888889
2003-03-31,VTR,USD,740260,2003-04-29,2003-04-29 16:39:49,2003,Q1,50423000.0,0.0,50423000.0,1.0,0,3140000.0,0.0,3140000.0,0.0,3990000.0,3990000.0,0.0,0.0,10135000.0,52359000.0,1.0383951768,47390000.0,0.9398488785,0.0,37288000.0,0.7395037979,0.0,37288000.0,0.7395037979,0.47,0.47,78834000,79296000,https://www.sec.gov/Archives/edgar/data/740260/000119312503002445/0001193125-03-002445-index.htm,https://www.sec.gov/Archives/edgar/data/740260/000119312503002445/d10q.htm,0.639609813024837,0.4729938858868001,0.4547022858157648,0.4541822056473095,0.1712078544790319,-0.5424816703452825,-0.5424816703452825,-0.5424816703452825,10.121787553593627,800953440.0,1595811440.0,5.37004827290281,15.884684370227871,22.344290576354407,22.36987683284457,-18.72874339428518,-18.72874339428518,31.64848263689189,30.478264290761857,44.5185359593818,44.56951375506214,0.0465545163274409,0.0447029729967824,-18.65830332507132,0.908719339842887,15.18092400542409,0.0180292397660818,0.0,0.9613280411928772,0.0471213407860511,1.0121754988199958,0.0622731689903417,0.0,0.0,0.0011437817329688,0.0008131209963707,0.0040453872718302,0.0,,-0.526415178174709,0.0424647019567381,-11.470234924017555,-167917000.0,-42766000.0,-917777000.0,650126000.0,4148500.0,8884500.0,0.0,7.421613152727923,0.0,0.0,12.126743626743629,0.0,0.0,-0.8719075901417014,0.0005200801684552,2003-04-29,,bmo,,2025-04-22,2003-03-31,,10.157213114754098,314646.8032786885
2002-12-31,VTR,USD,740260,2003-02-26,2003-02-26 08:51:09,2002,Q4,49835000.0,0.0,49835000.0,1.0,0,2441000.0,0.0,2441000.0,0.0,17136000.0,17136000.0,0.0,86175000.0,10424000.0,43836000.0,0.8796227551,33412000.0,0.6704524932,-19161000.0,13538000.0,0.2716564663,2200000.0,9444000.0,0.1895053677,0.12,0.12,78834000,79296000,https://www.sec.gov/Archives/edgar/data/740260/000093066103000809/0000930661-03-000809-index.htm,https://www.sec.gov/Archives/edgar/data/740260/000093066103000809/d10k.htm,0.6321511023162595,0.1197960270949082,0.2498668087373468,0.2489534972220108,0.2431438211939011,-0.68025217545729,-0.68025217545729,-0.68025217545729,10.070324986680872,790705020.0,1495959020.0,20.931412007623887,15.866459717066318,40.14138592750533,40.28864873127484,-14.744532045424878,-14.744532045424878,30.01824059396007,34.12626653891778,75.94471621484415,76.22332721899521,0.0119437713953049,0.024820887061018,-13.19687843810021,0.7900477795887383,16.088466100921618,0.4829253112033195,0.3877226573832318,1.4481693868548742,0.0633915919744635,5.307502117746718,0.0489816394100531,0.0,0.0,0.0036551934206518,0.0014447677335206,0.0069071373752877,0.0,,-0.296986498750845,0.0105427671973029,-11.760595047822006,-124615000.0,-53627000.0,-833022000.0,704187000.0,2069500.0,0.0,0.0,7.474867061302297,0.0,0.0,12.040347910123218,0.0,0.0,-0.1761053200813023,0.000913311515336,2003-04-29,0.35,bmo,35000000.0,2025-04-22,2002-12-31,0.3428571428571428,10.30296875,536067.765625
2002-09-30,VTR,USD,740260,2002-10-29,2002-10-29 17:16:19,2002,Q3,49079000.0,0.0,49079000.0,1.0,0,2410000.0,0.0,2410000.0,0.0,15527000.0,15527000.0,0.0,0.0,10144000.0,44320000.0,0.9030338841,34176000.0,0.6963467063,-18659000.0,14893000.0,0.3034495405,-2200000.0,17093000.0,0.3482752297,0.25,0.24,69098000,70047000,https://www.sec.gov/Archives/edgar/data/740260/000093066102003647/0000930661-02-003647-index.htm,https://www.sec.gov/Archives/edgar/data/740260/000093066102003647/d10q.htm,0.7102810501027527,0.2473732958985788,0.5821297287909925,0.5806680367014965,0.5531129699846594,-1.818069987553909,-1.818069987553909,-1.818069987553909,11.374048452921937,811210520.0,1593013520.0,11.864659802258236,16.528668473277776,20.167325974542564,20.218092365974627,-6.457397174129353,-6.457397174129353,32.45814951404878,35.943445848375454,39.603558074781226,39.703250504698055,0.0210709792077154,0.049460650485647,-6.25611144278607,0.916804220040292,17.63995938628159,0.0209187817258883,0.0,2.353244018019072,0.0203251802010654,0.9646053940209444,0.049104504981764,0.0,0.0,0.0025109387430389,0.0020579066403145,0.0099566246056782,0.0,,-0.2414037762280019,0.019939503734647,-13.671148224261197,-192879000.0,-125625000.0,-978747000.0,577102000.0,0.0,0.0,0.0,0.0,0.0,0.0,0.0,0.0,0.0,-0.1360636815920398,0.001461692089496,2002-10-29,,bmo,,2025-04-22,2002-09-30,,11.295625,263236.9375
2002-06-30,VTR,USD,740260,2002-07-25,2002-07-25 14:24:09,2002,Q2,51246000.0,0.0,51246000.0,1.0,0,2601000.0,0.0,2601000.0,0.0,16044000.0,16044000.0,0.0,0.0,10842000.0,46307000.0,0.9036217461,41052000.0,0.8010771572,-24666000.0,10536000.0,0.2055965344,-15932000.0,26468000.0,0.5164890918,0.38,0.38,68850000,70002000,https://www.sec.gov/Archives/edgar/data/740260/000093066102002517/0000930661-02-002517-index.htm,https://www.sec.gov/Archives/edgar/data/740260/000093066102002517/d10q.htm,0.744313725490196,0.3844299201161946,0.4689179375453885,0.4680610021786492,0.6690341321713871,-1.3852578068264343,-1.3852578068264343,-1.3852578068264343,11.730762527233116,788332500.0,1592659500.0,7.446090562188302,15.383298208640674,24.41791853802075,24.46262334760752,-8.265609436435124,-8.265609436435124,31.07870858213324,34.3934934243203,49.33125290382531,49.42156954012288,0.0335746655123314,0.0408786901466069,-8.468288335517693,0.9168934313728828,17.369447383764875,0.0198571428571428,0.0,0.9373185460457554,0.0208122841567485,0.619880610548587,0.0507551808921671,0.0,0.0,0.0018274740591606,0.0011513093704874,0.0054418004058291,0.0,,-0.7680698107186535,0.0300476007215601,-13.510254175744372,-164664000.0,-95375000.0,-972908000.0,615676000.0,2254000.0,0.0,0.0,0.0,0.0,0.0,0.0,0.0,0.0,-0.2775150720838794,0.0008569353667392,2002-07-25,,bmo,,2025-04-22,2002-06-30,,11.5478125,167265.515625
2002-03-31,VTR,USD,740260,2002-05-14,2002-05-13 18:35:46,2002,Q1,46739000.0,0.0,46739000.0,1.0,0,2311000.0,0.0,2311000.0,0.0,16292000.0,16292000.0,0.0,0.0,9839000.0,39221000.0,0.8391493186,29382000.0,0.6286398939,-17746000.0,12701000.0,0.2717430839,18795000.0,12701000.0,0.2717430839,0.18,0.18,68698000,69844000,https://www.sec.gov/Archives/edgar/data/740260/000093066102001639/0000930661-02-001639-index.htm,https://www.sec.gov/Archives/edgar/data/740260/000093066102001639/d10q.txt,0.6803545954758509,0.1848816559434044,0.3519461993071123,0.3508399080031442,0.7719584267373141,-1.3721796849981076,-1.3721796849981076,-1.3721796849981076,12.104340737721625,765295720.0,1587558720.0,15.063690260609402,16.373814587389546,31.652565141864507,31.75237407684009,-8.11847028621136,-8.11847028621136,33.966467404095084,40.47726269090538,65.66129208371247,65.86833955688324,0.0165961989177203,0.0314937080792768,-8.82125050389324,0.9326089687225224,20.964865760689428,0.3736363636363636,0.0,2.076434215046376,0.0225141726913094,1.356586095583025,0.0494447891482487,0.0,0.0,0.0031433534618247,0.0016260510494447,0.0077243622319341,0.0,,-0.0189813034468876,0.0142446659608448,-13.530015429852398,-96460000.0,-94266000.0,-928358000.0,698960000.0,4071500.0,0.0,0.0,8.680545155009735,0.0,0.0,10.368012422360248,0.0,0.0,-0.1347357477775656,0.001106291303968,2002-05-13,,bmo,,2025-04-22,2002-03-31,,10.7665,163465.93333333332
2001-12-31,VTR,USD,740260,2002-03-26,2002-03-26 00:00:00,2001,Q4,62305000.0,0.0,62305000.0,1.0,0,0.0,0.0,2504000.0,0.0,15787000.0,15787000.0,0.0,0.0,9895000.0,57489000.0,0.9227028328,48174000.0,0.7731963727,-22431000.0,24087000.0,0.3865981863,330000.0,22725000.0,0.3647379825,0.33,0.33,68698000,69844000,https://www.sec.gov/Archives/edgar/data/740260/000093066102000854/0000930661-02-000854-index.htm,https://www.sec.gov/Archives/edgar/data/740260/000093066102000854/d10k.txt,0.9069405222859472,0.3307956563509854,0.2702989897813619,0.2572418411016332,1.3217269789513524,-1.325715450231448,-1.325715450231448,-1.325715450231448,12.349238696905296,691788860.0,1521560860.0,7.610438503850386,11.103263943503732,37.255041197695085,39.14604232684473,-7.59589850012078,-7.59589850012078,24.421167803547068,26.466991250500097,81.94091550433518,86.10009393390675,0.0328496183069498,0.0255453665443528,-9.315150317324374,0.9007377962094114,14.433578597644766,0.5104594594594595,0.0,0.7629946172494556,0.02189685448245,0.6665786578657866,0.0,0.0,0.0,0.0483063169799127,0.0143969183853623,0.0906518443658413,0.0,,0.06163533271327,0.0241278153099349,-13.674441031762203,-90565000.0,-91074000.0,-938498000.0,715771000.0,3612000.0,0.0,0.0,5.250782441216596,0.0,0.0,17.140302613480056,0.0,0.0,-0.2495223664273008,0.0130571486797286,2002-03-26,,bmo,,2025-04-22,2001-12-31,,10.6890625,153905.859375
2001-09-30,VTR,USD,740260,2001-11-13,2001-11-13 00:00:00,2001,Q3,47296000.0,0.0,47296000.0,1.0,0,2598000.0,0.0,2598000.0,0.0,16146000.0,16146000.0,0.0,0.0,9883000.0,41524000.0,0.8779600812,31641000.0,0.6689994926,-49269000.0,9627000.0,0.2035478687,470000.0,9157000.0,0.1936104533,0.13,0.13,68491000,69584000,https://www.sec.gov/Archives/edgar/data/740260/000093066101502313/0000930661-01-502313-index.htm,https://www.sec.gov/Archives/edgar/data/740260/000093066101502313/d10q.txt,0.6905432830590881,0.1336963980668993,0.2609247930385014,0.2601801696573272,0.3478851235928808,-1.191835423632302,-1.191835423632302,-1.191835423632302,12.41062329357142,668472160.0,1494661160.0,18.25030468494048,14.13379905277402,37.40541435845783,37.51246689113355,-8.189050104128384,-8.189050104128384,31.60227418809201,35.99511511415085,83.63612332829724,83.8754859708193,0.0136984014412806,0.0266578042681687,-10.413034423618768,0.8828748356325731,19.896662171274443,0.1413195876288659,0.0,2.0154505469719184,0.0226606295765555,1.6542535764988533,0.054930649526387,0.0,0.0,0.0028537854624811,0.0010783152909336,0.0051603764039259,0.0,,0.0407494692068981,0.0095109796402508,-14.86170810763458,-166584000.0,-81630000.0,-1016996000.0,650156000.0,3566000.0,0.0,0.0,6.829541610284168,0.0,0.0,13.178044023404848,0.0,0.0,-0.1121768957491118,0.0007446233811741,2001-11-13,,bmo,,2025-04-22,2001-09-30,,9.873898305084746,227697.4915254237
2001-06-30,VTR,USD,740260,2001-08-10,2001-08-10 00:00:00,2001,Q2,47356000.0,0.0,47356000.0,1.0,0,2593000.0,0.0,2593000.0,0.0,16084000.0,16084000.0,0.0,0.0,10089000.0,42218000.0,0.8915026607,32129000.0,0.6784567953,-49910000.0,9315000.0,0.1967015795,1210000.0,8105000.0,0.171150435,0.12,0.12,68409000,69307000,https://www.sec.gov/Archives/edgar/data/740260/000093066101501507/0000930661-01-501507-index.htm,https://www.sec.gov/Archives/edgar/data/740260/000093066101501507/d10q.txt,0.6922480960107589,0.1184785627622096,0.2975485681708547,0.2964668391585902,0.3418263678755719,-1.6133695858732038,-1.6133695858732038,-1.6133695858732038,12.43140522445877,656042310.0,1483078310.0,20.235728254164098,13.853414773207197,32.23003242446573,32.34763128050885,-5.944081309063233,-5.944081309063233,31.31764317087592,35.129051826235255,72.86063915499876,73.12648833883931,0.0123543861065912,0.0309141646672148,-7.705243320135183,0.94372306862583,19.589653702212328,0.166216049382716,0.0,2.511412708204812,0.0230533911753344,1.866008636644047,0.0547554692119266,0.0,0.0,0.003635470400393,0.0015626319790522,0.007334720983249,0.0,,0.0403676220278722,0.0089942328157996,-14.40542545571489,-135073000.0,-110369000.0,-984575000.0,692523000.0,3712500.0,0.0,0.0,6.733465664329758,0.0,0.0,13.366073948631104,0.0,0.0,-0.0734354755411392,0.0010817290122644,2001-08-10,,bmo,,2025-04-22,2001-06-30,,8.107619047619048,274648.8571428572
2001-03-31,VTR,USD,740260,2001-05-14,2001-05-14 00:00:00,2001,Q1,47624000.0,0.0,47624000.0,1.0,0,2549000.0,0.0,2549000.0,0.0,-1799000.0,-1799000.0,0.0,0.0,10498000.0,60324000.0,1.2666722661,49826000.0,1.0462371913,-38169000.0,11254000.0,0.2363094238,675000.0,10579000.0,0.2221358979,0.16,0.15,68222000,68872000,https://www.sec.gov/Archives/edgar/data/740260/000093066101500596/0000930661-01-500596-index.htm,https://www.sec.gov/Archives/edgar/data/740260/000093066101500596/d10q.txt,0.6980739350942511,0.1550672803494474,0.3385711354108645,0.3371786227316701,0.8076280378763449,-1.5523877927941134,-1.5523877927941134,-1.5523877927941134,12.479625340799156,507571680.0,1303858680.0,11.994793458739013,10.657896858726692,21.974702571651225,22.065455810111725,-4.792616918617277,-4.792616918617277,27.378184948765327,21.61426099065049,56.44898605939908,56.68211450680346,0.0208423763910547,0.0453197073564072,-8.038987035795557,0.9069936901359236,13.200169086930575,0.304020618556701,0.0,2.183382172227999,0.0390998961959422,1.875980716513848,0.0535234335629094,0.0,0.0,0.004112910208676,0.0019947925415756,0.0090493427319489,0.0,,0.0666203484197612,0.0112699733351514,-14.461412740758114,-135020000.0,-105907000.0,-985616000.0,703051000.0,3652000.0,0.0,0.0,7.336217033428524,0.0,0.0,12.267903142709944,0.0,0.0,-0.0998895257159583,0.0013925126791943,2001-05-14,,bmo,,2025-04-22,2001-03-31,,6.721451612903226,356480.1129032258
2000-12-31,VTR,USD,740260,2001-04-16,2001-04-16 00:00:00,2000,Q4,62369000.0,0.0,62369000.0,1.0,0,2302000.0,0.0,2302000.0,0.0,-21604000.0,-21604000.0,0.0,0.0,11864000.0,95837000.0,1.5366127403,83973000.0,1.3463900335,-83973000.0,0.0,0.0,168251000.0,-84278000.0,-1.3512802835,-1.24,-1.22,68222000,68872000,https://www.sec.gov/Archives/edgar/data/740260/000095013001500708/0000950130-01-500708-index.htm,https://www.sec.gov/Archives/edgar/data/740260/000095013001500708/d10k.txt,0.9142065609334232,-1.2353493008120549,0.3386444255518747,0.3386444255518747,1.2811263228870453,-1.7225235261352645,-1.7225235261352645,-1.7225235261352645,12.992656327870774,336334460.0,1135318460.0,-0.9976935261871424,5.392654363545993,14.55804267844003,14.55804267844003,-2.8620799223922253,-2.8620799223922253,18.203249370680947,11.846348070160792,49.14160325498853,49.14160325498853,-0.2505779514831754,0.0686905528502788,-7.542803410657454,0.9034189645771012,8.336905370577126,0.4263990610328638,0.0,-0.274128479555756,2.973230872626017e-06,-1.18654927739149e-05,0.0369093620227997,0.0,0.0,0.0,0.0,0.0,0.0,,,-0.0858975992335485,-14.785428454164348,-122177000.0,-117514000.0,-1007836000.0,726368000.0,3404000.0,0.0,0.0,4.938030111112893,0.0,0.0,18.225891291642316,0.0,0.0,0.7171741239341696,0.0,2001-04-16,,bmo,,2025-04-22,2000-12-31,,4.35031746031746,84246.8253968254
2000-09-30,VTR,USD,740260,2000-11-07,2000-11-07 00:00:00,2000,Q3,60879000.0,0.0,60879000.0,1.0,0,2602000.0,0.0,2602000.0,0.0,28637000.0,28637000.0,0.0,0.0,10542000.0,43073000.0,0.7075181918,32531000.0,0.5343550321,0.0,0.0,0.0,23950000.0,8581000.0,0.1409517239,0.13,0.13,68038000,68224000,https://www.sec.gov/Archives/edgar/data/740260/000095013000005810/0000950130-00-005810-index.htm,https://www.sec.gov/Archives/edgar/data/740260/000095013000005810/0000950130-00-005810-0001.txt,0.894779387989065,0.1261206972574149,0.3336370851582939,0.3336370851582939,1.4130044974866989,-0.2011229019077574,-0.2011229019077574,-0.2011229019077574,13.571357182750816,298006440.0,1125236440.0,8.68215942197879,4.895061351204849,13.128037004405286,13.128037004405286,-21.77772873428822,-21.77772873428822,18.483162338408977,26.12393935876303,49.56988722466961,49.56988722466961,0.0287946797391358,0.0761728504927611,-67.47793042969892,0.9179055441070192,19.20530262577485,1.0260206185567011,0.0,2.645379326418832,0.1423962515709392,4.945227828924367,0.0427405180768409,0.0,0.0,0.0,0.0,0.0,0.0,,,0.0085302365622182,-13.535928451747552,2524000.0,-13684000.0,-920111000.0,865633000.0,3428000.0,0.0,0.0,5.005666978761149,0.0,0.0,17.979621972829296,0.0,0.0,-0.6270827243496053,0.0,2000-11-07,,bmo,,2025-04-22,2000-09-30,,4.107460317460317,64897.01587301587
2000-06-30,VTR,USD,740260,2000-08-11,2000-08-11 00:00:00,2000,Q2,59974000.0,0.0,59974000.0,1.0,0,2497000.0,0.0,2497000.0,0.0,28685000.0,28685000.0,0.0,0.0,10544000.0,42145000.0,0.7027211792,31601000.0,0.5269116617,0.0,0.0,0.0,24089000.0,7512000.0,0.1252542769,0.11,0.11,68027000,68101000,https://www.sec.gov/Archives/edgar/data/740260/000094018000000987/0000940180-00-000987-index.htm,https://www.sec.gov/Archives/edgar/data/740260/000094018000000987/0000940180-00-000987-0001.txt,0.8816205330236524,0.1104267423229012,-0.0882149734664177,-0.0882149734664177,1.7000308700956972,0.2918106046128743,0.2918106046128743,0.2918106046128743,13.5735516780102,189795330.0,997515330.0,6.316404752396166,3.1646268382965954,-31.62728378603566,-31.62728378603566,9.560995919601028,9.560995919601028,16.632462900590255,23.66865179736623,-166.2248508581903,-166.2248508581903,0.03957947753509,-0.0316182700596479,46.51493627525062,0.89277613302574,19.16526278324831,1.308989010989011,0.0,-0.7988551650692226,0.0,0.0,0.0416347083736285,0.0,0.0,0.0,0.0,0.0,0.0,0.8514887697205449,,0.007263121866135,-13.173658988342863,28118000.0,19851000.0,-895297000.0,901750000.0,3549500.0,0.0,0.0,5.20725647780705,0.0,0.0,17.2835734870317,0.0,0.0,0.3784192232129363,0.0,2000-08-11,,bmo,,2025-04-22,2000-06-30,,3.278888888888889,54768.77777777778
2000-03-31,VTR,USD,740260,2000-05-09,2000-05-09 00:00:00,2000,Q1,59100000.0,0.0,59100000.0,1.0,0,2288000.0,0.0,2288000.0,0.0,28311000.0,28311000.0,0.0,0.0,10653000.0,41828000.0,0.707749577,31175000.0,0.5274957699,0.0,0.0,0.0,28442000.0,2733000.0,0.0462436548,0.04,0.04,67898000,67912000,https://www.sec.gov/Archives/edgar/data/740260/000094018000000561/0000940180-00-000561-index.html,https://www.sec.gov/Archives/edgar/data/740260/000094018000000561/,0.8704232819817962,0.0402515538012901,0.670653038381101,0.670653038381101,1.7916286193996878,0.1768682435417832,0.1768682435417832,0.1768682435417832,13.599340186750714,196904200.0,998624200.0,18.011727039882913,3.3317123519458547,4.324143534785664,4.324143534785664,16.396386043800483,16.396386043800483,16.897194585448393,23.874538586592717,21.9304330639494,21.9304330639494,0.0138798461383759,0.2312596684072762,76.8896660837705,0.9014730232122216,19.16706512384049,1.4076067415730338,0.0,6.561383285302593,0.0,0.0,0.0387140439932318,0.0,0.0,0.0,0.0,0.0,0.0,0.4002280430765566,,0.0026681948826892,-13.077104627529527,36277000.0,12009000.0,-887002000.0,920434000.0,3620000.0,0.0,0.0,5.526395939086295,0.0,0.0,16.285478093138607,0.0,0.0,0.2275793155133649,0.0,2000-05-09,,bmo,,2025-04-22,2000-03-31,,3.0674603174603177,109536.26984126984
1999-12-31,VTR,USD,740260,2000-03-29,2000-03-29 00:00:00,1999,Q4,59345000.0,0.0,59345000.0,1.0,0,-4533000.0,0.0,-4533000.0,0.0,143557000.0,143557000.0,0.0,0.0,5203000.0,-79009000.0,-1.3313505771,-91712000.0,-1.5454039936,0.0,-84212000.0,-1.4190243491,-73247000.0,-10965000.0,-0.1847670402,-0.16,-0.16,67898000,67912000,https://www.sec.gov/Archives/edgar/data/740260/000094018000000356/0000940180-00-000356-index.html,https://www.sec.gov/Archives/edgar/data/740260/000094018000000356/,0.8740316356888274,-0.1614922383575363,0.3458128369024124,0.3458275648767268,2.05593684644614,0.1229049456537747,0.1229049456537747,0.1229049456537747,20.23987451765884,249185660.0,1483838660.0,-5.681387596899224,4.198932681776055,10.612677172061328,10.612225203355903,29.860474535650088,29.860474535650088,25.003600303311146,-18.78062828285385,63.19585434412266,63.19316298283719,-0.0440033347023259,0.0942309441080999,164.67908927501497,1.2829054172007257,-15.626738725967927,1.6090449438202248,0.0,-2.141358869129047,4.414379222303563e-05,-0.0010031919744642,-0.0763838571067486,0.0,0.0,4.258943781942078e-05,1.6850619260257815e-05,0.0001921968095329,0.0,,-0.008846335450907,-0.0102361932750123,-13.55786252908775,54205000.0,8345000.0,-919649000.0,948996000.0,1805500.0,0.0,0.0,5.476282753391187,0.0,0.0,16.434505677097757,0.0,0.0,-1.3139604553624926,1.4727974314412796e-05,2000-03-29,,bmo,,2025-04-22,1999-12-31,,3.96734375,135452.34375
1999-09-30,VTR,USD,740260,1999-11-15,1999-11-15 00:00:00,1999,Q3,59300000.0,0.0,59300000.0,1.0,0,5200000.0,0.0,5200000.0,0.0,-13800000.0,-13800000.0,0.0,0.0,12400000.0,93000000.0,1.568296796,80600000.0,1.3591905565,-8681000.0,73100000.0,1.2327150084,60100000.0,13027000.0,0.2196795953,0.19,0.19,68421053,68421053,https://www.sec.gov/Archives/edgar/data/740260/000094018099001392/0000940180-99-001392-index.html,https://www.sec.gov/Archives/edgar/data/740260/000094018099001392/,0.8666923030255029,0.1903946143594136,0.4150769208418935,0.4150769208418935,1.753846144402367,0.2791538446507101,0.2791538446507101,0.2791538446507101,14.2514614617229,284631580.48,1139731580.48,5.462339381285023,4.799858018212479,10.022238749295775,10.022238749295775,14.902176988481676,14.902176988481676,19.21975683777403,12.255178284731183,40.13139367887324,40.13139367887324,0.0457679361440898,0.099778105971609,51.05235602094241,0.9269011406844108,9.19462365591398,2.068965517241379,0.0,2.1846153846153844,0.0,0.0,0.087689713322091,0.0,0.0,0.0,0.0,0.0,0.0,1.0935544081034292,0.0147984610052502,0.0123830798479087,-13.342384543541009,62000000.0,19100000.0,-912900000.0,968600000.0,0.0,0.0,0.0,0.0,0.0,0.0,0.0,0.0,0.0,0.6820418848167539,0.0,1999-11-15,,bmo,,2025-04-22,1999-09-30,,3.97625,228715.359375
1999-06-30,VTR,USD,740260,1999-08-16,1999-08-16 00:00:00,1999,Q2,57900000.0,0.0,57900000.0,1.0,0,4600000.0,0.0,4600000.0,0.0,-14500000.0,-14500000.0,0.0,0.0,12400000.0,84800000.0,1.4645941278,72400000.0,1.2504317789,0.0,0.0,0.0,52200000.0,20200000.0,0.3488773748,0.3,0.3,67333333,67333333,https://www.sec.gov/Archives/edgar/data/740260/000093176399002404/0000931763-99-002404-index.html,https://www.sec.gov/Archives/edgar/data/740260/000093176399002404/,0.8599009943559455,0.3000000014851485,0.1886138623198706,0.1856435652754632,1.039603965542594,0.0876237628100186,0.0876237628100186,0.0876237628100186,14.495049576708166,317139998.43,1223139998.43,3.924999980569307,5.477374756994819,24.97165341968504,25.3711998744,53.75254210677966,53.75254210677966,21.1250431507772,14.423820736202831,96.3102360968504,97.8511998744,0.0636942678312417,0.0394147696975505,165.42372881355934,0.9585543115301512,10.683962264150944,1.9444444444444444,0.0,0.6287128712871287,0.0,0.0,0.079447322970639,0.0,0.0,0.0157480314960629,0.003454231433506,0.0161290322580645,0.0,0.7690646279056447,,0.0198389314476527,-13.994554524725515,34000000.0,5900000.0,-942300000.0,951600000.0,0.0,0.0,0.0,0.0,0.0,0.0,0.0,0.0,0.0,3.4237288135593222,0.0029702970444074,1999-08-16,,bmo,,2025-04-22,1999-06-30,,4.240952380952381,424442.4603174603
1999-03-31,VTR,USD,740260,1999-05-17,1999-05-17 00:00:00,1999,Q1,56600000.0,0.0,56600000.0,1.0,0,2600000.0,0.0,2600000.0,0.0,-14400000.0,-14400000.0,0.0,0.0,12800000.0,85100000.0,1.5035335689,72300000.0,1.277385159,0.0,71000000.0,1.2544169611,50700000.0,20300000.0,0.3586572438,0.3,0.3,67666667,67666667,https://www.sec.gov/Archives/edgar/data/740260/000093176399001725/0000931763-99-001725-index.html,https://www.sec.gov/Archives/edgar/data/740260/,0.8364531978499843,0.2999999985221675,0.5763546769637701,0.5748768444587348,0.8571428529204785,-0.2142857132301196,-0.2142857132301196,-0.2142857132301196,14.436945741689922,355250001.75,1274150001.75,4.375000021551724,6.2765017977031805,9.108974403846153,9.132390790488431,-24.500000120689656,-24.500000120689656,22.51148412985866,14.97238544947121,32.670512865384616,32.7544987596401,0.0571428568613652,0.1095003513254732,-67.37241379310345,0.9773886943471736,10.797884841363102,1.5675675675675675,0.0,1.9211822660098523,0.0848304761904761,1.4845333406463053,0.0459363957597173,0.0,0.0,0.0025641025641025,0.0017667844522968,0.0078125,0.0,,0.0217711323231648,0.0203101550775387,-14.128078748137543,21000000.0,-14500000.0,-956000000.0,949500000.0,3500000.0,3500000.0,0.0,0.0,0.0,0.0,0.0,0.0,0.0,-1.4,0.0014778325050353,1999-05-17,,bmo,,2025-04-22,1999-03-31,,7.82016393442623,358217.0327868852
1998-12-31,VTR,USD,740260,1999-03-31,1999-03-31 00:00:00,1998,Q4,56500000.0,0.0,56500000.0,1.0,0,2500000.0,32200000.0,34700000.0,0.0,34700000.0,34700000.0,0.0,0.0,10800000.0,32700000.0,0.5787610619,21800000.0,0.385840708,0.0,21800000.0,0.385840708,8200000.0,13700000.0,0.2424778761,0.2,0.2,67700000,67700000,https://www.sec.gov/Archives/edgar/data/740260/000093176399001033/0000931763-99-001033-index.html,https://www.sec.gov/Archives/edgar/data/740260/,0.8345642540620384,0.2023633677991137,0.5066469719350074,0.5066469719350074,0.0,-0.1329394387001477,-0.1329394387001477,-0.1329394387001477,13.751846381093058,722359000.0,1653359000.0,13.181733576642335,12.785115044247789,21.06002915451895,21.06002915451895,-80.26211111111111,-80.26211111111111,29.26299115044248,50.5614373088685,48.2028862973761,48.2028862973761,0.0189656389689891,0.0474833150829435,-103.44444444444444,0.9697916666666668,28.470948012232416,0.1842105263157894,0.0,2.5036496350364965,0.0,0.0,0.0442477876106194,0.0,0.0,0.0,0.0,0.0,0.0,,0.0143459915611814,0.0142708333333333,-14.235598227474153,-31000000.0,-9000000.0,-962000000.0,908000000.0,4500000.0,3500000.0,0.0,11.150442477876108,0.0,0.0,8.071428571428571,0.0,0.0,-1.522222222222222,0.0,1999-03-31,,bmo,,2025-04-22,1998-12-31,,10.2403125,234999.1875
1998-09-30,VTR,USD,740260,1998-11-13,1998-11-13 00:00:00,1998,Q3,56200000.0,0.0,56200000.0,1.0,0,1900000.0,33400000.0,35300000.0,0.0,35300000.0,35300000.0,0.0,0.0,10800000.0,31600000.0,0.5622775801,20900000.0,0.371886121,0.0,20900000.0,0.371886121,7900000.0,12900000.0,0.2295373665,0.19,0.19,67900000,67900000,https://www.sec.gov/Archives/edgar/data/740260/000093066198002383/0000930661-98-002383-index.html,https://www.sec.gov/Archives/edgar/data/740260/,0.8276877761413843,0.1899852724594992,0.3946980854197349,0.3946980854197349,0.0294550810014727,-0.353460972017673,-0.353460972017673,-0.353460972017673,14.167893961708394,706160000.0,1666160000.0,13.68527131782946,12.565124555160144,26.34925373134329,26.34925373134328,-29.42333333333333,-29.42333333333333,29.64697508896797,52.72658227848101,62.17014925373135,62.17014925373135,0.0182678146595672,0.0379517389826668,-40.083333333333336,1.0020833333333334,30.37974683544304,0.1818181818181818,0.0,2.0775193798449614,0.0,0.0,0.0338078291814946,0.0,0.0,0.0,0.0,0.0,0.0,,0.0136842105263157,0.0134375,-14.440353460972018,-18000000.0,-24000000.0,-980000000.0,924000000.0,1000000.0,500000.0,0.0,3.202846975088968,0.0,0.0,28.1,0.0,0.0,-0.5375,0.0,1998-11-13,,bmo,,2025-04-22,1998-09-30,,10.32515625,430504.78125
