date,symbol,reportedCurrency,cik,fillingDate,acceptedDate,calendarYear,period,revenue,costOfRevenue,grossProfit,grossProfitRatio,researchAndDevelopmentExpenses,generalAndAdministrativeExpenses,sellingAndMarketingExpenses,sellingGeneralAndAdministrativeExpenses,otherExpenses,operatingExpenses,costAndExpenses,interestIncome,interestExpense,depreciationAndAmortization,ebitda,ebitdaratio,operatingIncome,operatingIncomeRatio,totalOtherIncomeExpensesNet,incomeBeforeTax,incomeBeforeTaxRatio,incomeTaxExpense,netIncome,netIncomeRatio,eps,epsdiluted,weightedAverageShsOut,weightedAverageShsOutDil,link,finalLink,revenuePerShare,netIncomePerShare,operatingCashFlowPerShare,freeCashFlowPerShare,cashPerShare,bookValuePerShare,tangibleBookValuePerShare,shareholdersEquityPerShare,interestDebtPerShare,marketCap,enterpriseValue,peRatio,priceToSalesRatio,pocfratio,pfcfRatio,pbRatio,ptbRatio,evToSales,enterpriseValueOverEBITDA,evToOperatingCashFlow,evToFreeCashFlow,earningsYield,freeCashFlowYield,debtToEquity,debtToAssets,netDebtToEBITDA,currentRatio,interestCoverage,incomeQuality,dividendYield,payoutRatio,salesGeneralAndAdministrativeToRevenue,researchAndDdevelopementToRevenue,intangiblesToTotalAssets,capexToOperatingCashFlow,capexToRevenue,capexToDepreciation,stockBasedCompensationToRevenue,grahamNumber,roic,returnOnTangibleAssets,grahamNetNet,workingCapital,tangibleAssetValue,netCurrentAssetValue,investedCapital,averageReceivables,averagePayables,averageInventory,daysSalesOutstanding,daysPayablesOutstanding,daysOfInventoryOnHand,receivablesTurnover,payablesTurnover,inventoryTurnover,roe,capexPerShare,report_date,epsEstimated,time,revenueEstimated,updatedFromDate,fiscalDateEnding,surprise(%),QuarterAvgPrice,QuarterAvgVolume
2024-12-31,VTRS,USD,1792044,2025-04-30,2025-04-30 16:30:42,2024,Q4,3528100000.0,2313100000.0,1215000000.0,0.3443779938,214300000,0.0,0.0,1046700000.0,133800000.0,1394800000.0,4064100000.0,0.0,120200000.0,746200000.0,342200000.0,0.0969927156,-179800000.0,-0.0509622743,-346700000.0,-526500000.0,-0.149230464,-10000000.0,-516500000.0,-0.1463960772,-0.43,-0.43,1193300000,1193300000,https://www.sec.gov/Archives/edgar/data/1792044/000114036125016679/0001140361-25-016679-index.htm,https://www.sec.gov/Archives/edgar/data/1792044/000114036125016679/ny20042022x3_10ka.htm,2.956590966228107,-0.4328333193664627,0.404508505824185,0.2759574289784631,0.9133495349032096,15.616777004944272,-6.342663202882762,15.616777004944272,12.089248303025224,14856585000.0,28427685000.0,-7.190989835430784,4.21093081261869,30.77809198259789,45.11565441846341,0.7972195540768963,0.7972195540768963,8.057505456194553,83.07330508474577,58.89307022995649,86.32761919222594,-0.0347657284631697,0.0221652553396355,0.7676692334522819,0.3447130062239614,39.65838690824079,1.6473509360833305,-1.4958402662229615,-0.9345595353339788,0.0096455544797138,-0.2774443368828654,0.0,0.0607409087044018,0.6314128127341817,0.3177957323389269,0.0434794932116436,0.205574912891986,0.0091550693007567,,-0.0049256893550166,-0.033765452679336,-14.41963462666555,3741300000.0,-7568700000.0,-13344700000.0,29945500000.0,3733450000.0,1298750000.0,3969350000.0,89.84439216575494,52.733128701742245,149.9584972547663,1.001731970471323,1.7067070021397477,0.60016605692639,-0.0277159185425666,0.1285510768457219,2025-02-27,0.61,bmo,3600014022.0,2025-05-11,2024-12-31,-0.1147540983606556,12.29015625,7458715.5
2024-09-30,VTRS,USD,1792044,2024-11-07,2024-11-07 16:11:32,2024,Q3,3738000000.0,2278800000.0,1459200000.0,0.3903691814,198400000,0.0,0.0,1003400000.0,31500000.0,1233300000.0,3512100000.0,0.0,145600000.0,669700000.0,905800000.0,0.2423220974,225900000.0,0.0604333868,-135400000.0,90500000.0,0.0242108079,-4300000.0,94800000.0,0.0253611557,0.0794,0.079,1193500000,1200400000,https://www.sec.gov/Archives/edgar/data/1792044/000179204424000033/0001792044-24-000033-index.htm,https://www.sec.gov/Archives/edgar/data/1792044/000179204424000033/vtrs-20240930.htm,3.131964809384164,0.0794302471721826,0.692501047339757,0.6288227901131127,1.7157100963552576,16.58349392542941,-6.491998324256389,16.58349392542941,14.88479262672811,13856535000.0,29597235000.0,36.54149525316456,3.706938202247191,16.765317604355715,18.46307128580946,0.7000937228431114,0.7000937228431114,7.917933386837881,32.675242879222786,35.81032667876588,39.43668887408394,0.0068415372241328,0.0541621696910519,0.8902103837836746,0.3936935386925443,17.377677191432987,1.505204728182738,1.551510989010989,8.718354430379748,0.0103344739503779,1.510548523206751,0.0,0.0530765115034777,0.6153760214147977,0.0919540229885057,0.0203317281968967,0.1134836493952516,0.0086677367576243,5.444051614670187,0.0061164381338382,0.0055073053126906,-15.008818600754084,3795300000.0,-7748200000.0,-13654000000.0,34012800000.0,3903700000.0,1371200000.0,4013350000.0,94.98154093097912,49.06003159557662,161.31911532385465,0.9475525361859616,1.8344872001288035,0.5579004064045439,0.0047897172652129,0.0636782572266443,2024-11-07,0.677,bmo,3715426285.0,2025-04-25,2024-09-30,0.1078286558345641,11.536875,8735935.96875
2024-06-30,VTRS,USD,1792044,2024-08-08,2024-08-08 16:04:41,2024,Q2,3796600000.0,2303500000.0,1493100000.0,0.3932729284,196300000,0.0,0.0,928900000.0,607800000.0,1733000000.0,4036500000.0,0.0,145800000.0,786300000.0,541300000.0,0.1425749355,-239900000.0,-0.0631881157,-151900000.0,-391800000.0,-0.1031975979,65400000.0,-326400000.0,-0.0859716589,-0.27,-0.27,1191101769,1191100000,https://www.sec.gov/Archives/edgar/data/1792044/000179204424000025/0001792044-24-000025-index.htm,https://www.sec.gov/Archives/edgar/data/1792044/000179204424000025/vtrs-20240630.htm,3.187469029776917,-0.2740320000313928,0.3182767500364614,0.2689106912072767,0.8462752942145954,16.38818823717153,-6.90528736843812,16.38818823717153,14.471559398716668,12613767733.71,28787867733.71,-9.661280433295037,3.322385221964389,33.272929922738065,39.38110438248517,0.6461971175056352,0.6461971175056352,7.582539043804983,53.182833426399405,75.93739840071221,89.87782620577583,-0.025876487255089,0.0253928886881281,0.875578893442623,0.3770416942422236,29.88010345464622,1.529613967726872,-1.6454046639231823,-1.1614583333333333,0.0115350149988218,-0.4457720588235294,0.0,0.0517041563504187,0.6120648577101258,0.1551041941440253,0.0154875414844861,0.0747806180847004,0.0091397566243481,,-0.0069865099603145,-0.018561168261767,-16.735828557064295,4082900000.0,-8224900000.0,-14017900000.0,34763800000.0,3902600000.0,1542100000.0,3882650000.0,91.56218722014434,58.61428261341437,154.02170609941393,0.9829385113268608,1.5354619384082122,0.584333223408843,-0.0167213114754098,0.0493660588291847,2024-08-08,0.678,bmo,3780909000.0,2025-04-25,2024-06-30,0.0176991150442476,11.04888888888889,8138569.603174604
2024-03-31,VTRS,USD,1792044,2024-05-09,2024-05-09 16:03:24,2024,Q1,3663400000.0,2159400000.0,1504000000.0,0.4105475788,199700000,0.0,0.0,1017500000.0,228200000.0,1217200000.0,3376600000.0,0.0,138400000.0,691000000.0,1131600000.0,0.3088933777,203900000.0,0.0556586777,700000.0,204600000.0,0.0558497571,90700000.0,113900000.0,0.0310913359,0.1,0.09,1195200000,1209500000,https://www.sec.gov/Archives/edgar/data/1792044/000179204424000017/0001792044-24-000017-index.htm,https://www.sec.gov/Archives/edgar/data/1792044/000179204424000017/vtrs-20240331.htm,3.065093708165997,0.0952978580990629,0.5142235609103079,0.4717202141900937,0.986194779116466,16.745565595716197,-7.373577643908969,16.745565595716197,15.144410977242302,14270688000.0,31218288000.0,31.32284460052677,3.89547633346072,23.219472827855515,25.311614047534587,0.7130245874199947,0.7130245874199947,8.521670579243326,27.58774125132556,50.79448096322812,55.37120964881163,0.0079813951506752,0.039507555627311,0.8974683101582369,0.3794000046468695,14.976670201484623,1.6654209461462133,1.4732658959537572,5.395961369622476,0.0100065252635331,1.2537313432835822,0.0,0.0545122017797674,0.6088919961895669,0.0826553856166612,0.0138668996014631,0.0735166425470332,0.0127477206966206,5.992150867043072,0.0027308912194901,0.0061512704884832,-17.80628765060241,5163600000.0,-8812900000.0,-14405900000.0,36941100000.0,3991650000.0,1482700000.0,3646450000.0,96.86165856854288,66.01833842734094,159.344262295082,0.9291602201537018,1.3632575757575758,0.5648148148148148,0.0056909309843461,0.0425033467202141,2024-05-09,0.673,bmo,3690962702.0,2025-04-25,2024-03-31,-0.0044576523031203,12.045245901639344,10296057.55737705
2023-12-31,VTRS,USD,1792044,2024-04-26,2024-04-26 16:31:10,2023,Q4,3837300000.0,2240800000.0,1596500000.0,0.4160477419,202800000,0.0,0.0,1605800000.0,873500000.0,1808600000.0,4049400000.0,0.0,140900000.0,644400000.0,-64400000.0,-0.0167826336,-454500000.0,-0.118442655,-400500000.0,-855000000.0,-0.2228129153,-89400000.0,-765600000.0,-0.1995152842,-0.64,-0.64,1200100000,1200100000,https://www.sec.gov/Archives/edgar/data/1792044/000119312524118165/0001193125-24-118165-index.htm,https://www.sec.gov/Archives/edgar/data/1792044/000119312524118165/d758146d10ka.htm,3.1974835430380804,-0.6379468377635197,0.3994667111074077,0.232063994667111,0.9869177568535956,17.054745437880175,-7.150070827431048,17.054745437880175,15.2184817931839,12997083000.0,30127983000.0,-4.244084051724138,3.387038542725354,27.111145181476846,46.66816157989228,0.6350138757243227,0.6350138757243227,7.851349386287233,-467.82582298136646,62.845187734668336,108.17947217235188,-0.0589055251859205,0.0214278850108135,0.8854471012439293,0.3800484423986327,-266.0077639751553,1.6684367526422712,-3.2256919801277504,-0.6261755485893417,0.0110794091258784,-0.1880877742946708,0.0,0.0528496599171292,0.6091621142695368,0.4190654985398415,0.0523545201052823,0.3117628801986344,0.0145414744742397,,-0.0097070739760544,-0.0410789116449271,-17.722189817515208,5198700000.0,-8580800000.0,-14242000000.0,37252100000.0,3889550000.0,1299950000.0,3570800000.0,94.76819638808536,55.48286326312032,139.35781863620136,0.9496856902440232,1.622122484436079,0.6458195233017264,-0.0374058258498881,0.1674027164402966,2024-02-28,0.67,bmo,3869760000.0,2025-04-25,2023-12-31,-0.0895522388059702,9.575396825396826,8961174.746031746
2023-09-30,VTRS,USD,1792044,2023-11-08,2023-11-07 17:47:49,2023,Q3,3941900000.0,2250600000.0,1691300000.0,0.4290570537,211200000,0.0,0.0,1053500000.0,124900000.0,1264700000.0,3515300000.0,0.0,141500000.0,679400000.0,1256300000.0,0.3187041782,451700000.0,0.1145894112,-49500000.0,402200000.0,0.102032015,70600000.0,331600000.0,0.0841218702,0.28,0.27,1199500000,1207600000,https://www.sec.gov/Archives/edgar/data/1792044/000179204423000033/0001792044-23-000033-index.htm,https://www.sec.gov/Archives/edgar/data/1792044/000179204423000033/vtrs-20230930.htm,3.2862859524802,0.276448520216757,0.6868695289704043,0.610254272613589,1.304293455606503,17.395248020008335,-8.914547728220091,17.395248020008335,15.4374322634431,11827070000.0,28893170000.0,8.916669179734619,3.000347548136685,14.354982400776793,16.15719945355191,0.5668214669120466,0.5668214669120466,7.329757223673863,22.99862294038048,35.06878261924991,39.47154371584699,0.0280373752755331,0.0618919140581733,0.8806696188942565,0.3769946617537841,13.58441455066465,1.5996488147497805,3.192226148409894,2.4846200241254524,0.012167003323731,0.433956574185766,0.0,0.0535782236992313,0.6474541776597884,0.1115426629445321,0.0233136304827621,0.1352664115395937,0.010933813643167,10.401924721585544,0.0086015511731839,0.0192970204841713,-18.068090871196333,4098000000.0,-10693000000.0,-16945000000.0,38830900000.0,3672900000.0,1264050000.0,3656700000.0,85.35604657652401,48.72700613169821,146.83684350839775,1.0544068476661763,1.847025030775544,0.6129251885944607,0.0158921861820412,0.0766152563568153,2023-11-07,0.74,amc,3866760000.0,2025-04-25,2023-09-30,0.0540540540540541,10.412698412698411,8392626.825396825
2023-06-30,VTRS,USD,1792044,2023-08-07,2023-08-07 16:18:13,2023,Q2,3918600000.0,2310000000.0,1608600000.0,0.4105037513,208300000,0.0,0.0,1031900000.0,167000000.0,1240200000.0,3550200000.0,0.0,143700000.0,686700000.0,1233500000.0,0.3147807891,369200000.0,0.0942173225,-36200000.0,333000000.0,0.0849793294,69000000.0,264000000.0,0.0673709998,0.22,0.22,1199000000,1203500000,https://www.sec.gov/Archives/edgar/data/1792044/000179204423000024/0001792044-23-000024-index.htm,https://www.sec.gov/Archives/edgar/data/1792044/000179204423000024/vtrs-20230630.htm,3.2682235195996663,0.2201834862385321,0.4379482902418682,0.3552126772310258,0.6722268557130943,17.383903252710592,-9.81951626355296,17.383903252710592,15.63577981651376,11966020000.0,29940420000.0,11.331458333333334,3.0536467105598937,22.78807846124548,28.09584409485795,0.5740943132805266,0.5740943132805266,7.640591027407748,24.27273611674098,57.01851075985527,70.29917821084761,0.0220624735709952,0.0355924526283593,0.8925458060863682,0.3820417618163597,14.571868666396432,1.4988197063061406,2.569241475295755,1.9890151515151515,0.0120257194957053,0.5450757575757575,0.0,0.0531567396519165,0.6698175590201909,0.1889163968767853,0.0253151635788291,0.1444590068443279,0.0100035727045373,9.2801987860628,0.0067124353372647,0.016419646355647,-18.782047539616347,3254200000.0,-11773600000.0,-18073900000.0,39104700000.0,3552400000.0,1633550000.0,3652900000.0,82.85025264124943,51.02337662337662,141.87662337662337,1.086297230615696,1.7638973732437386,0.634353975010298,0.0126659406140102,0.0827356130108423,2023-08-07,0.71,bmo,3865780000.0,2025-04-25,2023-06-30,0.0563380281690141,9.551935483870968,9653948.20967742
2023-03-31,VTRS,USD,1792044,2023-05-08,2023-05-08 16:04:16,2023,Q1,3729100000.0,2186900000.0,1542200000.0,0.4135582312,182900000,0.0,0.0,958900000.0,123300000.0,1141800000.0,3328700000.0,0.0,147000000.0,730000000.0,1255100000.0,0.3365691454,399800000.0,0.1072108552,-77100000.0,322700000.0,0.0865356252,98000000.0,224700000.0,0.0602558258,0.19,0.19,1202500000,1205600000,https://www.sec.gov/Archives/edgar/data/1792044/000179204423000017/0001792044-23-000017-index.htm,https://www.sec.gov/Archives/edgar/data/1792044/000179204423000017/vtrs-20230331.htm,3.101122661122661,0.1868607068607068,0.8076507276507277,0.7390436590436591,0.5655717255717255,17.403659043659044,-10.267692307692307,17.403659043659044,15.734802494802494,11568050000.0,29835550000.0,12.870549621717846,3.1021023839532327,11.911089373970343,13.016822324744007,0.5527573239551029,0.5527573239551029,8.000737443350943,23.77145247390646,30.720294481054367,33.57212782716327,0.0194241899023603,0.0768236651812535,0.8970847528896831,0.3808891016875566,14.554617161979126,1.5766441282886658,2.719727891156462,4.322207387627948,0.0124307899775675,0.6399643969737427,0.0,0.0490466868681451,0.6750794275535502,0.0849464579901153,0.0221233005282776,0.1130136986301369,0.0114236679091469,8.554025408798445,0.0063312209217853,0.0140302458883324,-19.315530145530147,3522200000.0,-12346900000.0,-18732000000.0,40058600000.0,3370650000.0,1557750000.0,3591900000.0,84.41044756107371,80.55923910558325,150.80113402533266,1.066218727662616,1.117190293742018,0.5968124880604754,0.0107368632304244,0.0686070686070686,2023-05-08,0.69,bmo,3808110000.0,2025-04-25,2023-03-31,0.1304347826086958,11.09016129032258,9401858.58064516
2022-12-31,VTRS,USD,1792044,2023-04-28,2023-04-28 16:35:22,2022,Q4,3876000000.0,2286300000.0,1589700000.0,0.4101393189,219400000,0.0,0.0,913400000.0,658200000.0,1791000000.0,4077300000.0,0.0,147100000.0,696300000.0,1190300000.0,0.3070949432,-201300000.0,-0.0519349845,1670200000.0,1468900000.0,0.3789731682,457700000.0,1011200000.0,0.2608875129,0.83,0.83,1220934584,1221400000,https://www.sec.gov/Archives/edgar/data/1792044/000119312523127172/0001193125-23-127172-index.htm,https://www.sec.gov/Archives/edgar/data/1792044/000119312523127172/d487324d10ka.htm,3.1746172569717297,0.8282180005804471,0.1167957742116018,-0.0090913961693462,1.2060433206632797,17.259155630568983,-9.7962660381156,17.259155630568983,15.899950951016717,13589001919.92,31594801919.92,3.3596227056764243,3.505934447863777,95.29454361795231,-1224.2344072,0.6448751166184993,0.6448751166184993,8.151393684189886,26.543562059917665,221.5624258058906,-2846.378551344144,0.0744131177520617,-0.0008168370322862,0.9142665964322833,0.3851429965095497,15.127110812400236,1.5765023272360736,-1.3684568320870156,0.1410205696202531,0.0107071881259147,0.1438884493670886,0.0,0.0566047471620227,0.6603647980296748,1.0778401122019636,0.0396542827657378,0.2207381875628321,0.0076625386996904,17.933843028789834,-0.0031065948304603,0.0595198154132306,-19.071292029188683,3889200000.0,-11960600000.0,-18314500000.0,40205900000.0,3036800000.0,1027950000.0,3449950000.0,75.32043343653251,45.58456895420549,138.54481039233698,1.1948948763795548,1.9743523316062177,0.6496093195056116,0.0479871679883069,0.1258871703809481,2023-02-27,0.72,bmo,3990452700.0,2025-04-25,2022-12-31,-0.0694444444444443,10.45,9235999.904761905
2022-09-30,VTRS,USD,1792044,2022-11-07,2022-11-07 16:06:44,2022,Q3,4078200000.0,2236000000.0,1842200000.0,0.4517188956,174900000,0.0,0.0,914500000.0,192700000.0,1282100000.0,3518100000.0,0.0,153200000.0,699500000.0,1452300000.0,0.356112991,560100000.0,0.1373400029,-132600000.0,427500000.0,0.1048256584,73200000.0,354300000.0,0.0868765632,0.29,0.29,1221724137,1218100000,https://www.sec.gov/Archives/edgar/data/1792044/000179204422000036/0001792044-22-000036-index.htm,https://www.sec.gov/Archives/edgar/data/1792044/000179204422000036/vtrs-20220930.htm,3.338069435227996,0.2900000002209991,0.7112898678861086,0.6262461195853414,0.5901495911920417,15.701007632625664,-11.365577203129286,15.701007632625664,16.479252058846736,10409089647.24,29742289647.24,7.344827580609652,2.5523735096954536,11.978238949643266,13.604874718651155,0.5426403323501352,0.5426403323501352,7.292994371840518,20.47943926684569,34.22587991627157,38.8737284632597,0.0340375587113848,0.0735030656790306,1.0415799982275329,0.4105801991673277,13.31212559388556,1.6082129604072746,3.656005221932115,2.4527236804967543,0.0139781676333799,0.4106689246401355,0.0,0.0428865676033544,0.6795341802534184,0.1195627157652474,0.0254769260948457,0.1485346676197284,0.0071355009563042,10.121713040832338,0.0106756196361405,0.0227192571835303,-20.419298632552103,3966400000.0,-13885600000.0,-18992500000.0,40337500000.0,3006350000.0,1037150000.0,3496450000.0,62.449610122112695,36.14087656529517,136.06261180679786,1.4411619195702876,2.490255039536697,0.6614601822269554,0.0184701521715331,0.0850437483007671,2022-11-07,0.82,bmo,4135717249.0,2025-04-25,2022-09-30,0.048780487804878,9.84296875,11336000.375
2022-06-30,VTRS,USD,1792044,2022-08-08,2022-08-08 16:17:22,2022,Q2,4116800000.0,2350500000.0,1766300000.0,0.4290468325,162600000,0.0,0.0,857500000.0,197500000.0,1217600000.0,3568100000.0,0.0,145900000.0,722300000.0,1469100000.0,0.3568548387,548700000.0,0.1332831325,-159400000.0,389300000.0,0.0945637388,75400000.0,313900000.0,0.0762485426,0.26,0.26,1212301441,1217100000,https://www.sec.gov/Archives/edgar/data/1792044/000179204422000028/0001792044-22-000028-index.htm,https://www.sec.gov/Archives/edgar/data/1792044/000179204422000028/vtrs-20220630.htm,3.395855074299132,0.258929000151209,0.6619640733397429,0.592756863678429,0.6119765059324053,16.337025866819868,-12.223609985793956,16.337025866819868,17.430153330981646,12692796087.27,33012796087.27,10.108948779284804,3.083170444828508,15.816568333046728,17.663228621305315,0.6408755232042777,0.6408755232042777,8.019042967175961,22.47144243909196,41.13744060719003,45.94043429901197,0.0247305635292463,0.0566147911822759,1.059544366687873,0.4104578768550086,13.831597576747669,1.4550460865489767,3.7607950651130913,2.556546670914304,0.0114631952644324,0.4635234151003504,0.0,0.0394966964632724,0.6772426850998824,0.1045482866043613,0.0203799067236688,0.1161567215838294,0.0071414691022153,9.755917173472334,0.0097653988479508,0.0190230895097266,-21.76387333024708,3495300000.0,-14818700000.0,-20143200000.0,41478400000.0,3369900000.0,1141300000.0,3704900000.0,69.58341430237077,45.04403318442884,138.3216336949585,1.2934116686041033,1.998044882692961,0.6506574394463668,0.0158492128409423,0.0692072096613139,2022-08-08,0.81,bmo,4184864749.0,2025-04-25,2022-06-30,0.0864197530864196,10.962580645161289,11588096.306451611
2022-03-31,VTRS,USD,1792044,2022-05-09,2022-05-09 16:06:16,2022,Q1,4191700000.0,2357400000.0,1834300000.0,0.4376028819,142300000,0.0,0.0,828500000.0,156100000.0,1126900000.0,3484300000.0,0.0,146200000.0,736000000.0,1599800000.0,0.3816589928,707400000.0,0.1687620774,-179900000.0,527500000.0,0.1258439297,128300000.0,399200000.0,0.0952358232,0.33,0.33,1210500301,1213100000,https://www.sec.gov/Archives/edgar/data/1792044/000179204422000017/0001792044-22-000017-index.htm,https://www.sec.gov/Archives/edgar/data/1792044/000179204422000017/vtrs-20220331.htm,3.462783112517376,0.3297810001948938,0.9405202122291748,0.8872364584401702,0.6914496421921996,16.891941276766357,-13.038328025991955,16.891941276766357,18.30606731918524,13170243274.88,34431143274.880005,8.24789784248497,3.1419813619486128,11.568066117593323,12.262796345325883,0.6440941169363792,0.6440941169363792,8.214123929403346,21.52215481615202,30.242550087729477,32.0587926209311,0.0303107536943836,0.0815474686066332,1.0765660685553875,0.41171827803744,13.289723715464431,1.2179219944207655,4.838577291381669,2.851953907815631,0.0110172604234846,0.3634769539078156,0.0,0.0339480401746308,0.6776267185866396,0.0566534914361001,0.0153875515900469,0.0876358695652173,0.0067514373643151,11.195509323537808,0.0113505275659158,0.0231604230606336,-22.81360440570431,2101400000.0,-15782900000.0,-21274900000.0,41763900000.0,3665650000.0,1381800000.0,3887500000.0,76.37020779158813,42.2321201323492,144.97200305421228,1.1784700160251904,2.13107937081902,0.6208095225554999,0.0195229781344601,0.0532837537890046,2022-05-09,0.81,bmo,4231944274.0,2025-04-25,2022-03-31,0.1481481481481481,13.175483870967742,13439468.29032258
2021-12-31,VTRS,USD,1792044,2022-04-29,2022-04-29 17:04:22,2021,Q4,4341600000.0,2475400000.0,1866200000.0,0.4298415331,286600000,0.0,0.0,979900000.0,677300000.0,1943800000.0,4419200000.0,0.0,148200000.0,647000000.0,693000000.0,0.1596185738,-77600000.0,-0.017873595,-126300000.0,-203900000.0,-0.0469642528,59900000.0,-263800000.0,-0.0607610098,-0.22,-0.22,1198938316,1209400000,https://www.sec.gov/Archives/edgar/data/1792044/000119312522134158/0001193125-22-134158-index.htm,https://www.sec.gov/Archives/edgar/data/1792044/000119312522134158/d307200d10ka.htm,3.6212038117897634,-0.2200280001727795,0.4363026796451136,0.2716570115855735,0.6592499292515729,17.09237224844852,-14.80910215567754,17.09237224844852,19.365967114525013,16221635415.48,38590835415.48,-15.373043418764214,3.736326565201769,31.01058194509654,49.805451076082285,0.7915811686834823,0.7915811686834823,8.888620650331674,55.68663119116883,73.77334241154654,118.48583179453485,-0.0162622320896363,0.0200781235466055,1.1257862555934552,0.4206641528149547,32.27878787878788,1.1030411557605924,-0.5236167341430499,-1.9829416224412435,0.0081989267169129,-0.5041698256254739,0.0,0.0660125299428782,0.6974096873244984,0.3773657044542152,0.0454671088999447,0.3051004636785162,0.0051824212271973,,-0.0020743798355292,-0.0158964501141917,-23.97124991040824,1018500000.0,-17755200000.0,-23447200000.0,42745800000.0,3807950000.0,1497200000.0,4029800000.0,78.24212271973467,60.259352023915326,144.62026339177507,1.1502755404832556,1.493544105225051,0.6223194308268597,-0.0128728766829163,0.1646456680595401,2022-02-28,0.82,bmo,4346073407.0,2025-04-25,2021-12-31,-0.0243902439024389,13.35359375,9534345.328125
2021-09-30,VTRS,USD,1792044,2021-11-08,2021-11-08 16:02:54,2021,Q3,4536600000.0,2495500000.0,2041100000.0,0.4499184411,152100000,0.0,0.0,1008100000.0,523300000.0,1683500000.0,4179000000.0,0.0,151900000.0,855565811.0,1740165811.0,0.3835836995,357600000.0,0.0788255522,-157700000.0,199900000.0,0.0440638364,111600000.0,311500000.0,0.068663757,0.26,0.26,1209300158,1212600000,https://www.sec.gov/Archives/edgar/data/1792044/000179204421000035/0001792044-21-000035-index.htm,https://www.sec.gov/Archives/edgar/data/1792044/000179204421000035/vtrs-20210930.htm,3.751425954911684,0.2575870001664219,0.8977093013825604,0.79765142972883,0.6981724052664847,17.482260181760434,-14.897211317489962,17.482260181760434,19.510540740374235,16386017140.900002,39071617140.9,13.1508965817817,3.6119598688224666,15.093973047991897,16.987370040327598,0.7750714071935028,0.7750714071935028,8.612532985253274,22.4528127687138,35.99080429338615,40.50551227545097,0.019010110713389,0.0588672641866295,1.1088343668553968,0.4180851215614656,13.03645885731058,1.1192113936202852,2.354180381830151,3.4850722311396467,0.0081166764843683,0.4269662921348314,0.0,0.0335273112022219,0.6983452944869307,0.1114591009579955,0.0266719569721818,-0.6998264893001735,0.0055107349116078,10.06588627582502,0.003181887176917,0.0184168051129544,-24.115373513413537,1204500000.0,-18015200000.0,-23620700000.0,43780900000.0,3860950000.0,1568600000.0,4284750000.0,76.21015738658907,48.21879382889201,147.21338409136447,1.1809449433814916,1.8664921465968587,0.6113574560866263,0.0147341932615307,0.1000578716537304,2021-11-08,0.86,bmo,4391210000.0,2025-04-25,2021-09-30,0.1511627906976744,14.18859375,7228046.484375
2021-06-30,VTRS,USD,1792044,2021-08-09,2021-08-09 16:11:27,2021,Q2,4577800000.0,2593700000.0,1984100000.0,0.4334177989,147700000,0.0,0.0,1147200000.0,737000000.0,2031900000.0,4625600000.0,0.0,167100000.0,1317100000.0,1264100000.0,0.276137009,-47800000.0,-0.0104416969,-171300000.0,-219100000.0,-0.0478614181,60100000.0,-279200000.0,-0.0609899952,-0.23,-0.23,1208804530,1208800000,https://www.sec.gov/Archives/edgar/data/1792044/000179204421000026/0001792044-21-000026-index.htm,https://www.sec.gov/Archives/edgar/data/1792044/000179204421000026/vtrs-20210630.htm,3.78704735661439,-0.2309720000801122,0.4627712637708265,0.3888966233440571,0.6303748712788163,17.543696663678123,-15.426149999619872,17.543696663678123,20.29525815890184,17273816733.7,40965816733.7,-15.46724277731017,3.77338825062257,30.8791861524848,36.74498347947245,0.8145375671927532,0.8145375671927532,8.948800020468347,32.40710128447116,73.23170671022524,87.14277118421612,-0.0161631910482933,0.0272145992543077,1.148960951388463,0.4202169215353864,18.74218811802864,1.1596036555277027,-0.2860562537402752,-2.003581661891117,0.0076995143603976,-0.4763610315186246,0.0,0.0322644064834636,0.6873280778696229,0.1596353235609581,0.0195071868583162,0.0678004707311517,0.0067718117873214,,-0.0011852860154182,-0.0153998896856039,-25.53026501315312,1617200000.0,-18647200000.0,-25027400000.0,44943300000.0,3885000000.0,1921700000.0,4714900000.0,76.28904714054785,62.46597524771562,155.71731503257894,1.179723739820637,1.440784357293634,0.5779704073446831,-0.0131655263145485,0.0738746404267694,2021-08-09,0.88,bmo,4378430000.0,2025-04-25,2021-06-30,0.1136363636363636,14.467936507936509,8843588.746031746
2021-03-31,VTRS,USD,1792044,2021-05-10,2021-05-10 16:17:59,2021,Q1,4430300000.0,2569600000.0,1860700000.0,0.4199941313,184100000,0.0,0.0,972400000.0,970400000.0,2126900000.0,4696500000.0,0.0,169000000.0,1422500000.0,1149100000.0,0.2593729544,-266200000.0,-0.0600862244,-175100000.0,-441300000.0,-0.0996095073,596300000.0,-1037600000.0,-0.2342053583,-0.86,-0.86,1206511626,1207500000,https://www.sec.gov/Archives/edgar/data/1792044/000179204421000018/0001792044-21-000018-index.htm,https://www.sec.gov/Archives/edgar/data/1792044/000179204421000018/vtrs-20210331.htm,3.671991139188575,-0.8600000005304549,0.7035158068174305,0.6624884358967628,0.7395701630810477,17.749269496057057,-15.73312647051111,17.749269496057057,20.359024704499618,16854967415.22,40442467415.22,-4.061046509123021,3.8044754114213486,19.85740741661169,21.08716053449268,0.7870746456975816,0.7870746456975816,9.128606960074938,35.19490680986859,47.646639273350615,50.59735695636182,-0.0615604867953081,0.0474222216103624,1.1391427383993238,0.4136102219087407,20.52693412235663,1.234553672542869,-1.5751479289940828,-0.8180416353296469,0.0,0.0,0.0,0.0415547479854637,0.6849346888394553,0.0583176248821866,0.0111730582579057,0.0347978910369068,0.0073809900006771,,-0.0121805257872364,-0.0558380824225203,-25.92921553828442,2340400000.0,-18982200000.0,-25246000000.0,46295600000.0,3890450000.0,1838750000.0,5207050000.0,79.01586799990972,71.56288916562889,173.10009339975093,1.139011723570547,1.2576350822239624,0.5199303953704828,-0.0484526983333878,0.0410273709206677,2021-05-10,0.79,bmo,3765755000.0,2025-04-25,2021-03-31,0.1645569620253164,16.297704918032785,11448303.049180329
2020-12-31,VTRS,USD,1792044,2021-03-01,2021-03-01 17:31:58,2020,Q4,3623500000.0,2469900000.0,1153600000.0,0.3183662205,192200000,0.0,0.0,1536400000.0,306100000.0,2034700000.0,4504600000.0,0.0,144400000.0,632500000.0,84000000.0,0.0231820063,-881100000.0,-0.243162688,-132400000.0,-1013500000.0,-0.2797019456,97700000.0,-915800000.0,-0.2527390644,-1.07,-1.07,854400235,854400000,https://www.sec.gov/Archives/edgar/data/1792044/000179204421000009/0001792044-21-000009-index.htm,https://www.sec.gov/Archives/edgar/data/1792044/000179204421000009/vtrs-20201231.htm,4.240986661245476,-1.0718630010676438,0.0423689022042462,-0.0944522212122284,1.0876635585195034,26.865746355980345,-22.326889926475733,26.865746355980345,30.34971075353227,16011460403.899998,40953460403.9,-4.370894410324306,4.418783056133572,442.305536019337,-198.40719211771992,0.6975425045590983,0.6975425045590983,11.302183083731196,487.5411952845237,1131.311060881215,-507.4778240879801,-0.0571965315404292,-0.0050401398725842,1.1233897212262731,0.4189300277809367,296.92857142857144,1.2181787198591296,-6.101800554016621,-0.0395282812841231,0.0,0.0,0.0,0.0530426383331033,0.6828294315467971,3.229281767955801,0.0322616255002069,0.1848221343873518,0.0081137022216089,,-0.0177449168609037,-0.0469092548200053,-37.47093421621074,2304600000.0,-19076100000.0,-25731400000.0,48118300000.0,3239550000.0,1439200000.0,4246950000.0,96.65157996412309,59.55180371674967,199.3890440908539,0.9311798113740908,1.5112892369821942,0.4513788629178165,-0.0398970118628044,0.1368211234164747,2021-03-01,1.24,bmo,,2025-04-25,2020-12-31,-0.2419354838709677,16.310625,11919693.734375
2020-09-27,VTRS,USD,1792044,2020-11-10,2020-11-10 17:07:37,2020,Q3,2972100000.0,1711900000.0,1260200000.0,0.4240099593,129800000,0.0,0.0,588000000.0,191000000.0,908800000.0,2620700000.0,0.0,117300000.0,432300000.0,978400000.0,0.3291948454,351400000.0,0.1182328993,-109800000.0,241600000.0,0.081289324,55900000.0,185700000.0,0.062481074,0.36,0.36,516900157,517700000,https://www.sec.gov/Archives/edgar/data/1792044/000119312520290294/0001193125-20-290294-index.htm,https://www.sec.gov/Archives/edgar/data/1792044/000119312520290294/d939086d10q.htm,5.749853157812061,0.3592570005739038,1.0156700339326843,0.941767947654154,1.440316838595969,24.27528765482654,-15.931896882747512,24.27528765482654,23.99244773299614,7567418298.48,19187318298.48,10.187692916639742,2.546151979570001,14.41413009234286,15.545230687099426,0.6030824519226325,0.6030824519226325,6.455811816049258,19.6109140417825,36.54727294948571,39.41519781939195,0.024539412607507,0.0643284117250105,0.9790004701982004,0.3931876158255742,11.876430907604252,1.008150754597685,2.9957374254049447,2.827140549273021,0.0,0.0,0.0,0.0436728239292083,0.6652060775019124,0.0727619047619047,0.0128528649776252,0.0883645616470043,0.0050805827529356,14.007998008144783,0.0099229995074796,0.0177533460803059,-28.04961423139982,59300000.0,-8235200000.0,-11360500000.0,23128600000.0,2514300000.0,1166700000.0,2903850000.0,78.36277379630565,65.40627373094223,158.87610257608503,1.1485045212149316,1.3760147898078932,0.5664791528788882,0.0147992891240765,0.0739020862785305,2020-11-06,1.16,bmo,2616464102.0,2025-04-25,2020-09-27,0.1293103448275863,15.9665625,4972548.328125
2020-06-28,VTRS,USD,1792044,2020-08-12,2020-08-11 21:40:16,2020,Q2,2731200000.0,1600600000.0,1130600000.0,0.4139572349,156300000,0.0,0.0,588900000.0,251200000.0,996400000.0,2597000000.0,0.0,116200000.0,415700000.0,841500000.0,0.3081063269,134200000.0,0.0491359106,-114200000.0,20000000.0,0.0073227885,19400000.0,39400000.0,0.0144258934,0.0762,0.0762,516904346,517200000,https://www.sec.gov/Archives/edgar/data/1792044/000119312520216755/0001193125-20-216755-index.htm,https://www.sec.gov/Archives/edgar/data/1792044/000119312520216755/d48787d10q.htm,5.28376288792124,0.0762230000674051,0.7341783889741178,0.6480889599639775,0.7761590768285008,22.724126989638428,-16.894808619001243,22.724126989638428,23.708448371219536,8265300492.54,20080500492.54,52.44480007956853,3.026252377174868,21.77944793818182,24.67253878370149,0.7036573949481534,0.7036573949481534,7.352262921990334,23.86274568335116,52.91304477612648,59.94179251504478,0.0047669168272298,0.0405308918051268,1.0334235752839216,0.4025415016879232,14.040641711229949,0.9273162824724226,1.1549053270223752,9.631979695431472,0.0,0.0,0.0,0.0572275922671353,0.6791221472771046,0.1172595520421607,0.0162932044522554,0.1070483521770507,0.0056019332161687,6.242777866776614,0.0001525190637466,0.0040718463859779,-28.60210039712067,-506700000.0,-8733000000.0,-11944600000.0,22240200000.0,2435000000.0,1109450000.0,2712650000.0,80.43057996485061,61.25015619142822,156.63688616768712,1.1189773844641102,1.4693840080785825,0.5745773055246437,0.003354276276583,0.0860894290101403,2020-08-06,0.98,bmo,2368897959.0,2025-04-25,2020-06-28,0.1326530612244899,16.209047619047617,6650690.73015873
2020-03-29,VTRS,USD,1792044,2020-05-12,2020-05-12 16:35:26,2020,Q1,2619200000.0,1591300000.0,1027900000.0,0.3924480757,114200000,0.0,0.0,586400000.0,142600000.0,843200000.0,2434500000.0,0.0,119900000.0,415000000.0,744000000.0,0.2840562004,184700000.0,0.0705177153,-154000000.0,30700000.0,0.0117211362,9900000.0,20800000.0,0.0079413561,0.0403,0.04,520000000,517000000,https://www.sec.gov/Archives/edgar/data/1792044/000119312520140498/0001193125-20-140498-index.htm,https://www.sec.gov/Archives/edgar/data/1792044/000119312520140498/d792614d10q.htm,5.036923076923077,0.04,0.5598076923076923,0.4763461538461538,1.2344230769230768,21.65903846153846,-17.52096153846154,21.65903846153846,24.52230769230769,7836400000.0,19895700000.0,94.1875,2.991905925473427,26.91995877705256,31.63665724666936,0.6957834267094036,0.6957834267094036,7.596098045204642,26.74153225806452,68.34661628306424,80.32176019378281,0.0026542800265428,0.0316089020468582,1.1215516705585695,0.4190188383826656,16.208736559139783,1.262480394782143,1.5404503753127607,13.995192307692308,0.0,0.0,0.0,0.0436010995723885,0.6758331978809722,0.1490896599106836,0.0165699450213805,0.104578313253012,0.0074068417837507,4.415103012998068,0.0047361399061764,0.0021284651514996,-29.037692307692307,1372300000.0,-9110900000.0,-12282700000.0,24049300000.0,2534650000.0,1202250000.0,2655250000.0,83.47128894318875,63.88738767045811,149.28926035317036,1.0782150502222954,1.4087287535410764,0.6028564934080921,0.0018468040523142,0.0834615384615384,2020-05-11,0.86,bmo,2497376744.0,2025-04-25,2020-03-29,0.0465116279069767,19.15661290322581,7645809.048387097
2019-12-31,VTRS,USD,1792044,2020-05-07,2020-05-07 13:42:06,2019,Q4,3191800000.0,1865100000.0,1326700000.0,0.4156588759,260600000,0.0,0.0,681000000.0,112800000.0,1054400000.0,2919500000.0,0.0,126000000.0,438900000.0,953400000.0,0.2987029262,272300000.0,0.0853123629,-137100000.0,135200000.0,0.0423585438,114700000.0,20500000.0,0.0064227082,0.0397,0.0397,516112789,516600000,https://www.sec.gov/Archives/edgar/data/1792044/000119312520136001/0001193125-20-136001-index.htm,https://www.sec.gov/Archives/edgar/data/1792044/000119312520136001/d792786d10k.htm,6.18430712826223,0.0397200000405337,1.3305231233090022,1.187918635358598,1.048995513265609,23.02558714544855,-18.129176798988407,23.02558714544855,24.79671163506084,10373867058.900002,22570167058.9,126.5105738890244,3.2501619960210544,15.106840044997815,16.920350772957107,0.8729419090610748,0.8729419090610748,7.071297405507864,23.67334493276694,32.8675798149119,36.813190440221824,0.0019761194050016,0.0591004296198307,1.066317171275181,0.4054294444177824,12.79242710299979,1.2133558384658203,2.161111111111111,33.49756097560976,0.0,0.0,0.0,0.0816467197192806,0.6795763945545584,0.1071792631425659,0.0230590889153455,0.1676919571656413,0.0034150009399085,4.536294440717769,0.0015167902264077,0.0020469296055916,-30.06082261604256,1188200000.0,-9356700000.0,-12614400000.0,24832900000.0,2593350000.0,1255650000.0,2717200000.0,74.44357415878187,61.52002573588547,128.88370596750846,1.2089693572213174,1.4629382696682092,0.698303942491295,0.0017250374459348,0.1426044879504042,2020-02-27,1.28,bmo,2892568750.0,2025-04-25,2019-12-31,0.0937499999999999,18.6084375,6230250.765625
2019-09-29,VTRS,USD,1792044,2019-09-29,2019-09-28 20:00:00,2019,Q3,2961700000.0,1804300000.0,1157400000.0,0.3907890738,167900000,0.0,0.0,582100000.0,83700000.0,833700000.0,2638000000.0,0.0,128900000.0,467800000.0,915500000.0,0.3091130094,323700000.0,0.1092953371,-137900000.0,185800000.0,0.0627342405,4000000.0,189800000.0,0.0640848162,0.37,0.37,516000641,516200000,,,5.739721552012568,0.3678290004294781,0.9453476628530002,0.8631772222934119,0.8186036342540125,22.21586387525437,-18.89144940035065,22.21586387525437,25.47264277526353,10206492678.98,22862592678.980003,13.44374694280822,3.446160204943108,20.923519227101277,22.91534054553211,0.8903547533000682,0.8903547533000682,7.719415429982781,24.97279375093392,46.8687836797458,51.330473010731936,0.0185960060884468,0.0436388888924879,1.1353525132159743,0.419115397620236,13.82424904423812,1.4305920344456404,2.511249030256012,2.570073761854584,0.0,0.0,0.0,0.0566904142890907,0.6830598805287649,0.086920869208692,0.0143161022385791,0.0906370243693886,0.0054360671236114,13.559567749951464,0.0117136924769661,0.0192845022911776,-30.76740363971757,2000100000.0,-9748000000.0,-12945000000.0,25594300000.0,2411600000.0,1195950000.0,2769850000.0,77.38596076577642,61.67267084187774,137.8457019342681,1.163001649257834,1.4593173730184406,0.6529039261805681,0.0165570424132456,0.0821704405595883,2019-11-05,1.13,bmo,2856861061.0,2025-04-25,2019-09-29,0.0353982300884956,19.6075,7138137.796875
2019-06-29,VTRS,USD,1792044,2019-06-29,2019-06-28 20:00:00,2019,Q2,2851500000.0,1718500000.0,1133000000.0,0.3973347361,147600000,0.0,0.0,657800000.0,232100000.0,1037500000.0,2756000000.0,0.0,131200000.0,461000000.0,815700000.0,0.2860599684,95500000.0,0.033491145,-147600000.0,-52100000.0,-0.0182710854,116400000.0,-168500000.0,-0.0590917061,-0.33,-0.33,510606060,515500000,,,5.584540065975715,-0.3300000003916914,1.310011870991112,1.223643918366343,0.537792285504798,23.311121689390056,-20.6045341490855,23.311121689390056,26.28543029826164,9926181806.400002,23004981806.4,-14.727272709792285,3.48103868364019,14.839560182986997,15.886974722151091,0.8339367045065027,0.8339367045065027,8.067677294897424,28.20274832217727,34.39225864314547,36.81975321126761,-0.016975308662124,0.0629446460064991,1.1165692106059075,0.4177119706822474,16.03383596910629,1.373900839857027,0.7278963414634146,-3.96973293768546,0.0,0.0,0.0,0.0517622304050499,0.70477010645286,0.0659291373897443,0.0154655444502893,0.0956616052060737,0.0058916359810625,,0.0110168059151773,-0.0179383177371104,-32.400614281781145,1705100000.0,-10520800000.0,-13648700000.0,26525500000.0,2322000000.0,1042850000.0,2742500000.0,71.85481325618096,60.51498399767239,145.3930753564155,1.252525696213652,1.4872349632193855,0.619011598587998,-0.0141563329636724,0.086367952624769,2019-07-29,0.95,bmo,2611373684.0,2025-04-25,2019-06-29,0.0842105263157895,22.11523809523809,7354987.746031746
2019-03-30,VTRS,USD,1792044,2019-03-30,2019-03-29 20:00:00,2019,Q1,2495500000.0,1560700000.0,934800000.0,0.3745942697,202100000,0.0,0.0,586400000.0,122300000.0,910800000.0,2471500000.0,0.0,131200000.0,471000000.0,679900000.0,0.2724504107,24000000.0,0.0096173112,-138500000.0,-114500000.0,-0.0458825887,89500000.0,-25000000.0,-0.0100180325,-0.05,-0.0485,500000000,515000000,,,4.991,-0.05,-0.0794,-0.1856,0.583,23.7832,-21.3436,23.7832,27.7468,14235000000.0,27747400000.0,-142.35,5.7042676818272895,-358.56423173803523,-153.39439655172413,1.1970634733761647,1.1970634733761647,11.118974153476255,40.81100161788498,-698.9269521410579,-299.0021551724138,-0.0017562346329469,-0.0065191429574991,1.155622456187561,0.4307008581296659,19.87409913222533,1.5062295555127958,0.1829268292682926,1.588,0.0,0.0,0.0,0.080985774393909,0.7071703033228235,-1.3375314861460956,0.021278300941695,0.1127388535031847,0.0072129833700661,,0.0015011717095912,-0.0026757427861974,-33.1871,2104700000.0,-10671800000.0,-13752700000.0,27055700000.0,2391950000.0,1087450000.0,2644500000.0,85.38008415147266,53.64131479464343,156.20683026846928,1.0541099940863394,1.6778112233928189,0.5761591848789132,-0.002102324329779,0.1062,2019-05-07,0.79,bmo,2400734177.0,2025-04-25,2019-03-30,0.0379746835443036,29.162295081967216,5593702.524590164
2018-12-30,VTRS,USD,1792044,2018-12-30,2018-12-29 19:00:00,2018,Q4,3078700000.0,1819200000.0,1259500000.0,0.409101244,179000000,0.0,0.0,622400000.0,225300000.0,1026700000.0,2845900000.0,0.0,135200000.0,472400000.0,978600000.0,0.317861435,232800000.0,0.0756163316,-155800000.0,77000000.0,0.0250105564,25800000.0,51200000.0,0.0166303959,0.0995,0.0995,514603895,516500000,,,5.982659730937326,0.0994940001377175,1.2360963571797294,1.01320647796496,0.8659087199485732,23.643622052258277,-21.85234140134132,23.643622052258277,27.11502990081332,14100146723.0,27530346723.0,68.84837267089844,4.579902791113132,22.16655670963685,27.042859077483698,1.1588748940174731,1.1588748940174731,8.942198565303537,28.132379647455547,43.27990366766232,52.80081841772152,0.0036311678882378,0.0369783386118598,1.1357102349779322,0.422127454184983,13.723891273247496,1.387963729892323,1.7218934911242605,12.423828125,0.0,0.0,0.0,0.058141423328028,0.7152122047111799,0.1803175601320547,0.0372559846688537,0.2414228583456114,0.0,7.275229690791855,0.005374108050801,0.005492089031912,-33.07344768542803,1779900000.0,-11245300000.0,-14200100000.0,27362500000.0,2503750000.0,1142050000.0,2570400000.0,70.64182934355411,61.57816622691293,127.64841688654354,1.2740326919097869,1.4615570016871535,0.7050616231299899,0.0042080693016413,0.2228898792147696,2019-02-26,1.36,bmo,3214525000.0,2025-04-25,2018-12-30,-0.0441176470588235,32.39920634920635,5435304.952380952
2018-09-29,VTRS,USD,1792044,2018-09-29,2018-09-28 20:00:00,2018,Q3,2862400000.0,1689100000.0,1173300000.0,0.4099007826,159600000,0.0,0.0,578000000.0,97500000.0,835100000.0,2524200000.0,0.0,136200000.0,485100000.0,939500000.0,0.3282210732,338200000.0,0.1181525992,-146000000.0,192200000.0,0.0671464505,15500000.0,176700000.0,0.0617314142,0.34,0.34,519705882,516500000,,,5.507730620605137,0.3400000002308998,1.2576344094562315,1.139298246387752,0.9834408608829251,23.217362777510377,-23.031103581005844,23.217362777510377,28.04413131502714,18958870575.36,32948170575.36,26.823529393548384,6.6234176129681375,29.006839925581392,32.019710480256705,1.5712378856110456,1.5712378856110456,11.510680050083844,35.0698994947951,50.41029769791921,55.64629382766424,0.0093201754449259,0.0312307633329975,1.1966070511014235,0.4315719939262784,14.890154337413518,1.2623890389810883,2.4831130690161527,3.698924731182795,0.0,0.0,0.0,0.055757406372275,0.7184327885316658,0.094094247246022,0.0214854667411962,0.126777983920841,-0.0094675796534376,13.327146182456854,0.0105682667799071,0.0187579617834394,-33.97065650297951,1359700000.0,-11969400000.0,-14847700000.0,27514900000.0,2533800000.0,986300000.0,2560800000.0,81.46660145332588,55.3821561778462,136.43597181931207,1.1047472018525666,1.6250721570136617,0.6596500820120285,0.0146442127596094,0.1183361630684795,2018-11-05,1.19,bmo,2718077310.0,2025-04-25,2018-09-29,0.0504201680672269,37.5384126984127,3987959.206349206
2018-06-29,VTRS,USD,1792044,2018-06-29,2018-06-28 20:00:00,2018,Q2,2808300000.0,1698000000.0,1110300000.0,0.3953637432,248700000,0.0,0.0,591200000.0,91500000.0,931400000.0,2629400000.0,0.0,139200000.0,459900000.0,822800000.0,0.2929886408,178900000.0,0.0637040202,-160200000.0,18700000.0,0.0066588327,18800000.0,37500000.0,0.0133532742,0.0729,0.07,535714285,516299999,,,5.242160006989547,0.0700000000933333,0.80304000107072,0.7186666676248888,0.7283733343044978,22.78957336371943,-22.07277336276369,22.78957336371943,27.675946703567927,19360714259.9,33717714259.9,129.07142839933334,6.894104710999538,45.00398479753603,50.28756950623377,1.5858129252008817,1.5858129252008817,12.006450258127693,40.979234637700536,78.37683463482102,87.57847859714286,0.001936912011437,0.0198856299840865,1.2030109675886869,0.4414348616683948,17.44895478852698,1.294990952459286,1.2852011494252873,11.472,0.0,0.0,0.0,0.0885589146458711,0.7223419443066889,0.105067410506741,0.0160951465299291,0.0982822352685366,0.0,5.9911249440915695,-3.212992198211998e-05,0.004059276258105,-32.731346710308465,1434600000.0,-11824700000.0,-14765000000.0,27654200000.0,2515950000.0,943300000.0,2601050000.0,79.36972545668198,49.46289752650176,135.74204946996466,1.1339336186707585,1.8195456493784827,0.6630222569308863,0.0030715801027136,0.0843733334458311,2018-08-08,1.22,bmo,3153582786.0,2025-04-25,2018-06-29,-0.122950819672131,39.23109375,4548618.015625
2018-03-30,VTRS,USD,1792044,2018-03-30,2018-03-29 20:00:00,2018,Q1,2684500000.0,1685600000.0,998900000.0,0.3720990874,234900000,0.0,0.0,605700000.0,2600000.0,843200000.0,2528800000.0,0.0,131700000.0,468500000.0,703400000.0,0.262022723,155700000.0,0.0579996275,-145200000.0,10500000.0,0.0039113429,76600000.0,87100000.0,0.0324455206,0.17,0.17,514401469,516799999,,,5.218686496402676,0.1693230001254137,1.208783484247787,1.1491024727225263,0.8271749317263323,25.615595588433283,-23.695888784485568,25.615595588433283,29.55629195530155,21177908478.73,35882608478.73,60.78618966340414,7.888958271085863,34.059035829414604,35.827962237743186,1.6072239998429043,1.6072239998429043,13.3665891148184,51.01309138289735,57.70763666569635,60.7048020279648,0.0041127762964637,0.0279111603770348,1.1438448169875617,0.4283732893745826,20.90517486494171,1.058636562911004,1.182232346241458,7.138920780711826,0.0,0.0,0.0,0.0875023281802942,0.72093961829783,0.0493727886780315,0.0114360216055131,0.0655282817502668,0.0079716893276215,9.878737957767624,-0.0311972783919159,0.0088709184608803,-35.663341000295624,374500000.0,-12189200000.0,-15246500000.0,28015600000.0,2864200000.0,1202950000.0,2591900000.0,85.66846712609426,50.90531561461794,141.0174418604651,1.0505615778969202,1.7679882525697503,0.6382189239332097,0.0066101527696615,0.0596810115252606,2018-05-09,0.96,bmo,2684500000.0,2025-04-25,2018-03-30,0.0,42.63098360655737,5407785.049180328
2017-12-30,VTRS,USD,1792044,2017-12-30,2017-12-29 19:00:00,2017,Q4,3238900000.0,1842600000.0,1396300000.0,0.4311031523,277000000,0.0,0.0,527700000.0,172400000.0,977100000.0,2819700000.0,6200000.0,128300000.0,458200000.0,1160600000.0,0.3583315323,419200000.0,0.1294266572,-92100000.0,327100000.0,0.1009910772,82800000.0,244300000.0,0.0754268424,0.46,0.46,533300152,535700000,,,6.073315351314582,0.4580910001315731,0.9291203052197892,0.7050438643040177,0.7551094791362445,24.95330246971315,-22.771229212025425,24.95330246971315,27.731662825402683,22563929431.120003,36932829431.12,23.090390330659027,6.966540933996111,45.53769814554995,60.010450614680856,1.6955671519372388,1.6955671519372388,11.40289278184569,31.82218630977081,74.5364872474672,98.22561018914894,0.0108270148932066,0.0166637642236827,1.1017012834771107,0.4094530850716215,12.380579010856454,1.12967284230968,3.2673421667965705,2.028243962341384,0.0,0.0,0.0,0.0855228627002994,0.7108106673965197,0.2411705348133198,0.036895242211862,0.2589943649761595,0.0032418413658958,16.037296340439447,0.0100294520432229,0.023592923088809,-34.58619865534934,828000000.0,-12143900000.0,-15285400000.0,28618600000.0,2997850000.0,1364300000.0,2545400000.0,88.17160146963475,70.94594594594595,124.19570172582222,1.0207368188837411,1.2685714285714285,0.7246627600582058,0.0183579308064564,0.2240764409157715,2018-02-28,1.41,bmo,3192958156.0,2025-04-25,2017-12-30,0.0141843971631205,38.22587301587301,6262693.174603174
2017-09-29,VTRS,USD,1792044,2017-09-29,2017-09-28 20:00:00,2017,Q3,2987100000.0,1775900000.0,1211200000.0,0.4054768839,182300000,0.0,0.0,660100000.0,52300000.0,894700000.0,2670600000.0,0.0,131800000.0,430100000.0,814000000.0,0.2725051053,316500000.0,0.1059556091,-136900000.0,179600000.0,0.060125205,91300000.0,88300000.0,0.0295604432,0.16,0.16,551875000,537000000,,,5.412638731596829,0.16,0.9940656851642128,0.9087202718006796,1.272933182332956,24.08443941109853,-21.678097395243487,24.08443941109853,26.90283125707814,17312318750.0,31412618750.0,49.015625,5.795694402597837,31.557270780167705,34.521074277168495,1.302500733545999,1.302500733545999,10.516092112751496,38.59044072481572,57.25960399197958,62.63732552342971,0.0051004144086707,0.0289678122983959,1.10710523939932,0.410822219554481,17.322235872235872,1.4579855537720707,2.4013657056145674,6.2129105322763305,0.0,0.0,0.0,0.0610290917612399,0.7050802788472008,0.0858549033904484,0.0157678015466505,0.1095094164147872,0.0074319574168926,9.311497295277205,0.0049308607989552,0.0083588136732394,-33.402129105322764,2282600000.0,-11963600000.0,-15260700000.0,29847800000.0,2732650000.0,1204750000.0,2579150000.0,85.04368785778848,64.67087110760741,129.13396024550931,1.0582796003684547,1.391662095447065,0.6969506691260154,0.0066432935086821,0.0853454133635334,2017-11-06,1.2,bmo,3236025000.0,2025-04-25,2017-09-29,-0.0833333333333332,33.94603174603174,6445631.333333333
2017-06-29,VTRS,USD,1792044,2017-06-29,2017-06-28 20:00:00,2017,Q2,2962200000.0,1717400000.0,1244800000.0,0.4202282088,181100000,0.0,0.0,617700000.0,-27800000.0,771000000.0,2488400000.0,0.0,136300000.0,421200000.0,876900000.0,0.2960299777,473800000.0,0.1599486868,-149100000.0,324700000.0,0.1096144757,27700000.0,297000000.0,0.1002633178,0.56,0.55,540000000,537000000,,,5.485555555555556,0.55,1.0514814814814817,0.9572222222222222,1.3131481481481482,23.76462962962963,-22.537222222222223,23.76462962962963,28.01148148148148,20962800000.0,35339900000.0,17.645454545454545,7.0767672675714,36.91933779499824,40.554846198491006,1.6335200928862532,1.6335200928862532,11.930288299237054,40.30094651613639,62.24004931313843,68.36893016057265,0.014167954662545,0.0246579655389547,1.1680835976279718,0.4221769719091313,16.3953700535979,1.3474476275219065,3.4761555392516508,1.911784511784512,0.0,0.0,0.0,0.0611369927756397,0.7041868744050335,0.0896442409299048,0.0171831746674768,0.1208452041785375,0.0063803929511849,17.148973487257678,0.0138456637240363,0.0282770965039226,-34.587175925925926,1796200000.0,-12170100000.0,-15707400000.0,29165400000.0,2605450000.0,957000000.0,2579000000.0,80.29268786712579,59.39559799697216,136.7870036101083,1.1208990804858667,1.5152638080112937,0.6579572446555819,0.0231436386163688,0.0942592592592592,2017-08-09,1.16,bmo,3115417241.0,2025-04-25,2017-06-29,-0.0517241379310343,38.37396825396825,5387530.857142857
2017-03-30,VTRS,USD,1792044,2017-03-30,2017-03-29 20:00:00,2017,Q1,2719500000.0,1608600000.0,1110900000.0,0.4084942085,217500000,0.0,0.0,600800000.0,64900000.0,883200000.0,2491800000.0,0.0,138200000.0,415500000.0,773200000.0,0.28431697,227700000.0,0.0837286266,-156100000.0,71600000.0,0.0263283692,5200000.0,66400000.0,0.024416253,0.12,0.12,553333333,536900000,,,4.9147590391052765,0.1200000000722891,0.8184939763966831,0.7129518076584047,1.4730722900440194,21.06506025365365,-21.88210844691693,21.06506025365365,27.28409640197837,21574466653.67,35809666653.67,81.22916661773344,7.93324752846847,47.63626993523957,54.68812839967048,1.8509322798275567,1.8509322798275567,13.1677391629601,46.31358853294102,79.0674909553323,90.7722855606337,0.0030777122357601,0.018285504171798,1.2833733699382293,0.436471116868869,18.410760475944127,1.5617125679678174,1.6476121562952244,6.820783132530121,0.0,0.0,0.0,0.0799779371207942,0.6933848030204887,0.1289467873702804,0.02147453576025,0.1405535499398315,0.0084942084942084,7.541595502221484,0.0070372227607133,0.0063186943902555,-33.61707833350427,2541300000.0,-12108100000.0,-15551100000.0,28643400000.0,2791800000.0,1064350000.0,2502100000.0,84.99282956425813,43.67400223797091,142.54755688176056,1.058912857254108,2.0607225211375866,0.6313682392652484,0.0056966369251887,0.1055421687382784,2017-05-10,0.92,bmo,2689940217.0,2025-04-25,2017-03-30,0.0108695652173913,40.31193548387097,5953930.225806451
2016-12-30,VTRS,USD,1792044,2016-12-30,2016-12-29 19:00:00,2016,Q4,3267800000.0,1719000000.0,1548800000.0,0.4739580146,194600000,0.0,0.0,454100000.0,584300000.0,1233000000.0,2952000000.0,12300000.0,149800000.0,408300000.0,1339000000.0,0.409755799,315800000.0,0.0966399412,-90900000.0,224900000.0,0.0688230614,192600000.0,417500000.0,0.1277617969,0.78,0.78,537097000,536500000,,,6.084189634274629,0.7773270005231829,0.6507204471445568,0.3697656103087524,2.015650804230893,20.699426732973745,-23.388885061730004,20.69682012746301,29.086738522091917,20490250550.0,34964050550.0,12.269611107784431,6.270350250933349,58.62732632331903,103.17346701913394,1.843278328025764,1.843278328025764,10.69956868535406,26.11206165048544,100.04020185979972,176.05262109768378,0.0203755439193494,0.009692414424869,1.39189651139778,0.4455598366651116,10.80941000746826,1.4923522526633206,2.1081441922563418,0.837125748502994,0.0,0.0,0.0,0.0595507681008629,0.6818972418519734,0.4317596566523605,0.0461778566619744,0.3695811903012491,0.0054470897851765,19.025888546296464,0.00151409445516,0.0377947766260806,-35.44285296696872,2481800000.0,-12562100000.0,-16086100000.0,28483700000.0,3057150000.0,1301500000.0,2571950000.0,83.04853418201849,70.58115183246073,128.60732984293193,1.0837036545731908,1.275127957866627,0.6998045920859794,0.037557798528274,0.2809548368358043,2017-03-01,1.42,bmo,,2025-04-25,2016-12-30,0.1056338028169015,37.15539682539683,6304401.047619048
2016-09-29,VTRS,USD,1792044,2016-09-29,2016-09-28 20:00:00,2016,Q3,3057100000.0,1687600000.0,1369500000.0,0.4479735697,199100000,0.0,0.0,658900000.0,642200000.0,1500200000.0,3187800000.0,0.0,144400000.0,445900000.0,262700000.0,0.0859311112,-130700000.0,-0.0427529355,-194600000.0,-325300000.0,-0.1064080338,205500000.0,-119800000.0,-0.0391874652,-0.23,-0.23,520869565,523600000,,,5.869223708626554,-0.2300000000959933,2.304991653716608,2.077487479998952,2.539983306569275,22.70971620313427,-25.76019199739574,22.70683640346696,30.34867280064636,19855547817.8,34262247817.8,-41.43478259140233,6.494896410912302,16.53802083774779,18.349087716292395,1.678789564634363,1.678789564634363,11.207434437146317,130.42347856033498,28.537604379310345,31.662737101746604,-0.0060335781767049,0.0544986222455128,1.3243343789368665,0.4286793382322755,54.84088313665779,0.8336926941595143,-0.9051246468144044,-10.02170283806344,0.0,0.0,0.0,0.0651270812207647,0.6909561147830371,0.0987006496751624,0.0387622256386771,0.2657546535097555,0.0062804618756337,,-0.0068098155540577,-0.0106092809068366,-37.85741445653481,-1588900000.0,-13417700000.0,-16744600000.0,25941800000.0,3008150000.0,1136250000.0,2439400000.0,91.230577998757,66.92403413131073,143.3248400094809,0.9865113427345188,1.3448083512630489,0.6279441860465116,-0.0101291080804579,0.2275041737176561,2016-11-09,1.45,bmo,3204684137.0,2025-04-25,2016-09-29,-0.0482758620689655,44.45703125,5990022.34375
2016-06-29,VTRS,USD,1792044,2016-06-29,2016-06-28 20:00:00,2016,Q2,2560700000.0,1365200000.0,1195500000.0,0.4668645292,179500000,0.0,0.0,574200000.0,30900000.0,784600000.0,2149800000.0,0.0,90300000.0,303400000.0,755500000.0,0.2950365135,410900000.0,0.1604639356,-207800000.0,203100000.0,0.07931425,34700000.0,168400000.0,0.0657632679,0.33,0.33,510303030,509700000,,,5.017998815331353,0.330000000195962,0.816377672693811,0.6807719719006959,12.616229223643842,20.24542162722412,-6.30096199899107,20.242678159289003,26.29868766407285,22065503017.2,29033603017.2,32.75757573812352,8.61698091037607,52.965681750360055,63.51612843177893,2.1360809898643742,2.1360809898643742,11.338150902956222,38.42965323256122,69.69179792894863,83.57398680829016,0.0076318223912109,0.0157440326526525,1.2904287553606522,0.4622645762459123,9.22316346790205,3.228607004715732,4.550387596899225,2.473871733966746,0.0,0.0,0.0,0.0700980200726364,0.4697794099797824,0.1661065770523283,0.0270238606630999,0.2040094339622641,0.0099191627289413,12.259766939953376,0.0132986582778113,0.0110140226035998,-17.21173397696659,8412100000.0,-3215400000.0,-6318300000.0,24016400000.0,2752400000.0,1046900000.0,2167700000.0,102.53680634201584,67.08467623791387,144.4601523586288,0.8777335984095428,1.3415880503144657,0.6230091726372473,0.016302190727887,0.135605700793115,2016-08-09,1.13,bmo,2492716814.0,2025-04-25,2016-06-29,0.0265486725663717,44.2384375,5265035.734375
2016-03-30,VTRS,USD,1792044,2016-03-30,2016-03-29 20:00:00,2016,Q1,2191300000.0,1250600000.0,940700000.0,0.4292885502,253600000,0.0,0.0,542500000.0,39000000.0,835100000.0,2085700000.0,0.0,70300000.0,297100000.0,507800000.0,0.2317345868,105600000.0,0.0481905718,-86600000.0,19000000.0,0.0086706521,5100000.0,13900000.0,0.0063432666,0.0284,0.0273,489816054,509600000,,,4.4737202509087215,0.0283780000399905,0.1643474103035422,0.058593424543002,2.5830104784601446,20.977058461215726,-5.247684266387887,20.97399608711069,15.377813647569829,22702974102.9,28965574102.9,408.32687235431655,10.360504770182084,282.0245230173913,791.0443938292683,2.2098793099558085,2.2098793099558085,13.218442980376944,57.04130386549823,359.8207963093168,1009.2534530627178,0.0006122545855445,0.0012641515543258,0.7263418147838107,0.3295339624891252,12.332808192201654,1.6738899833308076,1.5021337126600285,5.7913669064748206,0.0,0.0,0.0,0.1157303883539451,0.5672691782848512,0.6434782608695652,0.0236389357915392,0.1743520700100976,0.0120932779628531,3.6595083536552746,0.0038976205459918,0.0014185410458423,-16.51926255565319,2668200000.0,-2570400000.0,-5741600000.0,17512300000.0,2510700000.0,1092900000.0,2047550000.0,106.26842513576416,77.44922437230129,154.3011354549816,0.8469119579500657,1.1620516632596172,0.5832750338137214,0.0013530087410204,0.1057539857605402,2016-05-03,0.74,bmo,2132075675.0,2025-04-25,2016-03-30,0.027027027027027,48.26967213114754,6099787.491803279
2015-12-30,VTRS,USD,1792044,2015-12-30,2015-12-29 19:00:00,2015,Q4,2490700000.0,1345500000.0,1145200000.0,0.4597904204,159000000,0.0,0.0,362300000.0,200000000.0,721300000.0,2066800000.0,0.0,70900000.0,309400000.0,935100000.0,0.3754366242,423900000.0,0.1701931184,-205600000.0,218300000.0,0.0876460433,23700000.0,194600000.0,0.078130646,0.38,0.38,509915311,509800000,,,4.884536601020008,0.381632000063634,1.2786437001104287,0.973494988857081,2.529831860647934,19.15180774008961,-5.562100095480365,19.14906218613232,14.467108244961093,27571120865.77,33641220865.77,35.42024777205807,11.069627360087528,42.28699519289877,55.54214517681306,2.8236369736768263,2.8236369736768263,13.506733394535672,35.976067656689125,51.59696451805215,67.77038852894843,0.0070581098587688,0.0180043460117825,0.7482384990373192,0.3281030371345042,6.491391295048658,1.5702052302168743,5.978843441466855,3.3504624871531345,0.0,0.0,0.0,0.0638374754085197,0.5659318205292868,0.2386503067484662,0.062472397318023,0.380440097799511,0.0105994298791504,12.822933957652712,0.0197263933313354,0.0201330477875373,-16.49469984242148,2350500000.0,-2836200000.0,-6029200000.0,16936400000.0,2675550000.0,1172900000.0,1947550000.0,87.95117838358695,74.22073578595318,130.50167224080266,1.0232949876746098,1.2125991348233598,0.6896463352127115,0.0199295399614927,0.3051487112533477,2016-02-10,1.28,bmo,2607451562.0,2025-04-25,2015-12-30,-0.046875,48.086875,8142308.5
2015-09-29,VTRS,USD,1792044,2015-09-29,2015-09-28 20:00:00,2015,Q3,2695200000.0,1349900000.0,1345300000.0,0.499146631,174800000,0.0,0.0,528500000.0,40900000.0,744200000.0,2094100000.0,0.0,95100000.0,257700000.0,900300000.0,0.3340382903,601100000.0,0.2230261205,-146000000.0,455100000.0,0.1688557435,26500000.0,428600000.0,0.1590234491,0.83,0.83,516385542,514000000,,,5.219356044635347,0.8300000002711153,1.8877368181621168,1.7225501638851073,1.2349300050697392,19.007116198462427,-4.257477836201696,19.004405045871717,12.644234721815662,20789681920.92,26636881920.92,12.126506020135324,7.713595251157613,21.327125483093965,23.37232368849915,2.1184562159574467,2.1184562159574467,9.883081745666368,29.58667324327446,27.32548412076323,29.94590435179314,0.0206159960325662,0.0427856473890985,0.6556411510556779,0.3018412966481364,6.494723980895257,1.7605113867701745,6.320715036803365,2.274381707886141,0.0,0.0,0.0,0.0648560403680617,0.5635775103792836,0.0875051292572835,0.0316488572276639,0.3310050446255335,0.0059735826654793,18.838982571985756,0.0310688099173732,0.0460711598409115,-14.91894015886293,2801800000.0,-2198500000.0,-5015600000.0,16700000000.0,2889150000.0,1169000000.0,1939200000.0,97.40983971504896,82.41943847692423,129.61626787169422,0.9239313016351856,1.0919754085099498,0.6943572861478319,0.0436740849433439,0.1651866542770091,2015-10-30,1.38,bmo,2597547826.0,2025-04-25,2015-09-29,0.036231884057971,55.751875,7936557.171875
2015-06-29,VTRS,USD,1792044,2015-06-29,2015-06-28 20:00:00,2015,Q2,2371700000.0,1330300000.0,1041400000.0,0.4390943205,168200000,0.0,0.0,539300000.0,57300000.0,764800000.0,2095100000.0,0.0,93900000.0,258700000.0,592600000.0,0.2498629675,276600000.0,0.1166252055,-95900000.0,180700000.0,0.0761900746,12800000.0,167800000.0,0.0707509381,0.32,0.32,524375000,521900000,,,4.522908224076281,0.32,0.2187365911799761,0.0778069129916567,0.8875327771156138,18.24896305125149,-4.709415971394518,18.24629320619785,16.453873659118,35584087500.0,43678487500.0,53.015625,15.003620820508496,310.2361595466434,872.1590073529412,3.719111560530524,3.719111560530524,18.41653139098537,73.70652632467095,380.80634263295553,1070.5511642156862,0.0047155909224874,0.0011465799144069,0.8919512118646725,0.3743913032033902,13.65912926088424,1.4696986627928632,2.9456869009584663,0.6835518474374255,0.0,0.0,0.0,0.0709195935404983,0.528142630272082,0.6442894507410637,0.0311590842012058,0.2856590645535369,0.0067040519458616,11.461819710875956,0.0128062256627192,0.0156008851038509,-18.396853396901072,2522000000.0,-2469500000.0,-5333900000.0,16460100000.0,2562900000.0,1049400000.0,1921300000.0,108.5752835518826,74.54108095918214,130.86296324137413,0.8289179365301272,1.2073879106915957,0.6877423357286874,0.0175378087145559,0.1409296781883194,2015-08-06,0.89,bmo,2318403370.0,2025-04-25,2015-06-29,0.0224719101123595,70.66857142857143,9178374.317460315
2015-03-30,VTRS,USD,1792044,2015-03-30,2015-03-29 20:00:00,2015,Q1,1871700000.0,1021300000.0,850400000.0,0.4543463162,169900000,0.0,0.0,475400000.0,45800000.0,691100000.0,1712400000.0,0.0,79500000.0,175000000.0,398000000.0,0.2126409147,159300000.0,0.0851097932,-98000000.0,61300000.0,0.032750975,4700000.0,56600000.0,0.0302398889,0.13,0.13,435384615,443800000,,,4.298957600970811,0.130000000114841,0.6132508839339672,0.5027738520342525,0.7427915200908052,20.88544171456311,-6.415477037469502,20.83973500074181,20.00897528269344,25840076900.25,34194976900.25,114.13461528378974,13.805672330100975,96.77931423314608,118.04512060415716,2.8479248895385365,2.8479248895385365,18.269475289977027,85.91702738756281,128.07107453277155,156.21277706829602,0.002190395958127,0.0084713370182687,0.9513738110720464,0.3901725743317151,20.992211055276385,1.4043872919818456,2.0037735849056606,4.717314487632509,0.0,0.0,0.0,0.0907730939787359,0.537267558014446,0.1801498127340824,0.0256985628038681,0.2748571428571428,0.0183790137308329,7.8074467613310095,0.00745967459203,0.0055287475335534,-23.0936042606834,2138400000.0,-2793200000.0,-5604200000.0,15897100000.0,2266550000.0,951300000.0,1779850000.0,108.89245071325531,87.85861157348478,168.16508371683148,0.8265035767906032,1.0243731193580743,0.5351883875700886,0.0062380831670946,0.1104770318997147,2015-05-05,0.69,bmo,1844573913.0,2025-04-25,2015-03-30,0.0144927536231884,57.01098360655738,4125253.540983607
2014-12-30,VTRS,USD,1792044,2014-12-30,2014-12-29 19:00:00,2014,Q4,2082700000.0,1057000000.0,1025700000.0,0.4924857154,150200000,0.0,0.0,341700000.0,141300000.0,633200000.0,1690200000.0,0.0,82000000.0,140800000.0,674600000.0,0.3239064677,392500000.0,0.1884572911,-120100000.0,272400000.0,0.1307917608,81900000.0,189200000.0,0.0908436165,0.48,0.47,393295680,400600000,,,5.295506930053237,0.4810630007428508,0.3218952214272986,0.0549205117127144,0.6450617509960953,8.329610943095027,-7.933979849460843,8.278504355806806,21.781830911542176,22170077481.6,30429277481.6,29.29449984355179,10.644873237741812,175.11909543127962,1026.392476,6.809200983322584,6.809200983322584,14.61049478859677,45.10714124162467,240.35764203475512,1408.7628463703702,0.0085340252038824,0.000974286175496,2.605946128566602,0.536310483233779,12.243107026386006,1.2144042232277523,4.786585365853658,0.6691331923890064,0.0,0.0,0.0,0.0721179238834771,0.4043108624885433,0.8293838862559242,0.0504153262833895,0.7457386363636364,0.0086426273628667,9.466036568121403,0.0206363768027576,0.0200761876465657,-24.825406167695512,1137200000.0,-3120400000.0,-6103300000.0,9319300000.0,2000900000.0,881750000.0,1679450000.0,98.02900086331636,77.10879848628193,140.61116367076633,0.9180956574829182,1.1671819787985869,0.6400629768681119,0.0581098928099757,0.2669747097145842,2015-03-02,1.05,bmo,,2025-04-25,2014-12-30,0.0,53.69921875,3984791.28125
2014-09-29,VTRS,USD,1792044,2014-09-29,2014-09-28 20:00:00,2014,Q3,2084000000.0,1042500000.0,1041500000.0,0.4997600768,158200000,0.0,0.0,410600000.0,-22300000.0,546500000.0,1589000000.0,0.0,83900000.0,133700000.0,607400000.0,0.2914587332,495000000.0,0.2375239923,-82400000.0,412600000.0,0.1979846449,86800000.0,499100000.0,0.2394913628,1.26,1.26,396111111,397300000,,,5.261150071602006,1.2600000003534362,1.112566620227929,0.9434221601524326,0.6528471250078113,8.599354841121839,-8.389817674162641,8.55189341053349,20.46420757937285,18019094439.39,25841694439.39,9.025793648261873,8.646398483392515,40.887439163580666,48.21807449662831,5.319289871406643,5.319289871406643,12.400045316405947,42.5447718791406,58.63783625911051,69.15090832055124,0.0276983952594732,0.0207391110167604,2.3681771217712178,0.5286771538344943,12.878827790582813,1.3003866872303806,5.899880810488677,0.8829893808855941,0.0,0.0,0.0,0.0759117082533589,0.4434925300347302,0.1520308599954617,0.0321497120921305,0.5011219184825872,0.0074376199616122,15.570683294468225,0.0300691016000693,0.0591035585292202,-23.618309964549315,1343900000.0,-3323300000.0,-5950000000.0,9811800000.0,1747450000.0,910200000.0,1749300000.0,74.8546065259117,74.06330935251798,147.41007194244602,1.2023308140541165,1.2151765940086257,0.6105417276720352,0.1473357933579336,0.1691444600754963,2014-10-30,1.14,bmo,2047438596.0,2025-04-25,2014-09-29,0.0175438596491228,48.61046875,4731886.84375
2014-06-29,VTRS,USD,1792044,2014-06-29,2014-06-28 20:00:00,2014,Q2,1837300000.0,1000800000.0,836500000.0,0.4552876504,155400000,0.0,0.0,382200000.0,72800000.0,610400000.0,1611200000.0,0.0,84600000.0,129200000.0,444100000.0,0.2417133838,226100000.0,0.1230610134,-88300000.0,137800000.0,0.0750013607,11200000.0,125200000.0,0.0681434714,0.32,0.32,391250000,397400000,,,4.6959744408945685,0.32,0.4585303514376996,0.2515015974440894,0.6292651757188499,8.56920127795527,-8.833993610223642,8.521405750798722,21.23654952076677,20172850000.0,28203150000.0,40.28125,10.979616829042618,112.44620958751396,205.0086382113821,6.050644871025795,6.050644871025795,15.35032384477222,63.50630488628687,157.2081939799331,286.6173780487805,0.0062063615205585,0.0048778432398,2.4667666466706657,0.5270977004127464,18.082188696239587,1.7211009879675547,2.6725768321513,1.4329073482428114,0.0,0.0,0.0,0.0845806346268981,0.4363960314815289,0.451505016722408,0.0440864311761824,0.6269349893725619,0.0093071354705274,7.8328871692212445,0.0156094850318209,0.0142373035547772,-25.01507987220447,1875800000.0,-3456300000.0,-7773000000.0,10440600000.0,1720100000.0,945500000.0,1764500000.0,86.29184128884776,86.55575539568345,161.07014388489208,1.04297229791099,1.0397922077922075,0.5587627714812127,0.0375524895020995,0.2070287539936102,2014-08-07,0.7,bmo,1863547142.0,2025-04-25,2014-06-29,-0.0142857142857143,49.14571428571429,5024922.26984127
2014-03-30,VTRS,USD,1792044,2014-03-30,2014-03-29 20:00:00,2014,Q1,1715600000.0,949900000.0,765700000.0,0.4463161576,118000000,0.0,0.0,352500000.0,56200000.0,526700000.0,1476600000.0,0.0,82700000.0,135200000.0,431300000.0,0.2513989275,239000000.0,0.1393098624,-87300000.0,151700000.0,0.088423875,35100000.0,115900000.0,0.06755654,0.29,0.29,399655172,396700000,,,4.292700608413495,0.2900000003002588,0.6708283009534028,0.4899223473579869,0.7609059541959337,7.986134604558552,-9.083830900604484,7.942597072157995,20.603261453601306,19515162048.76,27423662048.76,42.09482754262295,11.375123600349731,72.79060816396867,99.6688562245148,6.147863168228542,6.147863168228542,15.984881119584983,63.5837283764433,102.28892968578889,140.05956102533196,0.0059389719496264,0.0100332243980746,2.567967741728245,0.5308694236405079,18.336424762346397,1.6389989808628695,2.889963724304716,2.3132010353753234,0.0,0.0,0.0,0.0687806015388202,0.4442917616411592,0.2696754942185752,0.0421426906038703,0.5347633136094675,0.0089764513872697,7.198989231099718,0.0140480495782817,0.0135827209975506,-24.349240752475488,1692900000.0,-3630400001.0,-7821100001.0,10220000000.0,1749300000.0,1000650000.0,1697400000.0,88.05898810911634,87.97241814927888,164.66049057795558,1.0220421780054807,1.0230479267635972,0.5465792047873871,0.0365119869062508,0.180905953595416,2014-05-01,0.63,bmo,1633904761.0,2025-04-25,2014-03-30,0.0476190476190476,48.55688524590163,4648814.934426229
2013-12-30,VTRS,USD,1792044,2013-12-30,2013-12-29 19:00:00,2013,Q4,1808500000.0,971800000.0,836700000.0,0.4626486038,155900000,0.0,0.0,322400000.0,85200000.0,563500000.0,1535300000.0,0.0,79592000.0,124100000.0,508600000.0,0.2812275366,273200000.0,0.151064418,-80100000.0,193100000.0,0.1067735693,12200000.0,180200000.0,0.0996405861,0.45,0.45,400640313,396200000,,,4.514024029329271,0.4497800000470746,1.0430802553810905,0.8032142287189158,0.7944782131797107,7.387923541283775,-9.730673308454609,7.342745860923886,20.27177929046796,17387789584.2,25138589584.2,24.122904528579355,9.61448138468344,41.60753669346733,54.032907346799256,5.91059541240057,5.91059541240057,13.900243065634504,49.42703418049548,60.15455751184494,78.11867490428838,0.0103635944711307,0.0185072402930625,2.733734448296961,0.5258061563407171,15.23948092803775,1.508502024291498,3.432505779475324,2.319089900110988,0.0,0.0,0.0,0.0862040364943323,0.4484138399979078,0.2299593204115817,0.0531379596350566,0.774375503626108,0.0060823887199336,8.620264222030555,0.0200165258445721,0.0213598217249063,-24.518626012555057,1507200000.0,-3898500000.0,-7863700000.0,10031100000.0,1768640500.0,974097000.0,1651353000.0,90.57229748410283,99.35377649722165,153.44824037867875,0.9936813186813188,0.9058538404175988,0.5865169895588147,0.0612550139370453,0.2398660266621746,2014-02-27,0.75,bmo,1736184960.0,2025-04-25,2013-12-30,0.04,41.10390625,4026012.734375
2013-09-29,VTRS,USD,1792044,2013-09-29,2013-09-28 20:00:00,2013,Q3,1767400000.0,949300000.0,818100000.0,0.4628833314,114000000,0.0,0.0,335500000.0,28800000.0,478300000.0,1427600000.0,0.0,73900000.0,126900000.0,496800000.0,0.2810908679,339800000.0,0.1922598167,-144500000.0,195300000.0,0.1105013013,35900000.0,158900000.0,0.0899060767,0.4,0.4,397250000,395500000,,,4.449087476400252,0.4,1.04392699811202,0.7599748269351794,1.1468898678414097,8.137631214600377,-5.331393329137822,8.093943360604154,16.085422275645058,15163032500.0,21114146499.0,23.85625,8.579287371279847,36.56385941644563,50.22534779728387,4.715871893270932,4.715871893270932,11.946444777073667,42.5002948852657,50.914266937545214,69.93755051010268,0.010479434110558,0.0199102653113748,1.9643568799860915,0.4895553053449137,11.978892912640902,1.6956070902775529,4.598105548037889,2.6098174952800504,0.0,0.0,0.0,0.0645015276677605,0.4147222656708398,0.2720038582107548,0.0638225642186262,0.8888888888888888,0.0071856965033382,8.534956956273264,0.0254982527460017,0.021043559240599,-17.879003775959724,1781744000.0,-2117896000.0,-5325733000.0,8591360000.0,,,,87.44782731696277,82.99321605393447,156.0334351627515,1.0291850896853805,1.0844259841854067,0.5767994526693911,0.0494196687793652,0.2839521711768408,2013-10-31,0.8,bmo,1723240350.0,2025-04-25,2013-09-29,0.0249999999999998,35.20359375,4103873.546875
