date,symbol,reportedCurrency,cik,fillingDate,acceptedDate,calendarYear,period,revenue,costOfRevenue,grossProfit,grossProfitRatio,researchAndDevelopmentExpenses,generalAndAdministrativeExpenses,sellingAndMarketingExpenses,sellingGeneralAndAdministrativeExpenses,otherExpenses,operatingExpenses,costAndExpenses,interestIncome,interestExpense,depreciationAndAmortization,ebitda,ebitdaratio,operatingIncome,operatingIncomeRatio,totalOtherIncomeExpensesNet,incomeBeforeTax,incomeBeforeTaxRatio,incomeTaxExpense,netIncome,netIncomeRatio,eps,epsdiluted,weightedAverageShsOut,weightedAverageShsOutDil,link,finalLink,revenuePerShare,netIncomePerShare,operatingCashFlowPerShare,freeCashFlowPerShare,cashPerShare,bookValuePerShare,tangibleBookValuePerShare,shareholdersEquityPerShare,interestDebtPerShare,marketCap,enterpriseValue,peRatio,priceToSalesRatio,pocfratio,pfcfRatio,pbRatio,ptbRatio,evToSales,enterpriseValueOverEBITDA,evToOperatingCashFlow,evToFreeCashFlow,earningsYield,freeCashFlowYield,debtToEquity,debtToAssets,netDebtToEBITDA,currentRatio,interestCoverage,incomeQuality,dividendYield,payoutRatio,salesGeneralAndAdministrativeToRevenue,researchAndDdevelopementToRevenue,intangiblesToTotalAssets,capexToOperatingCashFlow,capexToRevenue,capexToDepreciation,stockBasedCompensationToRevenue,grahamNumber,roic,returnOnTangibleAssets,grahamNetNet,workingCapital,tangibleAssetValue,netCurrentAssetValue,investedCapital,averageReceivables,averagePayables,averageInventory,daysSalesOutstanding,daysPayablesOutstanding,daysOfInventoryOnHand,receivablesTurnover,payablesTurnover,inventoryTurnover,roe,capexPerShare,report_date,epsEstimated,time,revenueEstimated,updatedFromDate,fiscalDateEnding,surprise(%),QuarterAvgPrice,QuarterAvgVolume
2025-03-31,VZ,USD,732712,2025-04-25,2025-04-25 09:35:17,2025,Q1,33485000000.0,13056000000.0,20429000000.0,0.610094072,0,0.0,0.0,7874000000.0,4577000000.0,12451000000.0,25507000000.0,63000000.0,1632000000.0,4577000000.0,12682000000.0,0.3787367478,7978000000.0,0.2382559355,-1505000000.0,6473000000.0,0.1933104375,1490000000.0,4879000000.0,0.145707033,1.16,1.15,4222000000,4226000000,https://www.sec.gov/Archives/edgar/data/732712/000073271225000024/0000732712-25-000024-index.htm,https://www.sec.gov/Archives/edgar/data/732712/000073271225000024/vz-20250331.htm,7.931075319753671,1.1556134533396494,1.8432022738038845,0.8325438180956892,0.534580767408811,24.167929891046896,16.188536238749407,23.856466129796303,40.11037423022265,191509920000.0,356966920000.0,9.81296987087518,5.7192748992086,24.609344641480337,54.483618776671406,1.901371299219634,1.901371299219634,10.660502314469165,28.14752562687273,45.87084554099203,101.55531152204836,0.0254764870665707,0.0183541406105751,1.6651178491292866,0.4409302667970681,13.046601482416024,0.6116824419480562,4.888480392156863,1.5617098133654426,0.0149130655999438,0.5853658536585366,0.0,0.0,0.0885704220168049,0.5483166281161655,0.1274301926235627,0.9322700458815818,0.0,24.905806495605027,0.0177188064782896,0.0140737001514386,-60.32608953102795,-23713000000.0,68348000000.0,-240974000000.0,142074000000.0,26571000000.0,5212500000.0,2222000000.0,72.65850380767507,0.0,15.144761029411766,1.2386712536529427,0.0,5.942649066909422,0.0484402613133178,1.0106584557081952,2025-04-22,1.15,bmo,33282890844.0,2025-05-11,2025-03-31,0.0347826086956522,41.627,24697871.933333334
2024-12-31,VZ,USD,732712,2025-02-12,2025-02-12 10:19:07,2024,Q4,35681000000.0,15514000000.0,20167000000.0,0.565202769,0,0.0,0.0,8240000000.0,4506000000.0,12746000000.0,28260000000.0,78000000.0,1644000000.0,4506000000.0,12718000000.0,0.3564361985,7421000000.0,0.2079818391,-853000000.0,6568000000.0,0.1840755584,1454000000.0,5005000000.0,0.1402707323,1.19,1.19,4219000000,4221500000,https://www.sec.gov/Archives/edgar/data/732712/000073271225000006/0000732712-25-000006-index.htm,https://www.sec.gov/Archives/edgar/data/732712/000073271225000006/vz-20241231.htm,8.457217350082958,1.1863000711068974,2.472623844512918,1.2393932211424508,0.0,23.838587342972268,-21.33396539464328,23.52145058070633,40.294145532116616,168717810000.0,337074810000.0,8.427463036963037,4.728505647263249,16.173102952453988,32.265788869764776,1.7001502463798783,1.7001502463798783,9.446899190045125,26.50375923887404,32.31161905674847,64.46257601835914,0.0296649180071742,0.0309925786732295,1.6965144049094592,0.4376194078152171,13.237694606070136,0.6256349292121474,4.513990267639903,2.039890496675792,0.0168921111529363,0.5694305694305695,0.0,0.0,0.4953926453883565,0.4987538343558282,0.1458199041506684,1.1546826453617398,0.0,25.05651045476323,0.0166523509635809,0.0257819582955575,-62.43914434700166,-24248000000.0,-90008000000.0,-243613000000.0,299329000000.0,26031500000.0,5212500000.0,2385000000.0,65.85605784591239,60.47763310558205,13.035322934124016,1.366616875406948,1.4881534772182254,6.904316866933689,0.0504348176587361,1.2332306233704668,2025-01-24,1.11,bmo,35335415441.0,2025-04-25,2024-12-31,-0.009009009009009,42.18515625,17096888.875
2024-09-30,VZ,USD,732712,2024-10-25,2024-10-25 09:36:29,2024,Q3,33330000000.0,13240000000.0,20090000000.0,0.602760276,0,0.0,0.0,9706000000.0,4458000000.0,14164000000.0,27404000000.0,97000000.0,1672000000.0,4458000000.0,10432000000.0,0.3129912991,5926000000.0,0.1777977798,-1624000000.0,4302000000.0,0.1290729073,891000000.0,3306000000.0,0.099189919,0.78,0.78,4220000000,4225000000,https://www.sec.gov/Archives/edgar/data/732712/000073271224000069/0000732712-24-000069-index.htm,https://www.sec.gov/Archives/edgar/data/732712/000073271224000069/vz-20240930.htm,7.898104265402844,0.7834123222748816,2.348578199052133,1.376303317535545,1.1817535545023696,23.144075829383887,-21.879383886255923,22.8260663507109,41.67582938388625,189520200000.0,358733200000.0,14.331533575317602,5.686174617461746,19.1222076480678,32.63088842975207,1.9674874903971928,1.9674874903971928,10.763072307230724,34.38776840490797,36.19545959035416,61.765358126721765,0.0174440508188573,0.0306458097870306,1.80844216514752,0.4570211247651929,16.220571319018404,0.6574511453345412,3.5442583732057416,2.9055995309293463,0.0147794272061764,0.8472474289171203,0.0,0.0,0.4984704746513312,0.413984461709212,0.1231023102310231,0.9203678779721848,0.0,20.05866364154767,0.0136025931555364,0.0172939607145659,-61.085781990521326,-21175000000.0,-92331000000.0,-242855000000.0,299965000000.0,25780500000.0,0.0,2182000000.0,70.08280828082809,0.0,17.150302114803626,1.284195114433228,0.0,5.247720967102656,0.0343209517679546,0.9722748815165876,2024-10-22,1.18,bmo,33420337294.0,2025-04-25,2024-09-30,0.0084745762711864,41.735,18712563.65625
2024-06-30,VZ,USD,732712,2024-07-25,2024-07-25 09:52:47,2024,Q2,32796000000.0,12471000000.0,20325000000.0,0.6197402122,0,0.0,0.0,8024000000.0,4483000000.0,12507000000.0,24978000000.0,83000000.0,1698000000.0,4483000000.0,12215000000.0,0.3724539578,7818000000.0,0.2383827296,-1784000000.0,6034000000.0,0.1839858519,1332000000.0,4593000000.0,0.1400475668,1.09,1.09,4215000000,4221000000,https://www.sec.gov/Archives/edgar/data/732712/000073271224000052/0000732712-24-000052-index.htm,https://www.sec.gov/Archives/edgar/data/732712/000073271224000052/vz-20240630.htm,7.780782918149466,1.089679715302491,2.250296559905101,1.334756820877817,0.5769869513641755,23.140925266903917,-21.891814946619217,22.816607354685647,41.44199288256228,175934100000.0,346482100000.0,9.576208360548662,5.364498719356019,18.54866631523458,31.27161393530039,1.82936925508464,1.82936925508464,10.564767044761556,28.36529676627098,36.52947812335266,61.58586917881266,0.0261063659631646,0.0319778826276429,1.798652414424157,0.4562358563719517,13.9621776504298,0.6258592902016248,4.604240282685512,2.0172267120374308,0.0159264179030671,0.6100587851077727,0.0,0.0,0.5006330015350288,0.4068529256721138,0.11766678863276,0.8608074949810395,0.0,23.65191048614272,0.0176155112048815,0.0242588455261364,-61.458896797153024,-22750000000.0,-92274000000.0,-243551000000.0,299017000000.0,25463000000.0,0.0,1958500000.0,70.27167947310647,0.0,13.286023574693289,1.280743546686453,0.0,6.774035850081478,0.0477581832550014,0.9155397390272836,2024-07-22,1.15,bmo,33048020977.0,2025-04-25,2024-06-30,0.0,40.303333333333335,17572841.031746034
2024-03-31,VZ,USD,732712,2024-04-25,2024-04-25 09:00:52,2024,Q1,32981000000.0,12872000000.0,20109000000.0,0.6097146842,0,0.0,0.0,8143000000.0,10000000.0,12588000000.0,25460000000.0,78000000.0,1635000000.0,4445000000.0,12155000000.0,0.3685455262,7521000000.0,0.2280403869,-1446000000.0,6075000000.0,0.1841969619,1353000000.0,4602000000.0,0.1395348837,1.09,1.09,4215000000,4219000000,https://www.sec.gov/Archives/edgar/data/732712/000073271224000029/0000732712-24-000029-index.htm,https://www.sec.gov/Archives/edgar/data/732712/000073271224000029/vz-20240331.htm,7.824673784104389,1.091814946619217,1.680664294187426,0.5359430604982206,0.561091340450771,22.71079478054567,-22.31601423487545,22.380545670225384,42.05670225385528,178210200000.0,351479200000.0,9.68112777053455,5.403420150996028,25.15671936758893,78.88897742363878,1.8891407127864823,1.8891407127864823,10.657020708893,28.91642945290004,49.61592320722755,155.59061531651173,0.0258234377156863,0.0126760421120676,1.861831365149363,0.4620026410071601,14.254956807897983,0.7077436557215043,4.6,1.5002117746717492,0.01568933764734,0.6075619295958279,0.0,0.0,0.4992345288011827,0.6811123658949746,0.1462963524453473,1.0854893138357706,0.0,23.4477466127459,0.0168761604044785,0.0241739769921731,-62.16838671411625,-15674000000.0,-94062000000.0,-246475000000.0,306328000000.0,25202000000.0,5010500000.0,2066500000.0,69.09159819289894,0.0,14.51522684897452,1.3026185868320237,0.0,6.200385356454721,0.0487841075328089,1.1447212336892052,2024-04-22,1.12,bmo,33233338422.0,2025-04-25,2024-03-31,0.0267857142857141,40.3355737704918,20349250.18032787
2023-12-31,VZ,USD,732712,2024-02-09,2024-02-09 10:51:34,2023,Q4,35130000000.0,15182000000.0,19948000000.0,0.5678337603,0,5144000000.0,3847000000.0,8991000000.0,-980000000.0,13507000000.0,28689000000.0,89000000.0,1599000000.0,4516000000.0,4297000000.0,0.1223171079,600000000.0,0.0170794193,-2417000000.0,-1817000000.0,-0.0517221748,756000000.0,-2705000000.0,-0.0769997153,-0.64,-0.64,4214000000,4214000000,https://www.sec.gov/Archives/edgar/data/732712/000073271224000010/0000732712-24-000010-index.htm,https://www.sec.gov/Archives/edgar/data/732712/000073271224000010/vz-20231231.htm,8.336497389653536,-0.6419079259610821,2.0590887517797816,0.9667774086378738,0.4900332225913621,22.25889890840057,-22.726150925486472,21.93402942572378,41.893925011865214,158867800000.0,331744800000.0,-14.68279112754159,4.522282949046399,18.30906995505359,38.99553264604811,1.718790436005626,1.718790436005626,9.44334756618275,77.20381661624388,38.23266105796935,81.42974963181149,-0.0170267354366334,0.0256439630938428,1.89269717624148,0.4600649564108295,40.23202234116825,0.6916934408056667,0.3752345215759849,-3.3723280217644773,0.0175869496524783,-1.0329020332717191,0.1464275547964702,0.0,0.4985259891388673,0.5304828857900196,0.1310276117278679,1.019264836138175,0.015172217477939,,0.0024679460874539,-0.0141854757509649,-62.77853583293783,-16409000000.0,-95768000000.0,-249642000000.0,306194000000.0,24343500000.0,5010500000.0,2148500000.0,64.26558497011102,59.40521670399157,12.194045580292451,1.400438509069165,1.515018461231414,7.38065143412737,-0.0292653900248836,1.092311343141908,2024-01-23,1.07,bmo,34583100000.0,2025-04-25,2023-12-31,0.0093457943925233,35.3815873015873,22272762.206349205
2023-09-30,VZ,USD,732712,2023-10-26,2023-10-26 09:34:47,2023,Q3,33336000000.0,13437000000.0,19899000000.0,0.5969222462,0,0.0,0.0,7995000000.0,-13000000.0,12426000000.0,25863000000.0,98000000.0,1433000000.0,4431000000.0,12274000000.0,0.3681905448,7473000000.0,0.2241720662,-1281000000.0,6192000000.0,0.1857451404,1308000000.0,4762000000.0,0.1428485721,1.13,1.13,4213000000,4216000000,https://www.sec.gov/Archives/edgar/data/732712/000073271223000063/0000732712-23-000063-index.htm,https://www.sec.gov/Archives/edgar/data/732712/000073271223000063/vz-20230930.htm,7.912651317351056,1.1303109423213862,2.558272015191075,1.586517920721576,0.9992879183479706,23.519582245430808,-22.77972940897223,23.19985758366959,41.18276762402089,136543329999.99998,304403330000.0,7.168381457370852,4.095972222222222,12.668707552421598,20.42838569718731,1.3969913342404925,1.3969913342404925,9.131369390448764,24.800662375753625,28.243025607719428,45.542090065828845,0.0348753761901075,0.0489514940056024,1.760468994587737,0.4471325000649637,13.676063223073164,0.6846453652316037,5.21493370551291,2.206797706797707,0.0200961848520905,0.5762284754304914,0.0,0.0,0.506870566224047,0.3798478381889033,0.1228101751859851,0.9239449334236064,0.0,24.29030032667751,0.0170353983936565,0.0250934020477312,-62.35710894849276,-17558000000.0,-95971000000.0,-247623000000.0,310077000000.0,23394000000.0,0.0,2068000000.0,63.720302375809936,0.0,15.003348961821835,1.412422676044403,0.0,5.998660714285714,0.0487205983159574,0.9717540944694992,2023-10-24,1.18,bmo,33250500000.0,2025-04-25,2023-09-30,0.0338983050847458,33.78857142857142,25131047.07936508
2023-06-30,VZ,USD,732712,2023-07-28,2023-07-28 08:18:10,2023,Q2,32596000000.0,12764000000.0,19832000000.0,0.6084182108,0,0.0,0.0,8253000000.0,49000000.0,12612000000.0,25376000000.0,92000000.0,1285000000.0,4359000000.0,11984000000.0,0.3676524727,7220000000.0,0.2214995705,-1108000000.0,6112000000.0,0.1875076697,1346000000.0,4648000000.0,0.1425941833,1.1,1.1,4208000000,4213000000,https://www.sec.gov/Archives/edgar/data/732712/000073271223000055/0000732712-23-000055-index.htm,https://www.sec.gov/Archives/edgar/data/732712/000073271223000055/vz-20230630.htm,7.746197718631179,1.1045627376425855,2.3125,1.3353136882129275,1.1413973384030418,22.932984790874524,-22.47599809885931,22.621910646387832,42.52352661596958,156495520000.0,329346520000.0,8.41735800344234,4.801065161369493,16.08216216216216,27.85113365367503,1.6439813851858855,1.6439813851858855,10.103893729291938,27.482186248331107,33.845084780598086,58.61301299163552,0.0297005307244578,0.0359051811834613,1.8662506696920995,0.4675658959613638,14.423481308411215,0.7273363940549373,5.618677042801556,2.041754091481326,0.0175276582997391,0.5901462994836488,0.0,0.0,0.5029042912976537,0.422567053745761,0.1261504479077187,0.9433356274374856,0.0,23.71106682482469,0.0161972716498432,0.0246089985916536,-61.8613355513308,-14016000000.0,-94579000000.0,-246065000000.0,309680000000.0,23021000000.0,0.0,2138500000.0,64.01828445208001,0.0,13.368849890316516,1.4058483567670146,0.0,6.732067510548523,0.04882711964115,0.9771863117870724,2023-07-25,1.17,bmo,33278300000.0,2025-04-25,2023-06-30,0.0341880341880342,37.01306451612904,19803777.129032254
2023-03-31,VZ,USD,732712,2023-04-27,2023-04-27 10:52:48,2023,Q1,32912000000.0,13504000000.0,19408000000.0,0.5896937287,0,0.0,0.0,7506000000.0,-31000000.0,11824000000.0,25328000000.0,75000000.0,1207000000.0,4318000000.0,11915000000.0,0.3620260088,7584000000.0,0.2304326689,-1084000000.0,6500000000.0,0.1974963539,1482000000.0,4909000000.0,0.1491553233,1.17,1.17,4207000000,4211000000,https://www.sec.gov/Archives/edgar/data/732712/000073271223000029/0000732712-23-000029-index.htm,https://www.sec.gov/Archives/edgar/data/732712/000073271223000029/vz-20230331.htm,7.82315188970763,1.166864749227478,1.970287615878298,0.5540765391014975,0.5310197290230568,22.39576895650107,-22.86332303304017,22.07820299500832,42.67649156168291,163610230000.0,339709230000.0,8.332156752902833,4.971142136606709,19.73823501025456,70.18885885885886,1.7614658225940163,1.7614658225940163,10.321743740884784,28.51105581200168,40.98313789359392,145.7354054054054,0.0300042362876697,0.0142472753690279,1.9199745916906217,0.4721351491596861,14.779605539236258,0.7478228102495394,6.283347141673571,1.6518533280191312,0.0167715674013782,0.5589733143206356,0.0,0.0,0.504095669762467,0.7187839305103149,0.1810281964025279,1.379805465493284,0.0,24.07594708471889,0.0169114573404273,0.0262077507460853,-62.498336106489184,-12046000000.0,-96186000000.0,-247775000000.0,311293000000.0,23681000000.0,4375000000.0,2384500000.0,62.50121536217793,0.0,15.868631516587678,1.43997199859993,0.0,5.671566568668626,0.0528514367537654,1.4162110767768006,2023-04-25,1.2,bmo,33571100000.0,2025-04-25,2023-03-31,0.0,39.43645161290323,20444187.774193548
2022-12-31,VZ,USD,732712,2023-02-10,2023-02-10 11:54:36,2022,Q4,35251000000.0,15762000000.0,19489000000.0,0.5528637485,0,4490000000.0,3556000000.0,8046000000.0,3681000000.0,12264000000.0,28026000000.0,83000000.0,1105000000.0,4218000000.0,14134000000.0,0.4009531644,7225000000.0,0.2049587246,1586000000.0,8811000000.0,0.249950356,2113000000.0,6577000000.0,0.1865762673,1.56,1.56,4204000000,4207000000,https://www.sec.gov/Archives/edgar/data/732712/000073271223000012/0000732712-23-000012-index.htm,https://www.sec.gov/Archives/edgar/data/732712/000073271223000012/vz-20221231.htm,8.385109419600381,1.5644624167459562,2.1270218839200763,0.2147954329210276,0.6196479543292103,21.994053282588013,-23.183872502378687,21.680304471931493,42.206470028544246,165637600000.0,339363600000.0,6.296092443363236,4.6988057076395,18.523551778125697,183.4303433001107,1.8173176511893268,1.8173176511893268,9.627063062040794,24.01044290363662,37.95164392753299,375.8179401993356,0.0397071679377146,0.0054516607340362,1.9346418853682088,0.4644200379266751,12.291354181406538,0.7545594068286461,6.538461538461538,1.3350253807106598,0.0165361004989205,0.4164512695757944,0.1273722731270035,0.0,0.5002317741255794,0.8990158801163051,0.2280502680775013,1.905879563774301,0.0172761056423931,27.62526894753764,0.0159844263379492,0.0346610312407774,-63.04436251189343,-12314000000.0,-97465000000.0,-249360000000.0,311178000000.0,24088000000.0,4375000000.0,2760500000.0,62.56673569544126,49.96193376475066,13.63532546631138,1.438464049620501,1.8013714285714286,6.600502512562814,0.0721605371719476,1.9122264509990483,2023-01-24,1.19,bmo,35089735360.0,2025-04-25,2022-12-31,0.0,37.67809523809523,24951053.3968254
2022-09-30,VZ,USD,732712,2022-10-25,2022-10-25 15:20:39,2022,Q3,34241000000.0,14601000000.0,19640000000.0,0.573581379,0,0.0,0.0,7422000000.0,-521000000.0,11746000000.0,26347000000.0,32000000.0,937000000.0,4324000000.0,12346000000.0,0.3605618995,7894000000.0,0.2305423323,-1374000000.0,6520000000.0,0.1904149996,1496000000.0,4900000000.0,0.1431032972,1.17,1.17,4202000000,4204000000,https://www.sec.gov/Archives/edgar/data/732712/000073271222000050/0000732712-22-000050-index.htm,https://www.sec.gov/Archives/edgar/data/732712/000073271222000050/vz-20220930.htm,8.148738695859114,1.1661113755354593,2.506901475487863,1.0944788196097095,0.4954783436458829,21.12874821513565,-23.85840076154212,20.815801999048077,41.64207520228462,159549940000.0,331510940000.0,8.14030306122449,4.659616833620514,15.146187583064362,34.6923113720374,1.8240949833081808,1.8240949833081808,9.681695628048246,26.8516879961121,31.47056578697551,72.08326592737552,0.0307113872935332,0.0288248306455019,1.989790551973293,0.4640033058732571,13.928478859549651,0.7479347396548804,8.424759871931697,2.096735668789809,0.0168473896010239,0.5485714285714286,0.0,0.0,0.5039750459889627,0.563413707993165,0.1733302181595163,1.3725716928769658,0.0,23.36995354712186,0.0178429141558696,0.0263364399582916,-63.042836744407424,-13395000000.0,-100253000000.0,-246561000000.0,305233000000.0,23789500000.0,0.0,3389500000.0,62.21488858386145,0.0,19.31169098006986,1.4465990705534433,0.0,4.660389403127993,0.0560204874925687,1.4124226558781532,2022-10-21,1.29,bmo,33758171630.0,2025-04-25,2022-09-30,0.0232558139534883,44.53546875,20364570.8125
2022-06-30,VZ,USD,732712,2022-07-28,2022-07-28 09:19:44,2022,Q2,33789000000.0,14420000000.0,19369000000.0,0.5732338927,0,0.0,0.0,7496000000.0,-22000000.0,11817000000.0,26237000000.0,21000000.0,785000000.0,4321000000.0,12072000000.0,0.3572760366,7552000000.0,0.2235046909,-695000000.0,6857000000.0,0.2029358667,1542000000.0,5199000000.0,0.153866643,1.24,1.24,4201000000,4202000000,https://www.sec.gov/Archives/edgar/data/732712/000073271222000043/0000732712-22-000043-index.htm,https://www.sec.gov/Archives/edgar/data/732712/000073271222000043/vz-20220630.htm,8.043084979766721,1.23756248512259,2.5812901690073797,1.365627231611521,0.442037610092835,20.79433468221852,-24.11116400856939,20.47512497024518,41.97833849083552,213200750000.0,386909750000.0,10.252007597614924,6.30976797182515,19.66071099225378,37.16241066759631,2.4786173502604165,2.4786173502604165,11.450760602562964,32.0501780980782,35.679615455551456,67.44112776712568,0.0243854676871446,0.0269089109677147,2.0410853794642856,0.4743142589295604,14.38941351888668,0.7618031854379977,9.620382165605095,2.040263405456256,0.0127766905135183,0.5239469128678592,0.0,0.0,0.5096569741210925,0.4709516783474732,0.1511438633874929,1.181902337421893,0.0,23.877458976634745,0.0173336391762397,0.0286447859216855,-62.17049512020947,-11725000000.0,-101291000000.0,-245291000000.0,305331000000.0,23762000000.0,0.0,3652500000.0,63.68374323004529,0.0,22.755894590846047,1.4132335103935756,0.0,3.955019199122326,0.0604422433035714,1.215662937395858,2022-07-22,1.32,bmo,33735301120.0,2025-04-25,2022-06-30,-0.0075757575757575,50.58403225806452,23242724.887096774
2022-03-31,VZ,USD,732712,2022-04-27,2022-04-27 11:04:20,2022,Q1,33554000000.0,14350000000.0,19204000000.0,0.5723311677,0,0.0,0.0,7172000000.0,297000000.0,11408000000.0,25758000000.0,10000000.0,786000000.0,4236000000.0,12331000000.0,0.3674971687,7796000000.0,0.2323418966,-1713000000.0,6083000000.0,0.1812898611,1372000000.0,4580000000.0,0.1364963939,1.09,1.09,4201000000,4202000000,https://www.sec.gov/Archives/edgar/data/732712/000073271222000019/0000732712-22-000019-index.htm,https://www.sec.gov/Archives/edgar/data/732712/000073271222000019/vz-20220331.htm,7.9871459176386574,1.0902166150916448,1.6236610330873602,-0.1994763151630564,0.3953820518924065,20.27493453939538,-24.51059271602,19.93858605094025,43.07236372292312,213998940000.0,392498940000.0,11.681164847161572,6.377747511474042,31.3735434686996,-255.3686634844869,2.5548451565148875,2.5548451565148875,11.697530547773738,31.83026031951991,57.54272687289254,-468.3758233890215,0.021401975168662,-0.0039159072470172,2.150867935340608,0.4926254251933194,14.475711621117508,0.7637651604593754,9.91857506361323,1.44788792188495,0.0124019305890019,0.5794759825327511,0.0,0.0,0.514453838497632,1.12285588623369,0.2282589259104726,1.8080736543909348,0.0,22.11540188124139,0.0179478496224196,0.0257923546505079,-61.73274220423709,-11005000000.0,-102969000000.0,-244961000000.0,304476000000.0,23730500000.0,4020000000.0,3357000000.0,63.34118137926924,0.0,22.94843205574913,1.4208765615075163,0.0,3.921836567368133,0.0546787325995081,1.8231373482504163,2022-04-22,1.35,bmo,33614740145.0,2025-04-25,2022-03-31,0.0,52.972096774193545,24504384.096774194
2021-12-31,VZ,USD,732712,2022-02-11,2022-02-11 14:04:46,2021,Q4,34067000000.0,14996000000.0,19071000000.0,0.5598086124,0,4018000000.0,3394000000.0,7412000000.0,2670000000.0,11463000000.0,26459000000.0,11000000.0,739000000.0,4051000000.0,10934000000.0,0.3209557636,7608000000.0,0.223324625,-1464000000.0,6144000000.0,0.1803504858,1407000000.0,4613000000.0,0.135409634,1.11,1.11,4167000000,4169000000,https://www.sec.gov/Archives/edgar/data/732712/000073271222000008/0000732712-22-000008-index.htm,https://www.sec.gov/Archives/edgar/data/732712/000073271222000008/vz-20211231.htm,8.175425965922726,1.1070314374850012,2.010319174466043,0.331893448524118,0.700983921286297,19.96640268778497,-25.1257499400048,19.62802975761939,42.87712982961363,216517320000.0,391526320000.0,11.734084110123565,6.3556321366718525,25.846641995941265,156.55626898047723,2.647234625259812,2.647234625259812,11.492832359761646,35.80815072251692,46.73824997015638,283.099291395517,0.0213054549169553,0.0063874797637436,2.175449321432938,0.4853571779288372,16.005944759465887,0.7787955894826124,10.294993234100136,1.7684188304834283,0.0122299684847383,0.5740299154563191,0.1179440514280682,0.0,0.5125506006612184,0.8349050972901993,0.2053013179910177,1.7264872870896075,0.018346200135028,22.111061370849093,0.0177353019043774,0.025814647140131,-62.65010799136069,-10432000000.0,-104699000000.0,-246668000000.0,305046000000.0,23020500000.0,4020000000.0,2679000000.0,62.997622332462505,48.25286743131502,18.334889303814357,1.428625345969974,1.8651741293532336,4.908674304418986,0.0564005379630761,1.6784257259419246,2022-01-25,1.28,bmo,33175800000.0,2025-04-25,2021-12-31,0.0234375,52.17328125,21468867.5
2021-09-30,VZ,USD,732712,2021-10-26,2021-10-26 10:52:05,2021,Q3,32915000000.0,13528000000.0,19387000000.0,0.5890019748,0,0.0,0.0,6521000000.0,258000000.0,10482000000.0,24010000000.0,11000000.0,801000000.0,3961000000.0,13136000000.0,0.3990885614,8905000000.0,0.2705453441,-531000000.0,8374000000.0,0.2544128817,1820000000.0,6407000000.0,0.1946528938,1.55,1.55,4142000000,4144000000,https://www.sec.gov/Archives/edgar/data/732712/000073271221000054/0000732712-21-000054-index.htm,https://www.sec.gov/Archives/edgar/data/732712/000073271221000054/vz-20210930.htm,7.946644133268952,1.5468372766779337,2.589087397392564,0.9246740704973444,2.398841139546113,18.94954128440367,-23.94664413326895,18.600676001931436,43.18903911154032,223709420000.0,391861420000.0,8.729101763695956,6.796579674920249,20.860632226781053,58.409770234986944,2.9036579097658484,2.9036579097658484,11.905253531824396,29.8311068818514,36.54060238716897,102.3136866840731,0.0286398310808726,0.017120423449312,2.3115103057992834,0.5038462953060768,12.800852618757611,0.9738623724551476,11.117353308364544,1.6362526701251143,0.011617749489494,0.4056500702356797,0.0,0.0,0.5026806655406457,0.6428571428571429,0.2094485796749202,1.7404695783892956,0.0,25.44356358201254,0.0215557971694331,0.0364487629493517,-59.68958232737808,-1081000000.0,-99187000000.0,-234691000000.0,300320000000.0,21726000000.0,0.0,1862000000.0,60.68813610815738,0.0,15.3215552927262,1.482991664789367,0.0,5.874077290490664,0.0831602720523337,1.6644133268952197,2021-10-20,1.36,bmo,33743500000.0,2025-04-25,2021-09-30,0.0367647058823528,55.3165625,14869277.125
2021-06-30,VZ,USD,732712,2021-07-28,2021-07-28 08:24:32,2021,Q2,33764000000.0,14255000000.0,19509000000.0,0.5778047625,0,0.0,0.0,7324000000.0,491000000.0,11344000000.0,25599000000.0,11000000.0,844000000.0,4020000000.0,12688000000.0,0.3757848596,8165000000.0,0.2418256131,-341000000.0,7824000000.0,0.2317260988,1875000000.0,5800000000.0,0.1717805947,1.4,1.4,4141000000,4143000000,https://www.sec.gov/Archives/edgar/data/732712/000073271221000046/0000732712-21-000046-index.htm,https://www.sec.gov/Archives/edgar/data/732712/000073271221000046/vz-20210630.htm,8.153586090316349,1.4006278676648152,2.594542381067375,1.4554455445544554,1.1246075827094906,18.138613861386137,-24.32963052402801,17.793769620864527,43.46824438541415,232020230000.0,406521230000.0,10.00087198275862,6.8718229475180665,21.59533041697692,38.49680272108843,3.1488549752999293,3.1488549752999293,12.040079078308258,32.03981951450189,37.83704672375279,67.45001327360212,0.0249978202331753,0.0259761831974737,2.4314369469627057,0.513067384518457,13.753231399747794,0.8889166126054194,9.674170616113743,1.8060178181206925,0.0111929895078545,0.4477586206896551,0.0,0.0,0.5036255333772445,0.4390357408786299,0.1397050112545907,1.1733830845771145,0.0,23.680268495950063,0.0193999059153637,0.0334623750209139,-61.04026805119536,-4452000000.0,-100749000000.0,-238452000000.0,293791000000.0,21882000000.0,0.0,1362000000.0,56.661829167160285,0.0,8.971588916169765,1.5883708895893118,0.0,10.031667839549613,0.0787145106128874,1.1390968365129197,2021-07-21,1.3,bmo,33738800000.0,2025-04-25,2021-06-30,0.0538461538461538,57.389047619047616,16369019.333333334
2021-03-31,VZ,USD,732712,2021-04-27,2021-04-27 09:12:52,2021,Q1,32867000000.0,13522000000.0,19345000000.0,0.5885842943,0,0.0,0.0,7401000000.0,386000000.0,11575000000.0,25097000000.0,15000000.0,1101000000.0,4174000000.0,12353000000.0,0.3758481151,7770000000.0,0.2364073387,-692000000.0,7078000000.0,0.2153527855,1700000000.0,5245000000.0,0.15958256,1.27,1.27,4141000000,4142000000,https://www.sec.gov/Archives/edgar/data/732712/000073271221000024/0000732712-21-000024-index.htm,https://www.sec.gov/Archives/edgar/data/732712/000073271221000024/vz-20210331.htm,7.936971745955083,1.266602269983096,2.340980439507365,-9.558802221685584,2.464380584399904,17.55204056991065,-25.346534653465348,17.201642115431056,43.68630765515576,240799150000.0,410398150000.0,11.47755719733079,7.326471841056379,24.840019599752424,-6.08339817598464,3.380491211814914,3.380491211814914,12.486632488514315,33.222549178337246,42.33527439653394,-10.368040572973246,0.0217816383488064,-0.1643818094872843,2.52420260557053,0.5203068526765691,13.72937747915486,1.0236767363800672,7.0572207084468666,1.802528821123094,0.0108015331449467,0.4959008579599618,0.0,0.0,0.5140534706125768,5.083247369506911,1.4992849971095628,11.805701964542406,0.0,22.14095473085884,0.0184966989178689,0.0312332519502173,-59.20146099975851,917000000.0,-104960000000.0,-233243000000.0,295751000000.0,23212000000.0,3333500000.0,1549500000.0,61.63111935984422,0.0,8.67253364886851,1.4603012396143422,0.0,10.377590176515731,0.0736326370170709,11.89978266119295,2021-04-21,1.29,bmo,32357434108.0,2025-04-25,2021-03-31,0.0155038759689922,56.43114754098361,20832018.93442623
2020-12-31,VZ,USD,732712,2021-02-25,2021-02-25 14:08:10,2020,Q4,34692000000.0,14822000000.0,19870000000.0,0.5727545255,0,5386000000.0,3107000000.0,8493000000.0,277000000.0,12690000000.0,27512000000.0,16000000.0,1080000000.0,4197000000.0,11530000000.0,0.3323532803,7180000000.0,0.2069641416,-927000000.0,6253000000.0,0.1802432838,1535000000.0,4588000000.0,0.13224951,1.11,1.11,4140000000,4143000000,https://www.sec.gov/Archives/edgar/data/732712/000073271221000012/0000732712-21-000012-index.htm,https://www.sec.gov/Archives/edgar/data/732712/000073271221000012/vz-20201231.htm,8.379710144927536,1.1082125603864734,2.245410628019324,1.239855072463768,5.355314009661836,16.732367149758453,-15.406521739130437,16.38695652173913,36.62487922705314,243225000000.0,371601000000.0,13.253323888404534,7.010982359045313,26.164479345955247,47.38457042665108,3.585168479702839,3.585168479702839,10.711432030439294,32.229054640069386,39.97429001721171,72.39450613676213,0.0188631925172165,0.0211039161270428,2.219082574216562,0.4756904837889162,11.134084995663487,1.3765506807866867,6.648148148148148,1.970326409495549,0.0106732449378147,0.5658238884045336,0.1552519312809869,0.0,0.4204201832021511,0.4478270223752151,0.1199988469964256,0.9918989754586608,0.022483569699066,20.213985220329825,0.0189291847507668,0.0250128117060831,-49.80730676328503,14934000000.0,-63783000000.0,-192615000000.0,265353000000.0,23267000000.0,3333500000.0,1626500000.0,62.04686959529574,40.48239104034543,10.905410875725272,1.4505163691098382,2.223188840557972,8.252783964365257,0.0676277232392913,1.0055555555555555,2021-01-26,1.17,bmo,33505948717.0,2025-04-25,2020-12-31,0.0341880341880342,59.39328125,15030607.8125
2020-09-30,VZ,USD,732712,2020-10-27,2020-10-27 11:25:00,2020,Q3,31543000000.0,12334000000.0,19209000000.0,0.6089782202,0,0.0,0.0,7339000000.0,-787000000.0,11531000000.0,23865000000.0,13000000.0,1044000000.0,4192000000.0,11087000000.0,0.3514884443,7678000000.0,0.2434137527,-1827000000.0,5851000000.0,0.1854928193,1347000000.0,4357000000.0,0.1381289034,1.05,1.05,4140000000,4142000000,https://www.sec.gov/Archives/edgar/data/732712/000073271220000061/0000732712-20-000061-index.htm,https://www.sec.gov/Archives/edgar/data/732712/000073271220000061/vz-20200930.htm,7.619082125603865,1.052415458937198,2.154589371980676,1.0666666666666669,2.169806763285024,16.070048309178745,-15.416908212560386,15.717149758454106,33.394444444444446,246288600000.0,374514600000.0,14.13177645168694,7.808027137558254,27.61082959641256,55.771875,3.785037421813767,3.785037421813767,11.873144596265416,33.77961576621268,41.985941704035874,84.8085597826087,0.0176906279868414,0.0179301843447077,2.108669258786826,0.4619924981649461,11.56543699828628,1.065966560729584,7.354406130268199,1.980461811722913,0.0103374658835203,0.5843470277714023,0.0,0.0,0.4389179579385442,0.5049327354260089,0.1427892083822084,1.0744274809160306,0.0,19.291756165915363,0.0218844291618166,0.0261464971975179,-49.22457729468599,2387000000.0,-63826000000.0,-191892000000.0,248605000000.0,22644500000.0,0.0,1373000000.0,64.5319088228767,0.0,10.631587481757744,1.3946588849095811,0.0,8.465339739190117,0.0669596889455808,1.0879227053140097,2020-10-21,1.22,bmo,30785968000.0,2025-04-25,2020-09-30,0.0245901639344262,58.10140625,13434346.6875
2020-06-30,VZ,USD,732712,2020-07-28,2020-07-28 11:13:43,2020,Q2,30447000000.0,11749000000.0,18698000000.0,0.6141163333,0,0.0,0.0,7156000000.0,-88000000.0,11337000000.0,23086000000.0,16000000.0,1089000000.0,4181000000.0,11827000000.0,0.3884454955,7361000000.0,0.2417643774,-1174000000.0,6187000000.0,0.2032055703,1348000000.0,4700000000.0,0.1543666043,1.14,1.13,4139000000,4141000000,https://www.sec.gov/Archives/edgar/data/732712/000073271220000052/0000732712-20-000052-index.htm,https://www.sec.gov/Archives/edgar/data/732712/000073271220000052/vz-20200630.htm,7.356124667794153,1.135539985503745,3.5583474269147137,2.06837400338246,1.904324716115004,15.489973423532254,-15.926793911572844,15.14786180236772,32.70306837400338,228183070000.0,354570070000.0,12.137397340425531,7.494435248136106,15.493147066811517,26.653786940777948,3.639457549803021,3.639457549803021,11.645484612605513,29.97971336771793,24.07455662683324,41.416898726784254,0.0205974965627379,0.0375181208667233,2.1415538223519466,0.4578512509420001,10.686310983343198,0.960062747518387,6.75941230486685,3.043604050423641,0.0111445603742644,0.541063829787234,0.0,0.0,0.4434100914208941,0.4187262357414448,0.2025486911682596,1.4750059794307582,0.0,19.672889019108272,0.021783367577674,0.0287946086690151,-49.194370620922925,-1553000000.0,-65921000000.0,-191813000000.0,243666000000.0,23234500000.0,0.0,1461000000.0,67.0174401418859,0.0,9.874031832496382,1.3429340155257588,0.0,9.114817688130334,0.0749637143722985,1.489973423532254,2020-07-24,1.15,bmo,29672923728.0,2025-04-25,2020-06-30,0.0260869565217391,56.25285714285714,16947252.14285714
2020-03-31,VZ,USD,732712,2020-04-27,2020-04-27 11:29:02,2020,Q1,31610000000.0,12296000000.0,19314000000.0,0.6110091743,0,0.0,0.0,8585000000.0,123000000.0,12735000000.0,25031000000.0,20000000.0,1034000000.0,4150000000.0,10860000000.0,0.3435621639,6579000000.0,0.2081303385,-903000000.0,5676000000.0,0.1795634293,1389000000.0,4156000000.0,0.1314773806,1.0,1.0,4139000000,4141000000,https://www.sec.gov/Archives/edgar/data/732712/000073271220000027/0000732712-20-000027-index.htm,https://www.sec.gov/Archives/edgar/data/732712/000073271220000027/a2020q110-q.htm,7.637110413143271,1.0041072722879922,2.131915921720222,0.8069582024643633,1.7025851654989128,14.89562696303455,-15.60062817105581,14.546992027059677,33.8772650398647,222388470000.0,354525470000.0,13.377554740134745,7.035383422967415,25.20268245693563,66.583374251497,3.6935470852017938,3.6935470852017938,11.215611198987665,32.64507090239411,40.177410471441526,106.1453502994012,0.0186880192125068,0.0150187642371926,2.3116425842883244,0.4726112054329371,12.16731123388582,0.9914265533282997,6.362669245647969,2.0583158385817586,0.0114529318898592,0.6128488931665063,0.0,0.0,0.4286044142614601,0.6214868540344515,0.1734894020879468,1.32144578313253,0.0,18.12875232597203,0.0185446586002288,0.0246975207397371,-50.04487798985262,-352000000.0,-64571000000.0,-192142000000.0,240521000000.0,24613000000.0,3862500000.0,1527500000.0,67.75482442265107,0.0,11.95266753415745,1.3283186956339037,0.0,7.529699938763013,0.0690250788905497,1.3249577192558588,2020-04-24,1.22,bmo,30606507936.0,2025-04-25,2020-03-31,0.0327868852459016,57.21548387096775,21128578.91935484
2019-12-31,VZ,USD,732712,2020-02-21,2020-02-21 11:20:18,2019,Q4,34775000000.0,15631000000.0,19144000000.0,0.5505104242,0,5237000000.0,3071000000.0,8308000000.0,1804000000.0,12413000000.0,28044000000.0,27000000.0,1159000000.0,4105000000.0,8976000000.0,0.258116463,6639000000.0,0.1909130122,-2927000000.0,3712000000.0,0.1067433501,-1505000000.0,5095000000.0,0.1465132998,1.23,1.23,4139000000,4141000000,https://www.sec.gov/Archives/edgar/data/732712/000073271220000014/0000732712-20-000014-index.htm,https://www.sec.gov/Archives/edgar/data/732712/000073271220000014/a2019q410-k.htm,8.401787871466539,1.2309736651365064,2.1739550616090844,0.6745590722396714,0.6267214302971732,15.181203189176127,-15.972698719497464,14.83329306595796,32.44793428364339,254134600000.0,384683600000.0,12.46980372914622,7.307968368080518,28.24345410091131,91.0224212034384,4.13933707956674,4.13933707956674,11.06207332854062,42.8569073083779,42.75212269393199,137.78065902578797,0.0200484310282818,0.0109863041081379,2.1686293672123136,0.4563958769671645,14.544229055258468,0.8351832040652581,5.728213977566868,1.724746022618363,0.0100025734394293,0.4989205103042198,0.1505966930265995,0.0,0.4420091386810271,0.6897088241831518,0.1784615384615384,1.5118148599269183,0.0250754852624011,20.26909828920713,0.0357640301685313,0.0312997217119934,-49.8949625513409,-7395000000.0,-66111000000.0,-191419000000.0,236160000000.0,25071000000.0,3862500000.0,1480000000.0,65.811933860532,44.47892009468364,8.187575970827202,1.3675331314640764,2.023430420711974,10.992264416315049,0.0829872139425034,1.4993959893694129,2020-01-30,1.14,bmo,35082743362.0,2025-04-25,2019-12-31,-0.0087719298245614,60.318125,11135429.234375
2019-09-30,VZ,USD,732712,2019-10-30,2019-10-30 12:18:19,2019,Q3,32894000000.0,13384000000.0,19510000000.0,0.5931172858,0,0.0,0.0,7216000000.0,-144000000.0,11330000000.0,24714000000.0,34000000.0,1146000000.0,4114000000.0,12183000000.0,0.3703714963,8180000000.0,0.2486775704,-1257000000.0,6923000000.0,0.2104639144,1586000000.0,5194000000.0,0.157901137,1.26,1.25,4138000000,4140000000,https://www.sec.gov/Archives/edgar/data/732712/000073271219000063/0000732712-19-000063-index.htm,https://www.sec.gov/Archives/edgar/data/732712/000073271219000063/a2019q310-q.htm,7.949250845819236,1.2551957467375543,2.6370227162880617,1.5579990333494442,0.7298211696471726,14.57515708071532,-16.42218463025616,14.239004349927502,31.879652005799905,249769680000.0,377521680000.0,12.022029264536004,7.593168358971241,22.889450146627567,38.74200093066543,4.239060436856129,4.239060436856129,11.47691615492187,30.987579413937453,34.596928152492666,58.5577291763611,0.0207951581633126,0.0258117798765646,2.2194463773527264,0.4590504607283896,10.486087170647624,0.8899742406080237,7.137870855148342,2.0445943413902943,0.0099811954757679,0.4799768964189449,0.0,0.0,0.4502571303203159,0.4091825513196481,0.1357390405545084,1.0853184248906174,0.0,20.05334381594868,0.0245892342400146,0.0331656109521863,-48.87367085548574,-4314000000.0,-67955000000.0,-189668000000.0,235020000000.0,24819500000.0,0.0,1352500000.0,67.61628260473034,0.0,10.34219964136282,1.3310403431392384,0.0,8.70221066319896,0.0881519322482646,1.0790236829386175,2019-10-25,1.24,bmo,32630848000.0,2025-04-25,2019-09-30,0.0080645161290322,57.59015625,11840604.328125
2019-06-30,VZ,USD,732712,2019-08-08,2019-08-08 13:04:24,2019,Q2,32071000000.0,12721000000.0,19350000000.0,0.6033488198,0,0.0,0.0,7268000000.0,-1343000000.0,11500000000.0,24221000000.0,31000000.0,1215000000.0,4232000000.0,10757000000.0,0.3354120545,7850000000.0,0.2447694179,-2540000000.0,5310000000.0,0.1655701412,1236000000.0,3944000000.0,0.1229771445,0.95,0.95,4138000000,4139000000,https://www.sec.gov/Archives/edgar/data/732712/000073271219000052/0000732712-19-000052-index.htm,https://www.sec.gov/Archives/edgar/data/732712/000073271219000052/a2019q210-q.htm,7.750362493958434,0.9531174480425326,2.1157564040599324,1.1988883518608022,0.4710004833252779,14.00362493958434,-17.035282745287578,13.673755437409376,32.86466892218463,234459080000.0,367289080000.0,14.86175709939148,7.31062579900845,26.78002055968018,47.26044749042532,4.143704358276484,4.143704358276484,11.452373795640922,34.144192618759874,41.95192233009709,74.03529127192098,0.0168216986947146,0.0211593426025556,2.3820119472623804,0.4760692032722494,12.348238356419076,0.8716177317213587,6.460905349794238,2.148993618065783,0.0106287203720154,0.6318458417849898,0.0,0.0,0.4536749226443619,0.4333523700742432,0.1183000218265722,0.8965028355387523,0.0,17.124124356368704,0.0234512300846968,0.0254996153075276,-49.283228612856455,-4906000000.0,-70492000000.0,-191853000000.0,233818000000.0,24697500000.0,0.0,1292000000.0,69.94917526737551,0.0,8.256426381573775,1.286648479499318,0.0,10.900599828620392,0.0697041461949029,0.91686805219913,2019-08-01,1.2,bmo,31288780487.0,2025-04-25,2019-06-30,0.025,57.62,13385604.73015873
2019-03-31,VZ,USD,732712,2019-04-26,2019-04-26 11:48:08,2019,Q1,32128000000.0,12990000000.0,19138000000.0,0.5956797809,0,0.0,0.0,7198000000.0,266000000.0,11429000000.0,24419000000.0,29000000.0,1210000000.0,4231000000.0,12229000000.0,0.3806337151,7709000000.0,0.2399464641,-921000000.0,6788000000.0,0.2112798805,1628000000.0,5032000000.0,0.156623506,1.22,1.22,4138000000,4140000000,https://www.sec.gov/Archives/edgar/data/732712/000073271219000024/0000732712-19-000024-index.htm,https://www.sec.gov/Archives/edgar/data/732712/000073271219000024/a2019q110-q.htm,7.764137264378927,1.2160463992266797,1.7112131464475593,0.6546640889318511,0.5611406476558723,13.88593523441276,-17.162880618656356,13.498308361527307,33.06839052682455,244514420000.0,377819420000.0,12.147973966613677,7.610633092629482,34.53105776020336,90.26002953119232,4.377585577198511,4.377585577198511,11.759817604581674,30.89536511570856,53.35678858918232,139.46822443706165,0.0205795633648109,0.0110791011834803,2.428154540246348,0.4776489978763643,10.90072777823207,0.8650503794648639,6.37107438016529,1.3722868217054265,0.0101793587470219,0.4946343402225755,0.0,0.0,0.4524788076648107,0.6174269171021042,0.1360806772908366,1.0333254549751831,0.0,19.21790333960627,0.022806340361728,0.0323669974978612,-49.56615514741421,-5210000000.0,-71020000000.0,-193090000000.0,234224000000.0,24785500000.0,3616000000.0,1376500000.0,68.54488296812748,0.0,9.817551963048498,1.313008296211533,0.0,9.16725476358504,0.0900887997708393,1.0565490575157082,2019-04-23,1.17,bmo,31324800000.0,2025-04-25,2019-03-31,0.0256410256410256,56.6316393442623,15261065.803278688
2018-12-31,VZ,USD,732712,2019-02-15,2019-02-15 13:42:40,2018,Q4,34281000000.0,15291000000.0,18990000000.0,0.5539511683,0,21673000000.0,2682000000.0,9410000000.0,1832000000.0,13762000000.0,29053000000.0,33000000.0,1199000000.0,4352000000.0,6918000000.0,0.2018027479,637000000.0,0.0185817217,730000000.0,1367000000.0,0.0398763163,-698000000.0,1939000000.0,0.0565619439,0.47,0.47,4137000000,4141000000,https://www.sec.gov/Archives/edgar/data/732712/000073271219000012/0000732712-19-000012-index.htm,https://www.sec.gov/Archives/edgar/data/732712/000073271219000012/a2018q410-k.htm,8.286439448875997,0.4686971235194585,1.9567319313512208,0.8075900410925791,0.6635242929659173,13.224558859076623,-17.841189267585207,12.846265409717189,27.619531061155428,232582140000.0,342900140000.0,29.987382671480145,6.784578629561564,28.731579987646697,69.6145285842562,4.37636917866215,4.37636917866215,10.002629444882004,49.56636889274357,42.359498455836935,102.6339838371745,0.0083368396214773,0.014364817522102,2.127443785868849,0.4269283197837095,15.946516334200636,0.9131558133403638,0.5312760633861552,3.920096852300242,0.0107015955739335,1.2836513666838576,0.6322160963799189,0.0,0.4852905082147348,0.5872760963557752,0.1386774014760363,1.0923713235294117,0.0210028878970858,11.639272830542044,0.0041106449540229,0.0142249284718656,-45.41443074691806,-3294000000.0,-73809000000.0,-175483000000.0,214511000000.0,24557000000.0,3616000000.0,1303000000.0,65.90181149908112,42.56621542083579,7.863449087698647,1.3656680742570313,2.1143528761061945,11.445359281437126,0.036485087966883,1.1491418902586414,2019-01-29,1.09,bmo,33362758928.0,2025-04-25,2018-12-31,0.0275229357798165,56.74206349206349,19029706.825396825
2018-09-30,VZ,USD,732712,2018-10-30,2018-10-30 11:47:34,2018,Q3,32607000000.0,13331000000.0,19276000000.0,0.5911614071,0,0.0,0.0,7224000000.0,189000000.0,11601000000.0,24932000000.0,25000000.0,1211000000.0,4377000000.0,12263000000.0,0.3760848897,7675000000.0,0.2353789064,-1000000000.0,6675000000.0,0.204710645,1613000000.0,4924000000.0,0.1510105192,1.19,1.19,4136000000,4140000000,https://www.sec.gov/Archives/edgar/data/732712/000073271218000055/0000732712-18-000055-index.htm,https://www.sec.gov/Archives/edgar/data/732712/000073271218000055/a2018q310-q.htm,7.883704061895552,1.190522243713733,2.372098646034816,1.3227756286266923,0.6136363636363636,13.56068665377176,-18.580754352030947,13.175773694390717,27.599854932301746,222682240000.0,333086240000.0,11.3059626320065,6.829277149078418,22.69720110080522,40.70229208554195,4.086287549316451,4.086287549316451,10.215175882479222,27.16188860800783,33.95028437468148,60.88214951562786,0.0221122259233605,0.0245686409477468,2.0725204147169465,0.4252942815613679,9.003017206230123,0.970351508765768,6.337737407101569,1.9381667325167915,0.0109483360684713,0.4951259138911454,0.0,0.0,0.5005874334430378,0.4423606156355111,0.1331002545465697,0.9915467214987436,0.0,18.78659528439053,0.0244658489174941,0.0371272384542884,-45.52538684719536,-1013000000.0,-76850000000.0,-176321000000.0,219388000000.0,23555500000.0,0.0,1186000000.0,66.27656638145183,0.0,8.574000450078765,1.357946026986507,0.0,10.496850393700788,0.0903569134783007,1.0493230174081238,2018-10-23,1.19,bmo,31805188524.0,2025-04-25,2018-09-30,0.0252100840336134,52.93142857142857,12959047.111111112
2018-06-30,VZ,USD,732712,2018-07-31,2018-07-31 10:59:56,2018,Q2,32203000000.0,13631000000.0,18572000000.0,0.576716455,0,0.0,0.0,7605000000.0,340000000.0,11955000000.0,25586000000.0,20000000.0,1222000000.0,4350000000.0,11099000000.0,0.3446573301,6617000000.0,0.2054777505,-1090000000.0,5527000000.0,0.1716299724,1281000000.0,4120000000.0,0.1279383908,1.0,1.0,4135000000,4139000000,https://www.sec.gov/Archives/edgar/data/732712/000073271218000044/0000732712-18-000044-index.htm,https://www.sec.gov/Archives/edgar/data/732712/000073271218000044/a2018q210-q.htm,7.787908101571947,0.996372430471584,2.366384522370012,1.5269649334945588,0.4232164449818621,12.956469165659009,-19.187666263603383,12.5813784764208,28.019830713422007,208031850000.0,320921850000.0,12.62329186893204,6.460014594913518,21.26028104241185,32.94771143490656,3.9987669152698753,3.9987669152698753,9.965588609756855,28.914483286782595,32.79732754215636,50.82702724105163,0.0198046597191728,0.0303511217152565,2.2035983392280487,0.4353919248926142,10.17118659338679,0.9550558322249374,5.414893617021277,2.304521902967499,0.011719359319258,0.591747572815534,0.0,0.0,0.5048024519280069,0.3547266223811957,0.1077849889761823,0.7979310344827586,0.0,16.79446693565387,0.0214996163004964,0.0315982421560431,-45.97406287787182,-1453000000.0,-79341000000.0,-178852000000.0,219244000000.0,22847000000.0,0.0,1193500000.0,64.55640778809428,0.0,7.276061917687624,1.3941296160006926,0.0,12.369328493647911,0.0791942180532062,0.8394195888754534,2018-07-24,1.14,bmo,30592850000.0,2025-04-25,2018-06-30,0.0526315789473684,48.40515625,15970081.90625
2018-03-31,VZ,USD,732712,2018-05-01,2018-05-01 12:36:20,2018,Q1,31772000000.0,13255000000.0,18517000000.0,0.5828087624,0,0.0,0.0,6844000000.0,-91000000.0,11168000000.0,24423000000.0,16000000.0,1201000000.0,4324000000.0,12035000000.0,0.3787926476,7349000000.0,0.2313042931,-1295000000.0,6054000000.0,0.1905451341,1388000000.0,4545000000.0,0.1430504847,1.11,1.11,4104000000,4107000000,https://www.sec.gov/Archives/edgar/data/732712/000073271218000022/0000732712-18-000022-index.htm,https://www.sec.gov/Archives/edgar/data/732712/000073271218000022/a2018q110-q.htm,7.741715399610136,1.1074561403508771,1.6198830409356726,0.2743664717348928,0.4685672514619883,12.75462962962963,-19.60696881091618,12.373538011695906,29.30263157894737,196253280000.0,313387280000.0,10.7950099009901,6.176925594863402,29.520649819494583,174.29243339253998,3.864699001595085,3.864699001595085,9.863630869948382,26.03965766514333,47.14008423586041,278.31907637655416,0.02315884860625,0.0057374837251127,2.3445186191685865,0.4500937561432956,9.732779393435813,0.9813379724814172,6.119067443796836,1.4247749678525503,0.0122647631672703,0.5295929592959296,0.0,0.0,0.5020943912655567,0.8306257521058965,0.1738008309203071,1.2770582793709528,0.0,17.559068585794815,0.0236769532909186,0.0345092024539877,-46.944261695906434,-590000000.0,-80467000000.0,-181146000000.0,220144000000.0,23044000000.0,3531500000.0,1159500000.0,64.00446934407655,0.0,8.72500943040362,1.4061518034963487,0.0,10.315175097276263,0.0895019790866662,1.3455165692007798,2018-04-24,1.1,bmo,29871111111.0,2025-04-25,2018-03-31,0.0636363636363634,50.25704918032787,17991745.393442623
2017-12-31,VZ,USD,732712,2018-02-23,2018-02-23 13:15:54,2017,Q4,33955000000.0,15175000000.0,18780000000.0,0.5530849654,0,18805000000.0,2643000000.0,9531000000.0,-659000000.0,13987000000.0,29162000000.0,25000000.0,1219000000.0,4456000000.0,8609000000.0,0.2535414519,4793000000.0,0.1411574142,-1859000000.0,2934000000.0,0.0864084818,-15849000000.0,18669000000.0,0.5498159329,4.57,4.56,4087000000,4090000000,https://www.sec.gov/Archives/edgar/data/732712/000073271218000009/0000732712-18-000009-index.htm,https://www.sec.gov/Archives/edgar/data/732712/000073271218000009/a201710-k.htm,8.308049914362613,4.567898213848789,1.977978957670663,0.4905798874480058,0.5086860778076829,10.933936873011987,-20.34475165157817,10.544653780278932,28.94886224614632,216324910000.0,331340910000.0,2.8968465102576464,6.370929465469003,26.759637555665517,107.89272319201994,5.0196052997958045,5.0196052997958045,9.758236194963922,38.48773492856313,40.98724764967838,165.25731172069823,0.0863007408624369,0.009268465661213,2.7170735103025803,0.4553691914615603,13.3599721221977,0.9054393558737174,3.9319114027891713,0.4303891817068626,0.0111175361173153,0.1288231828164336,0.5538212339861581,0.0,0.4971397238112645,0.7519792182088075,0.179031070534531,1.3642280071813286,0.0117802974525106,32.9204399468366,0.1348398502032116,0.1443773345603873,-47.03700758502569,-3124000000.0,-83149000000.0,-182543000000.0,213280000000.0,22521000000.0,3531500000.0,1155000000.0,62.269768811662495,41.88929159802306,6.132454695222406,1.4453241391052654,2.1485204587285858,14.676015473887814,0.433195656209393,1.4873990702226572,2018-01-23,0.88,bmo,34744651162.0,2025-04-25,2017-12-31,-0.0227272727272727,49.17507936507937,16287783.063492063
2017-09-30,VZ,USD,732712,2017-10-26,2017-10-26 12:37:49,2017,Q3,31717000000.0,12974000000.0,18743000000.0,0.5909449191,0,0.0,0.0,7483000000.0,-314000000.0,11755000000.0,24729000000.0,23000000.0,1164000000.0,4272000000.0,10947000000.0,0.3451461361,6988000000.0,0.2203234858,-1477000000.0,5511000000.0,0.1737553993,1775000000.0,3620000000.0,0.1141343759,0.89,0.89,4084000000,4089000000,https://www.sec.gov/Archives/edgar/data/732712/000073271217000009/0000732712-17-000009-index.htm,https://www.sec.gov/Archives/edgar/data/732712/000073271217000009/a2017q310-q.htm,7.766160626836435,0.8863858961802155,1.755386875612145,0.6718903036238981,1.0986777668952008,6.96645445641528,-24.27766895200784,6.573947110675808,29.0550930460333,202117160000.0,315127160000.0,13.958367403314918,6.372518207901126,28.193215232249965,73.65785714285714,7.528201728247915,7.528201728247915,9.935591638553458,28.78662281903718,43.95692007253452,114.84225947521864,0.0179104040448619,0.0135762841710223,4.376378128724673,0.4613478769602877,10.32337626747054,1.0669547182855168,6.003436426116839,1.91889721627409,0.0116615531308672,0.6511049723756906,0.0,0.0,0.5010208809417234,0.6172408983121774,0.1395150865466469,1.035814606741573,0.0,11.45027139528136,0.0207837567857012,0.0284857689190358,-50.18223555337904,1937000000.0,-99150000000.0,-195364000000.0,216160000000.0,20660000000.0,0.0,1196000000.0,61.14733423715988,0.0,8.851549252350855,1.471854842452086,0.0,10.16771159874608,0.1348331346841478,1.0834965719882468,2017-10-19,0.98,bmo,31717000000.0,2025-04-25,2017-09-30,0.0,47.05111111111111,14577029.46031746
2017-06-30,VZ,USD,732712,2017-08-03,2017-08-03 13:47:21,2017,Q2,30548000000.0,12484000000.0,18064000000.0,0.5913316747,0,0.0,0.0,5883000000.0,-39000000.0,10050000000.0,22534000000.0,20000000.0,1218000000.0,4167000000.0,13158000000.0,0.4307319628,8014000000.0,0.2623412335,-1047000000.0,6967000000.0,0.2280673039,2489000000.0,4362000000.0,0.1427916721,1.07,1.07,4082000000,4087000000,https://www.sec.gov/Archives/edgar/data/732712/000119312517247167/0001193125-17-247167-index.htm,https://www.sec.gov/Archives/edgar/data/732712/000119312517247167/d427004d10q.htm,7.483586477217051,1.06859382655561,1.9426751592356688,0.9473297403233708,1.122733953944145,6.555854973052425,-24.721460068593828,6.170749632533072,29.093826555609997,182302120000.0,295262120000.0,10.448310408069691,5.967726856095325,22.988918032786884,47.14303594517714,7.237370280678073,7.237370280678073,9.665513945266468,22.439741602067183,37.23355863808323,76.35431083527283,0.0239273136264131,0.0212120407595918,4.666441700742388,0.4646372411830278,8.584891320869433,1.0383673175300814,6.579638752052545,1.7708798570790532,0.0129236017661231,0.5401192113709308,0.0,0.0,0.5046842017882978,0.512358133669609,0.1330037973026057,0.9750419966402688,0.0,12.180540285934184,0.022754274368031,0.03481133882398,-50.52615139637432,1065000000.0,-100913000000.0,-197394000000.0,215260000000.0,18317000000.0,0.0,1155000000.0,58.248985203613984,0.0,8.045498237744313,1.545091295331546,0.0,11.186379928315413,0.1731708285362658,0.995345418912298,2017-07-27,0.96,bmo,30548000000.0,2025-04-25,2017-06-30,0.0,46.58111111111111,15677375.142857144
2017-03-31,VZ,USD,732712,2017-04-27,2017-04-27 12:13:21,2017,Q1,29814000000.0,12047000000.0,17767000000.0,0.5959280875,0,0.0,0.0,6746000000.0,-859000000.0,10805000000.0,22852000000.0,14000000.0,1132000000.0,4059000000.0,11113000000.0,0.3727443483,6962000000.0,0.2335144563,-1780000000.0,5182000000.0,0.1738109613,1629000000.0,3450000000.0,0.1157174482,0.85,0.84,4082000000,4087000000,https://www.sec.gov/Archives/edgar/data/732712/000119312517141799/0001193125-17-141799-index.htm,https://www.sec.gov/Archives/edgar/data/732712/000119312517141799/d303348d10q.htm,7.303772660460559,0.8451739343459088,0.3370896619304263,-0.4622733953944145,1.0551200391964723,6.133512983831455,-24.31626653601176,5.755267025967663,28.828515433610978,198997500000.0,311236500000.0,14.420108695652177,6.674632722881867,144.6202761627907,-105.4570747217806,8.470501851615376,8.470501851615376,10.439273495673174,28.006523890938546,226.1893168604651,-164.93720190779015,0.0173369012173519,-0.0094825311875777,4.960881964840591,0.4723605870360838,10.09979303518402,1.0185268526852684,6.15017667844523,0.387278356318604,0.0118292943378685,0.6823188405797102,0.0,0.0,0.503771313697914,2.3713662790697674,0.1094452270745287,0.8038925843803892,0.0,10.461574341361736,0.0213315391603834,0.0281782170131089,-50.01047280744733,494000000.0,-99259000000.0,-194536000000.0,210003000000.0,17188000000.0,3542000000.0,1198000000.0,50.904608573153546,0.0,8.920063086245538,1.7680128091086995,0.0,10.089614740368509,0.1468522538628527,0.7993630573248408,2017-04-20,0.96,bmo,30127831578.0,2025-04-25,2017-03-31,-0.0104166666666666,50.17032258064516,15682775.661290323
2016-12-31,VZ,USD,732712,2017-02-21,2017-02-21 15:21:12,2016,Q4,32340000000.0,14362000000.0,17978000000.0,0.5559059988,0,3224000000.0,2744000000.0,5968000000.0,81000000.0,9955000000.0,24317000000.0,17000000.0,1137000000.0,3987000000.0,12073000000.0,0.3733147805,8023000000.0,0.2480828695,-1074000000.0,6949000000.0,0.214873222,2349000000.0,4495000000.0,0.1389919604,1.1,1.1,4081000000,4087000000,https://www.sec.gov/Archives/edgar/data/732712/000119312517050292/0001193125-17-050292-index.htm,https://www.sec.gov/Archives/edgar/data/732712/000119312517050292/d296602d10k.htm,7.924528301886792,1.1014457240872335,1.2462631707914726,-0.1712815486400392,0.705709384954668,5.888752756677285,-24.195785346728744,5.519235481499632,26.7618230825778,217843780000.0,323041780000.0,12.115894327030034,6.736047619047619,42.8320448289422,-311.6506151645208,9.671629373113124,9.671629373113124,9.988923314780456,26.757374306303323,63.51588281557216,-462.148469241774,0.0206340525306712,-0.0032087214057706,4.7983484283431,0.4426161028749283,8.71349291808167,0.8699736321687541,7.056288478452067,1.1056521739130434,0.0108059087112792,0.5236929922135707,0.0996907854050711,0.0,0.5028053075599968,1.1374360990955563,0.1788806431663574,1.4509656383245548,0.0123685837971552,11.695324374718602,0.0245326522207187,0.0370248342325274,-49.87313158539574,-3945000000.0,-98743000000.0,-193753000000.0,203581000000.0,16172500000.0,3542000000.0,1260000000.0,48.73747680890538,44.392145940676784,7.532377106252611,1.846628219037287,2.027385657820441,11.948419301164725,0.1995649085419996,1.4175447194315118,2017-01-24,0.89,bmo,33468139534.0,2025-04-25,2016-12-31,-0.0337078651685393,49.97809523809524,14118328.777777778
2016-09-30,VZ,USD,732712,2016-10-26,2016-10-26 09:32:53,2016,Q3,30937000000.0,12229000000.0,18708000000.0,0.6047128034,0,0.0,0.0,8226000000.0,81000000.0,12168000000.0,24397000000.0,16000000.0,1038000000.0,3942000000.0,10556000000.0,0.3412095549,6540000000.0,0.2113973559,-964000000.0,5576000000.0,0.1802372564,1829000000.0,3620000000.0,0.1170119921,0.89,0.89,4079000000,4086000000,https://www.sec.gov/Archives/edgar/data/732712/000119312516747399/0001193125-16-747399-index.htm,https://www.sec.gov/Archives/edgar/data/732712/000119312516747399/d257047d10q.htm,7.584456974748713,0.8874724197107134,1.1806815395930377,0.1380240254964452,1.5790634959548908,5.389311105663153,-24.29173817112037,5.015935278254474,26.386124050012256,212026420000.0,312176420000.0,14.64270856353591,6.853489995797912,44.02541943521594,376.60110124333926,10.362972629521016,10.362972629521016,10.090714031741928,29.57336301629405,64.82068521594684,554.4874245115453,0.0170733439728879,0.0026553294631867,5.209726295210166,0.4450600840090523,9.487495263357332,0.8456333751402733,6.300578034682081,1.2852949025887377,0.0108618539142433,0.6361878453038674,0.0,0.0,0.5055115282799857,0.8830980066445183,0.1374729288554158,1.0788939624556062,0.0,10.007939094356972,0.0206278070722982,0.0305668375144601,-48.85780828634469,-4677000000.0,-99086000000.0,-191894000000.0,199806000000.0,14063000000.0,0.0,1124500000.0,43.14833371044381,0.0,9.699893695314415,2.085827939590076,0.0,9.27845220030349,0.176930596285435,1.0426575140965924,2016-10-20,0.99,bmo,30324386138.0,2025-04-25,2016-09-30,0.0202020202020202,53.6703125,12570588.53125
2016-06-30,VZ,USD,732712,2016-07-29,2016-07-29 14:00:12,2016,Q2,30532000000.0,12221000000.0,18311000000.0,0.5997314293,0,0.0,0.0,9775000000.0,-1837000000.0,13757000000.0,25978000000.0,11000000.0,1013000000.0,3982000000.0,12086000000.0,0.3958469802,4554000000.0,0.1491549849,-2859000000.0,1695000000.0,0.0555155247,864000000.0,702000000.0,0.0229922704,0.17,0.17,4079000000,4085000000,https://www.sec.gov/Archives/edgar/data/732712/000119312516664131/0001193125-16-664131-index.htm,https://www.sec.gov/Archives/edgar/data/732712/000119312516664131/d211980d10q.htm,7.48516793331699,0.1721010051483206,1.3265506251532238,0.336847266486884,0.7004167688158862,5.085560186320176,-24.28364795292964,4.717822995832312,24.696739396911006,227771360000.0,324639360000.0,81.1151566951567,7.460086466657932,42.094134171132886,165.77245997088792,11.835967574308876,11.835967574308876,10.6327577623477,26.86077775939103,59.996185547957865,236.27318777292572,0.0030820380578137,0.0060323650875158,5.182134691332363,0.4300901367145383,8.014893264934635,0.605789351313648,4.495557749259625,6.511432009626955,0.0101110165913747,3.280626780626781,0.0,0.0,0.5166558847630137,0.7460728146368508,0.1322219310886938,1.0138121546961325,0.0,4.274189606595448,0.0109302573938201,0.0062637745041178,-48.50036773719049,-13564000000.0,-99053000000.0,-190282000000.0,189405000000.0,12889500000.0,0.0,1036500000.0,39.187082405345215,0.0,6.856231077653219,2.296675191815857,0.0,13.126745435016112,0.0364789025150696,0.9897033586663396,2016-07-26,0.93,bmo,29882382978.0,2025-04-25,2016-06-30,0.0107526881720429,51.8690625,13653984.734375
2016-03-31,VZ,USD,732712,2016-04-28,2016-04-28 12:22:25,2016,Q1,32171000000.0,12612000000.0,19559000000.0,0.6079699108,0,0.0,0.0,7600000000.0,17000000.0,11617000000.0,24229000000.0,15000000.0,1188000000.0,4017000000.0,11959000000.0,0.3717323055,7942000000.0,0.2468682975,-1176000000.0,6766000000.0,0.2103136365,2336000000.0,4310000000.0,0.1339715893,1.06,1.06,4080000000,4085000000,https://www.sec.gov/Archives/edgar/data/732712/000119312516562197/0001193125-16-562197-index.htm,https://www.sec.gov/Archives/edgar/data/732712/000119312516562197/d160878d10q.htm,7.885049019607843,1.056372549019608,1.8375,0.9752450980392156,1.432843137254902,4.927205882352941,-24.585049019607844,4.568872549019608,27.222549019607843,220646400000.0,324680400000.0,12.798515081206496,6.85854962543906,29.431292517006803,55.45272681578286,11.836618207177724,11.836618207177724,10.092331602996488,27.14946065724559,43.30804321728692,81.59849208343805,0.0195335160691495,0.0180333782921452,5.894533555066788,0.4492470981695675,8.699222343005268,0.7089036983669549,6.685185185185185,1.6923250564334085,0.0104329823645434,0.5341067285382831,0.0,0.0,0.4922992636566947,0.4692543684140323,0.1093531441360231,0.8757779437391088,0.0,10.420878545830725,0.0239035547867345,0.0347085209016162,-51.15275735294118,-9697000000.0,-100307000000.0,-200869000000.0,193724000000.0,12971000000.0,2850000000.0,1197000000.0,34.927419104162134,0.0,8.149381541389152,2.5767721265518624,0.0,11.043782837127846,0.2312107719542943,0.8622549019607844,2016-04-21,1.06,bmo,32171000000.0,2025-04-25,2016-03-31,0.0,50.01426229508196,17933125.13114754
2015-12-31,VZ,USD,732712,2016-02-23,2016-02-23 15:09:48,2015,Q4,34254000000.0,14707000000.0,19547000000.0,0.5706486834,0,3015000000.0,2749000000.0,5764000000.0,13000000.0,9803000000.0,24510000000.0,15000000.0,1178000000.0,4039000000.0,13992000000.0,0.408477842,9744000000.0,0.2844631284,-1166000000.0,8578000000.0,0.2504233082,3065000000.0,5391000000.0,0.1573830793,1.32,1.32,4076000000,4083000000,https://www.sec.gov/Archives/edgar/data/732712/000119312516473367/0001193125-16-473367-index.htm,https://www.sec.gov/Archives/edgar/data/732712/000119312516473367/d35513d10k.htm,8.403827281648676,1.3226202158979392,2.5770363101079488,1.2926889106967616,1.182531894013739,4.377330716388617,-24.940137389597645,4.030421982335623,27.209764474975465,188392720000.0,293651720000.0,8.736445928399183,5.499875051088924,17.935331302361007,35.75492882899981,11.467781835889944,11.467781835889944,8.572771647106908,20.987115494568325,27.956180502665653,55.73196431960524,0.0286157554283413,0.0279681720185366,6.679388848307768,0.4493867103511825,7.522798742138365,0.6377667465479858,8.271646859083193,1.9484325728065297,0.011491951493667,0.401595251344834,0.0880189174986862,0.0,0.4893949011979113,0.4983815689261234,0.152828866701699,1.2961128992324833,0.0087581012436503,10.951764507595213,0.0290446600565499,0.0432397314661084,-51.71595927379784,-12697000000.0,-101656000000.0,-203978000000.0,190342000000.0,13281000000.0,2850000000.0,1285500000.0,35.35733053074094,34.88134901747468,7.661657714013735,2.545441034405885,2.5801754385964912,11.746805111821086,0.3281592403214025,1.2843473994111874,2016-01-21,0.88,bmo,33869123595.0,2025-04-25,2015-12-31,0.0113636363636363,45.40421875,12925571.15625
2015-09-30,VZ,USD,732712,2015-10-27,2015-10-27 14:55:42,2015,Q3,33158000000.0,13305000000.0,19853000000.0,0.5987393691,0,0.0,0.0,8309000000.0,37000000.0,12318000000.0,25623000000.0,14000000.0,1202000000.0,4009000000.0,11886000000.0,0.3584655287,7535000000.0,0.2272453103,-1169000000.0,6366000000.0,0.1919898667,2195000000.0,4038000000.0,0.1217805658,0.99,0.99,4072000000,4078000000,https://www.sec.gov/Archives/edgar/data/732712/000119312515354559/0001193125-15-354559-index.htm,https://www.sec.gov/Archives/edgar/data/732712/000119312515354559/d65996d10q.htm,8.142927308447938,0.9916502946954814,2.337917485265226,1.2605599214145382,1.0267681728880158,3.571218074656189,-25.843565815324165,3.226424361493124,27.87966601178782,177172720000.0,285621720000.0,10.96908865775136,5.343287291151457,18.61057983193277,34.5164075589324,13.485516821434008,13.485516821434008,8.613961035044333,24.030095911155986,30.00228151260504,55.6442080654588,0.022791319115042,0.0289717288304881,8.54955092099254,0.4640087907366786,9.12409557462561,0.6311028644323321,6.268718801996672,2.357602773650322,0.011892350018671,0.5217929668152551,0.0,0.0,0.4947970240382033,0.4608193277310924,0.1323059291875264,1.0942878523322523,0.0,8.484598107745885,0.0229790230742081,0.0330182508013344,-52.27449656188605,-12724000000.0,-105235000000.0,-205763000000.0,189615000000.0,13274500000.0,0.0,1234000000.0,35.57060136317028,0.0,8.922209695603156,2.530179320869897,0.0,10.08718726307809,0.3073527173085705,1.0773575638506876,2015-10-20,1.02,bmo,32520346153.0,2025-04-25,2015-09-30,0.0196078431372549,46.14171875,15420596.328125
2015-06-30,VZ,USD,732712,2015-07-28,2015-07-28 14:40:27,2015,Q2,32224000000.0,12449000000.0,19775000000.0,0.6136730387,0,0.0,0.0,7974000000.0,-11000000.0,11954000000.0,24403000000.0,43000000.0,1208000000.0,3980000000.0,11801000000.0,0.3662177259,7821000000.0,0.2427072989,-1194000000.0,6627000000.0,0.2056541708,2274000000.0,4231000000.0,0.1312996524,1.04,1.04,4079000000,4085000000,https://www.sec.gov/Archives/edgar/data/732712/000119312515265779/0001193125-15-265779-index.htm,https://www.sec.gov/Archives/edgar/data/732712/000119312515265779/d940792d10q.htm,7.8999754841873,1.0372640353027702,2.141946555528316,1.0416768815886246,0.8131895072321648,3.1561657268938466,-26.197352292228487,2.7984800196126502,28.1635204707036,190122190000.0,300785190000.0,11.233880288347908,5.900018309334658,21.76058029071764,44.74516121440339,16.655469995619796,16.655469995619796,9.33419780287984,25.48811032963308,34.426598374728165,70.78964226876913,0.0222541093178024,0.0223487852733023,9.958037669732809,0.4721478029349582,9.377425641894757,0.7016479034100179,6.474337748344371,2.0649964547388326,0.0111139052206373,0.4994091231387378,0.0,0.0,0.4973271361104534,0.5136774636602953,0.1392750744786494,1.127638190954774,0.0,8.081593917773636,0.0239708503339487,0.0349611634440588,-52.44042657514097,-9143000000.0,-106859000000.0,-206377000000.0,193122000000.0,13071000000.0,0.0,1112500000.0,37.54841112214499,0.0,8.306691300506065,2.3969056828324904,0.0,10.834638816362054,0.370652650021901,1.100269673939691,2015-07-21,1.01,bmo,31294461538.0,2025-04-25,2015-06-30,0.0297029702970297,48.95095238095238,15147449.19047619
2015-03-31,VZ,USD,732712,2015-04-28,2015-04-28 09:58:07,2015,Q1,31984000000.0,12096000000.0,19888000000.0,0.6218109055,0,0.0,0.0,7939000000.0,32000000.0,11928000000.0,24024000000.0,43000000.0,1332000000.0,3989000000.0,11949000000.0,0.3735930465,7960000000.0,0.2488744372,-1291000000.0,6669000000.0,0.2085105053,2331000000.0,4219000000.0,0.1319097049,1.03,1.02,4116000000,4121000000,https://www.sec.gov/Archives/edgar/data/732712/000119312515151315/0001193125-15-151315-index.htm,https://www.sec.gov/Archives/edgar/data/732712/000119312515151315/d888393d10q.htm,7.770651117589893,1.0250242954324589,2.470602526724976,1.5801749271137029,1.1984936831875608,2.6139455782312924,-25.375607385811467,2.2689504373177845,27.871720116618075,200161080000.0,309163080000.0,11.860694477364303,6.258162831415708,19.683457567115745,30.775073800738006,21.43281721811757,21.43281721811757,9.666179339669837,25.87355259854381,30.402505654439963,47.53429889298893,0.0210780237596639,0.032493829469745,12.141342756183745,0.4808855337376479,9.12226964599548,0.7953191933967193,5.975975975975976,2.4102867978193885,0.0107563368463039,0.5103105001185115,0.0,0.0,0.4885915433224479,0.3604090864391779,0.114588544272136,0.9187766357483078,0.0,7.2338723914728895,0.0244792818702867,0.0349877679645063,-51.02927599611273,-5877000000.0,-104446000000.0,-202195000000.0,190970000000.0,13345500000.0,2799000000.0,1114500000.0,35.730990495247624,0.0,8.005952380952381,2.5188218617105056,0.0,11.241635687732344,0.4517614305600171,0.890427599611273,2015-04-21,0.95,bmo,29789019607.0,2025-04-25,2015-03-31,0.0736842105263158,48.26311475409836,17165062.770491805
2014-12-31,VZ,USD,732712,2015-02-23,2015-02-23 13:10:04,2014,Q4,33192000000.0,14403000000.0,18789000000.0,0.5660701374,0,14331000000.0,2526000000.0,16857000000.0,-473000000.0,20925000000.0,35328000000.0,36000000.0,1282000000.0,4068000000.0,2432000000.0,0.0732706676,-2136000000.0,-0.0643528561,-1750000000.0,-3886000000.0,-0.117076404,-1738000000.0,-2231000000.0,-0.0672149916,-0.54,-0.54,4139284799,4157000000,https://www.sec.gov/Archives/edgar/data/732712/000119312515057710/0001193125-15-057710-index.htm,https://www.sec.gov/Archives/edgar/data/732712/000119312515057710/d820819d10k.htm,8.018776578992288,-0.5389820001124306,1.80562593852098,0.6996377733418193,2.69442682530432,3.3039524130603315,-22.45629487066372,2.9710446604135683,27.6745876552574,193635742897.22,296308742897.22,-21.698312740611836,5.833807631273198,25.90791315188922,66.86317088992404,15.74530353693446,15.74530353693446,8.927113247084236,121.83747652023848,39.64526931993845,102.31655486782458,-0.0115216331789745,0.0149559164887092,9.21052203610343,0.486944148295904,42.21751644736842,1.0540250830742846,-1.6661466458658347,-3.47951582867784,0.0111033219788414,-0.9636934110264456,0.4317606652205351,0.0,0.4583906524056814,0.6125234145036125,0.1379248011569052,1.1253687315634218,0.0090383224873463,,-0.0056937627576811,-0.0177081762404057,-47.52409161300621,1512000000.0,-92953000000.0,-189441000000.0,198088000000.0,13638000000.0,2799000000.0,1179500000.0,37.94197396963124,34.98021245573839,7.204749010622787,2.3720431644393627,2.572883172561629,12.491760624457935,-0.1814116116441697,1.1059881651791603,2015-01-22,0.71,bmo,33659492957.0,2025-04-25,2014-12-31,0.0,48.92390625,16074031.53125
2014-09-30,VZ,USD,732712,2014-10-28,2014-10-28 11:37:32,2014,Q3,31586000000.0,12252000000.0,19334000000.0,0.6121066295,0,0.0,0.0,8277000000.0,43000000.0,12444000000.0,24696000000.0,28000000.0,1255000000.0,4167000000.0,11057000000.0,0.3500601532,6890000000.0,0.2181346166,-1232000000.0,5658000000.0,0.1791299943,1864000000.0,3695000000.0,0.1169822073,0.89,0.89,4152000000,4159000000,https://www.sec.gov/Archives/edgar/data/732712/000119312514384533/0001193125-14-384533-index.htm,https://www.sec.gov/Archives/edgar/data/732712/000119312514384533/d787433d10q.htm,7.607418111753372,0.8899325626204239,2.011801541425819,0.9997591522157996,1.8913776493256265,4.327552986512524,-21.11994219653179,3.992533718689788,26.610067437379577,207558480000.0,309570480000.0,14.043198917456024,6.571217628063066,24.84837543397581,50.00204288123344,12.520871086445077,12.520871086445077,9.800876337617932,27.99769195984444,37.06099365497426,74.57732594555529,0.0178022116947474,0.0199991828808921,6.589250165892501,0.4826927920881335,9.226010671972508,0.9213061103053292,5.49003984063745,2.201634159198735,0.0099730928844728,0.5602165087956699,0.0,0.0,0.4669079467769661,0.5030527954028493,0.133033622490977,1.0083993280537558,0.0,8.941164895107136,0.0229848896736356,0.030629585112115,-45.73861994219653,-2116000000.0,-87690000000.0,-183552000000.0,193474000000.0,13124500000.0,0.0,1139500000.0,37.84809725827898,0.0,8.858961802154749,2.377926673191298,0.0,10.159203980099502,0.2228991976835374,1.0120423892100192,2014-10-21,0.9,bmo,31940898876.0,2025-04-25,2014-09-30,-0.0111111111111111,49.7071875,13333194.5
2014-06-30,VZ,USD,732712,2014-07-29,2014-07-29 14:00:38,2014,Q2,31483000000.0,12087000000.0,19396000000.0,0.6160785186,0,0.0,0.0,7550000000.0,44000000.0,11711000000.0,23798000000.0,22000000.0,1164000000.0,4161000000.0,11846000000.0,0.3762665566,7685000000.0,0.2440999905,-1141000000.0,6544000000.0,0.2078582092,2220000000.0,4214000000.0,0.1338500143,1.02,1.01,4147000000,4153000000,https://www.sec.gov/Archives/edgar/data/732712/000119312514284281/0001193125-14-284281-index.htm,https://www.sec.gov/Archives/edgar/data/732712/000119312514284281/d741984d10q.htm,7.591753074511695,1.0161562575355678,1.8483240897034,0.786833855799373,1.5490716180371351,3.861104412828551,-21.63057632023149,3.5931999035447317,26.800819869785386,202912710000.0,307115710000.0,12.038010797342194,6.445151669154782,26.4726301369863,62.18593625498008,13.61738876585464,13.61738876585464,9.754969666169044,25.925688840114805,40.06728114807567,94.12065890285014,0.0207675507364718,0.0160808063723558,7.380645594255419,0.4900435330864824,8.79647138274523,0.8638885743403918,6.602233676975945,1.772664199814986,0.0101817180402351,0.4902705268153773,0.0,0.0,0.4710395807991017,0.5742987606001304,0.139821490963377,1.0579187695265562,0.0,9.063839294011752,0.0253621061979048,0.0354973760245297,-46.23342175066313,-3606000000.0,-89702000000.0,-185528000000.0,191820000000.0,12548500000.0,0.0,977000000.0,37.065718006543214,0.0,7.98957557706627,2.4281196976708315,0.0,11.264678471575024,0.2827998120931481,1.061490233904027,2014-07-22,0.9,bmo,31137032967.0,2025-04-25,2014-06-30,0.0111111111111111,48.44746031746032,17584639.04761905
2014-03-31,VZ,USD,732712,2014-04-29,2014-04-29 14:18:02,2014,Q1,30818000000.0,11189000000.0,19629000000.0,0.6369329613,0,0.0,0.0,8332000000.0,-916000000.0,12469000000.0,23658000000.0,22000000.0,1214000000.0,4137000000.0,11297000000.0,0.3665714842,7160000000.0,0.2323317542,-206000000.0,6954000000.0,0.225647349,968000000.0,3947000000.0,0.1280745019,1.15,1.15,3425000000,3430000000,https://www.sec.gov/Archives/edgar/data/732712/000119312514166563/0001193125-14-166563-index.htm,https://www.sec.gov/Archives/edgar/data/732712/000119312514166563/d692729d10q.htm,8.997956204379562,1.1524087591240877,2.084379562043796,0.8105109489051094,1.0347445255474452,4.044087591240876,-26.087007299270077,3.711240875912409,32.403795620437954,162927250000.0,269789250000.0,10.319689004307069,5.28675611655526,22.82213895503572,58.69137247838616,12.817815278105575,12.817815278105575,8.754275098968135,23.88149508719129,37.79090208712705,97.18632925072046,0.024225536243937,0.0170382793547426,8.635748564235701,0.4954324297487836,9.45932548464194,0.9179189839466728,5.897858319604613,1.1926161042432342,0.0093109040998359,0.3843425386369394,0.0,0.0,0.4657793303905904,0.6111500210113461,0.1415731066259977,1.0546289581822577,0.0,9.809663403194232,0.0310712524397721,0.0333465694516022,-56.82576642335766,-2081000000.0,-89348000000.0,-184439000000.0,190174000000.0,12285000000.0,2477000000.0,950500000.0,35.42702316827828,0.0,7.086424166592189,2.5404335998681065,0.0,12.700340522133938,0.3105184485878373,1.273868613138686,2014-04-24,0.87,bmo,29463362637.0,2025-04-25,2014-03-31,0.0459770114942529,47.29032786885246,42023999.114754096
2013-12-31,VZ,USD,732712,2014-02-27,2014-02-27 16:47:50,2013,Q4,31065000000.0,11962000000.0,19103000000.0,0.6149364236,0,419000000.0,2438000000.0,2857000000.0,-314000000.0,7040000000.0,19002000000.0,64000000.0,1061000000.0,4183000000.0,16246000000.0,0.5229679704,12063000000.0,0.3883148238,-1303000000.0,10760000000.0,0.3463705134,2844000000.0,5067000000.0,0.1631096089,1.77,1.76,2867000000,2875000000,https://www.sec.gov/Archives/edgar/data/732712/000119312514073266/0001193125-14-073266-index.htm,https://www.sec.gov/Archives/edgar/data/732712/000119312514073266/d622994d10k.htm,10.835367980467389,1.7673526334147192,3.638297872340426,1.912800837111964,18.88001395186606,33.28078130449948,-3.754795953958842,13.545866759679107,33.01430066271364,140884380000.0,180947380000.0,6.95107460035524,4.535148237566393,13.506315789473684,25.69007658643326,3.62767483777938,3.62767483777938,5.824798969901819,11.137965037547705,17.34707889943438,32.99551057622173,0.0359656620556515,0.0389255359607644,2.4099031826140696,0.3414508679377449,2.466022405515204,2.624547134935305,11.369462770970785,1.317710965133906,0.0107605967389713,0.2991908427077166,0.0134878480605182,0.0,0.3873833446431568,0.4742594190394018,0.1592467407049734,1.1826440353813052,0.0128762272654112,23.20899123219458,0.0353596531818808,0.0301756224801538,-40.01177188698989,43944000000.0,-10765000000.0,-107688000000.0,239081000000.0,12275000000.0,2477000000.0,1106500000.0,36.03766296475133,37.27303126567464,7.674301956194617,2.4973872497789213,2.414614452967299,11.727450980392156,0.1304717272633639,1.7254970352284618,2014-01-21,0.64,bmo,30594318181.0,2025-04-25,2013-12-31,0.03125,49.17546875,12587543.8125
2013-09-30,VZ,USD,732712,2013-10-24,2013-10-24 16:34:32,2013,Q3,30279000000.0,10960000000.0,19319000000.0,0.6380329601,0,0.0,0.0,8037000000.0,6000000.0,12191000000.0,23151000000.0,14000000.0,555000000.0,4154000000.0,11282000000.0,0.372601473,7128000000.0,0.2354106807,-516000000.0,6612000000.0,0.2183691667,1034000000.0,2232000000.0,0.0737144556,0.78,0.78,2866000000,2874000000,https://www.sec.gov/Archives/edgar/data/732712/000119312513409932/0001193125-13-409932-index.htm,https://www.sec.gov/Archives/edgar/data/732712/000119312513409932/d593853d10q.htm,10.5648988136776,0.7787857641311933,3.921493370551291,2.4012561060711795,20.00732728541521,31.495115143056523,-5.690509420795534,12.206908583391488,34.78541521284019,133784880000.0,176214880000.0,14.98486559139785,4.418404835034182,11.903628436693657,19.439825632083696,3.824064027440332,3.824064027440332,5.819706066911061,15.619117177805354,15.678875344781565,25.605184539378087,0.0166834996600512,0.0514407906184914,2.833785908246391,0.3583265564290232,3.760858003900018,2.433230992704104,12.843243243243244,2.0148798852635355,0.0110176874995141,0.660394265232975,0.0,0.0,0.3851956266377518,0.3876679419877213,0.1438951088212952,1.048868560423688,0.0,14.62524355858437,0.0236199426326016,0.0131216159810935,-41.657100488485696,43414000000.0,-16309000000.0,-112705000000.0,238515000000.0,12163500000.0,0.0,1116500000.0,35.9982165857525,0.0,9.796532846715328,2.5001238543472875,0.0,9.186923721709976,0.063798770901815,1.5202372644801116,2013-10-17,0.74,bmo,29099298701.0,2025-04-25,2013-09-30,0.0405405405405405,48.815,11421031.375
2013-06-30,VZ,USD,732712,2013-07-25,2013-07-25 15:16:33,2013,Q2,29786000000.0,11033000000.0,18753000000.0,0.6295910831,0,0.0,0.0,8047000000.0,11000000.0,12198000000.0,23231000000.0,14000000.0,514000000.0,4151000000.0,10851000000.0,0.3642986638,6555000000.0,0.2200698315,-369000000.0,6186000000.0,0.2076814611,988000000.0,2246000000.0,0.0754045525,0.78,0.78,2865000000,2872000000,https://www.sec.gov/Archives/edgar/data/732712/000119312513302540/0001193125-13-302540-index.htm,https://www.sec.gov/Archives/edgar/data/732712/000119312513302540/d546205d10q.htm,10.39650959860384,0.7839441535776615,3.356719022687609,1.904363001745201,0.8397905759162304,30.420942408376963,-6.555322862129145,11.888656195462476,17.54485165794066,144281400000.0,192245400000.0,16.059817453250222,4.84393339152622,15.002745138816678,26.44453812316716,4.235970758345322,4.235970758345322,6.454220103404284,17.716837157865633,19.990163252573566,35.23559384164223,0.0155668020964587,0.0378149920918427,1.4606734975485158,0.222757515245404,4.420237766104506,0.7521838922955706,12.752918287937744,1.8501346671796848,0.0102161470570704,0.6562778272484416,0.0,0.0,0.4743178745086099,0.4326713112197151,0.1396965017122138,1.0024090580582992,0.0,14.481055094929106,0.0272519987801609,0.0191297089660928,-43.31657940663176,-7234000000.0,-18781000000.0,-114233000000.0,187035000000.0,12015000000.0,0.0,919000000.0,36.91130061102531,0.0,8.483639989123539,2.438277668631303,0.0,10.608653846153846,0.0659405184815478,1.4523560209424085,2013-07-18,0.72,bmo,29377972602.0,2025-04-25,2013-06-30,0.0138888888888889,51.03546875,13514327.953125
2013-03-31,VZ,USD,732712,2013-04-25,2013-04-25 12:07:57,2013,Q1,29420000000.0,10932000000.0,18488000000.0,0.6284160435,0,0.0,0.0,8148000000.0,26000000.0,12266000000.0,23198000000.0,13000000.0,537000000.0,4118000000.0,10374000000.0,0.3526172672,6222000000.0,0.2114887831,-503000000.0,5719000000.0,0.1943915704,864000000.0,1952000000.0,0.0663494222,0.68,0.68,2866000000,2872000000,https://www.sec.gov/Archives/edgar/data/732712/000119312513172825/0001193125-13-172825-index.htm,https://www.sec.gov/Archives/edgar/data/732712/000119312513172825/d501429d10q.htm,10.265177948360083,0.6810886252616888,2.6277041172365667,1.3300767620376832,2.1406140963014653,30.56106071179344,-6.286113049546406,11.622470341939986,18.638520586182832,141064520000.0,188470520000.0,18.066664959016396,4.794851121685928,18.73118045412296,37.00538300104932,4.234900030021015,4.234900030021015,6.406203942895989,18.16758434547908,25.02596202363564,49.44137460650577,0.0138376396843089,0.0270230955310378,1.5875412788952266,0.2337943108768889,4.569693464430307,0.8021213757185048,11.58659217877095,1.5511843460350154,0.0104349414012821,0.7540983606557377,0.0,0.0,0.4668900816142466,0.4938255211791262,0.1264106050305914,0.9031083050024284,0.0,13.345728822925883,0.025692580161484,0.0161881541191886,-42.98796231681786,-6231000000.0,-18016000000.0,-113340000000.0,187554000000.0,12195000000.0,2227000000.0,936500000.0,36.14072059823249,0.0,6.569703622392974,2.490265786355172,0.0,13.699248120300751,0.0586010207145001,1.2976273551988835,2013-04-18,0.66,bmo,28554705882.0,2025-04-25,2013-03-31,0.0303030303030303,45.41833333333333,13935604.483333332
2012-12-31,VZ,USD,732712,2013-02-26,2013-02-26 10:36:58,2012,Q4,30045000000.0,13069000000.0,16976000000.0,0.565019138,0,23943000000.0,2381000000.0,16008000000.0,-1079000000.0,20145000000.0,33214000000.0,13000000.0,575000000.0,4137000000.0,1752000000.0,0.0583125312,-3169000000.0,-0.1054751207,-2351000000.0,-4736000000.0,-0.1576302213,-2810000000.0,-4229000000.0,-0.1407555334,-1.48,-1.48,2861060953,2862000000,https://www.sec.gov/Archives/edgar/data/732712/000119312513075713/0001193125-13-075713-index.htm,https://www.sec.gov/Archives/edgar/data/732712/000119312513075713/d441535d10k.htm,10.501349147593642,-1.478123000338609,2.35157520602463,0.6113116877730497,1.2453422204318902,29.89555322486693,-7.78836954753966,11.589057536587198,18.371506536722148,123798107436.31,172692107436.31,-7.318403135274888,4.120422946790149,18.400432139760703,70.78222266226987,3.733694466818771,3.733694466818771,5.747781908347812,98.56855447277968,25.667673519071045,98.73762574974845,-0.0341604575996905,0.0141278411780228,1.567904213288295,0.2308255854223832,27.90753424657534,0.7877652470692981,-5.511304347826087,-3.4932502596054,0.0108483080057659,-0.3175691652873019,0.7969046430354468,0.0,0.4787098951256982,0.7400416171224733,0.1657180895323681,1.2035291273869957,0.0232983857547012,,-0.0063599304667759,-0.036020305606187,-44.0943069974504,-5721000000.0,-22283000000.0,-118454000000.0,190737000000.0,12303000000.0,2227000000.0,1149000000.0,37.67149276085871,30.672583977350985,7.403014767771062,2.389074427480916,2.934216434665469,12.15720930232558,-0.1275447115239617,1.7402635182515809,2013-01-22,0.53,bmo,33383333333.0,2025-04-25,2012-12-31,-0.2830188679245283,44.14741935483871,13000679.016129032
2012-09-30,VZ,USD,732712,2012-10-25,2012-10-25 16:57:14,2012,Q3,29007000000.0,10991000000.0,18016000000.0,0.6210914607,0,0.0,0.0,8366000000.0,10000000.0,12533000000.0,23524000000.0,14000000.0,632000000.0,4167000000.0,9722000000.0,0.3351604785,5483000000.0,0.1890233392,-560000000.0,4923000000.0,0.1697176544,631000000.0,1593000000.0,0.0549177785,0.56,0.56,2857000000,2866000000,https://www.sec.gov/Archives/edgar/data/732712/000119312512435626/0001193125-12-435626-index.htm,https://www.sec.gov/Archives/edgar/data/732712/000119312512435626/d405314d10q.htm,10.152957647882394,0.5575778788939447,3.32061603080154,0.6251312565628281,3.607630381519076,32.42142107105355,-5.194609730486524,13.176408820441022,18.702835141757088,130879170000.0,173967170000.0,20.53973163841808,4.5119857275829975,13.795632971434594,73.28061030235162,3.476668083410812,3.476668083410812,5.997420277863964,17.894175066858672,18.337427005375776,97.40603023516238,0.0121715319557726,0.0136461745593282,1.4026298313189005,0.2284989743900433,4.432009874511418,0.9615224191866528,8.675632911392405,2.210391425908667,0.0099328258270586,0.8160703075957313,0.0,0.0,0.4650686769198812,0.8117423843153789,0.2654876409142621,1.8480921526277896,0.0,12.85708624979516,0.0229105744557964,0.0128869940863825,-41.48162408120406,-1107000000.0,-14841000000.0,-110791000000.0,194172000000.0,11812500000.0,0.0,1039500000.0,37.32547316165064,0.0,10.014557365116914,2.4112219451371573,0.0,8.986917416189698,0.0423163766768495,2.695484774238712,2012-10-18,0.64,bmo,29007000000.0,2025-04-25,2012-09-30,0.0,44.44015873015873,12845596.42857143
2012-06-30,VZ,USD,732712,2012-07-30,2012-07-30 16:47:39,2012,Q2,28552000000.0,10896000000.0,17656000000.0,0.6183804987,0,0.0,0.0,7877000000.0,34000000.0,12005000000.0,22901000000.0,15000000.0,679000000.0,4128000000.0,9885000000.0,0.3462104231,5651000000.0,0.1979195853,-573000000.0,5078000000.0,0.1778509386,793000000.0,1825000000.0,0.0639184646,0.64,0.64,2849000000,2858000000,https://www.sec.gov/Archives/edgar/data/732712/000119312512322636/0001193125-12-322636-index.htm,https://www.sec.gov/Archives/edgar/data/732712/000119312512322636/d357176d10q.htm,10.021762021762022,0.6405756405756405,3.269217269217269,1.9126009126009127,3.783081783081783,31.74025974025974,-4.23973323973324,13.03966303966304,18.62758862758863,126609560000.0,168999560000.0,17.343775342465754,4.4343499579714205,13.593467897788274,23.235375298219857,3.408063526244953,3.408063526244953,5.919009526478005,17.096566514921598,18.14468112518789,31.014784364103505,0.0144143933522871,0.0430378243159521,1.4102557200538357,0.2317447538837184,4.2883156297420335,1.0294843091868098,8.322533136966127,2.17362893815636,0.0102361938545556,0.7101369863013699,0.0,0.0,0.4534263420503202,0.4149667167704531,0.1353670495937237,0.9362887596899224,0.0,13.709122377153095,0.0231896850055149,0.0147695544854934,-40.62539487539488,777000000.0,-12079000000.0,-108514000000.0,191179000000.0,11414500000.0,0.0,959500000.0,36.54910339030541,0.0,7.070484581497797,2.46244070720138,0.0,12.728971962616823,0.0491251682368775,1.3566163566163567,2012-07-19,0.64,bmo,28552000000.0,2025-04-25,2012-06-30,0.0,40.84111111111111,14891036.253968254
2012-03-31,VZ,USD,732712,2012-04-26,2012-04-26 16:46:37,2012,Q1,28242000000.0,11319000000.0,16923000000.0,0.5992139367,0,0.0,0.0,7700000000.0,19000000.0,11728000000.0,23047000000.0,0.0,685000000.0,4028000000.0,9345000000.0,0.3308901636,5195000000.0,0.1839458962,-563000000.0,4632000000.0,0.1640110474,726000000.0,1686000000.0,0.0596983216,0.59,0.59,2842000000,2849000000,https://www.sec.gov/Archives/edgar/data/732712/000119312512186263/0001193125-12-186263-index.htm,https://www.sec.gov/Archives/edgar/data/732712/000119312512186263/d317161d10q.htm,9.937368050668542,0.5932441942294159,2.0960591133004924,0.8416608022519353,2.2983814215341307,31.112244897959183,-4.954961294862772,12.903237156931738,18.396199859254047,108649659999.99998,154337660000.0,16.110566429418743,3.8470951065788537,18.238989424206817,45.42209866220736,2.962822393717106,2.962822393717106,5.464827561787409,16.51553344034243,25.90862178949136,64.5224331103679,0.0155177660012925,0.0220157154656535,1.4070246243625752,0.2314586781864427,4.889031567683253,1.0261423645965173,7.583941605839416,1.525089605734767,0.0118822277032436,0.765717674970344,0.0,0.0,0.4598176035456507,0.5984555984555985,0.1262304369378939,0.8850546176762661,0.0,13.123731821688072,0.0215663828011791,0.014001229052135,-41.87579169598874,599000000.0,-14082000000.0,-110988000000.0,191288000000.0,11505000000.0,2097000000.0,1001500000.0,35.79987253027406,0.0,8.452160084813146,2.5139754317251204,0.0,10.648165569143933,0.0459763846090916,1.2543983110485573,2012-04-19,0.58,bmo,27763322033.0,2025-04-25,2012-03-31,0.0172413793103448,38.553225806451614,15257671.370967742
2011-12-31,VZ,USD,732712,2012-02-24,2012-02-24 15:10:22,2011,Q4,28436000000.0,12090000000.0,16346000000.0,0.5748347166,0,22346000000.0,-9068000000.0,13278000000.0,-84000000.0,17458000000.0,29548000000.0,17000000.0,703000000.0,4180000000.0,3081000000.0,0.1083485722,-1112000000.0,-0.0391053594,-690000000.0,-1802000000.0,-0.0633703756,-1590000000.0,-2023000000.0,-0.0711422141,-0.71,-0.71,2835000000,2835000000,https://www.sec.gov/Archives/edgar/data/732712/000119312512077846/0001193125-12-077846-index.htm,https://www.sec.gov/Archives/edgar/data/732712/000119312512077846/d257450d10k.htm,10.030335097001764,-0.7135802469135802,2.916402116402117,1.611992945326279,4.922045855379189,30.302645502645504,-5.84726631393298,12.687830687830688,19.701940035273367,113740200000.0,155530200000.0,-14.055882352941175,3.9998663665775775,13.756676342525395,24.88844638949672,3.16208507089241,3.16208507089241,5.4694823463215645,50.480428432327166,18.8111030478955,34.03286652078775,-0.0177861477296505,0.0401792857758294,1.5332777314428692,0.2393116405812697,13.56377799415774,1.0057865479015635,-1.5817923186344238,-39.0,0.01244942421413,-0.6999505684626792,0.7858348572232382,0.0,0.4446956317988726,0.4472665699080793,0.1300464200309466,0.884688995215311,0.0,,-0.0006395706134557,-0.0158076514346439,-42.78553791887125,178000000.0,-16577000000.0,-113614000000.0,191097000000.0,11712000000.0,2097000000.0,1046500000.0,37.27106484737656,31.22084367245657,6.997518610421836,2.414741847826087,2.882689556509299,12.861702127659576,-0.0562413122046149,1.3044091710758376,2012-01-24,0.53,bmo,28982846153.0,2025-04-25,2011-12-31,-0.0188679245283019,37.45920634920635,13990037.063492063
2011-09-30,VZ,USD,732712,2011-10-25,2011-10-25 17:00:42,2011,Q3,27913000000.0,11398000000.0,16515000000.0,0.5916598001,0,0.0,0.0,7689000000.0,4179000000.0,11868000000.0,23266000000.0,16000000.0,698000000.0,4179000000.0,8975000000.0,0.3215347687,4647000000.0,0.1664815677,-549000000.0,4098000000.0,0.1468133128,556000000.0,1379000000.0,0.0494035037,0.49,0.49,2834000000,2839000000,https://www.sec.gov/Archives/edgar/data/732712/000119312511280401/0001193125-11-280401-index.htm,https://www.sec.gov/Archives/edgar/data/732712/000119312511280401/d233490d10q.htm,9.849329569513056,0.486591390261115,3.076923076923077,1.7967537050105855,3.831333803810868,30.880381086803105,-5.343683839096683,13.779463655610444,19.62350035285815,104291199999.99998,148882200000.0,18.9070340826686,3.736294916347221,11.96,20.48138256087981,2.670640956697652,2.670640956697652,5.333794289399204,16.588545961002787,17.073646788990825,29.23845247446976,0.0132225921266607,0.048824828940505,1.4062379964661595,0.2408214636542239,4.968356545961003,0.8017669476844901,6.657593123209169,2.46188594014681,0.0132321806633733,1.0007251631617111,0.0,0.0,0.450195586584339,0.4160550458715596,0.1299752803353276,0.8681502751854511,0.0,12.282580693315628,0.0198811732609862,0.0109991784515007,-42.46524347212421,-6866000000.0,-15144000000.0,-112747000000.0,184636000000.0,11565500000.0,0.0,1211500000.0,37.55669401354208,0.0,9.104228812072291,2.39637706043956,0.0,9.88551604509974,0.035312796087168,1.2801693719124911,2011-10-21,0.55,bmo,27414553571.0,2025-04-25,2011-09-30,0.0181818181818181,36.00140625,19279876.171875
2011-06-30,VZ,USD,732712,2011-07-28,2011-07-28 17:04:52,2011,Q2,27536000000.0,11158000000.0,16378000000.0,0.5947850087,0,0.0,0.0,7373000000.0,4113000000.0,11486000000.0,22644000000.0,16000000.0,717000000.0,4113000000.0,9136000000.0,0.3317838466,4892000000.0,0.1776583382,-586000000.0,4306000000.0,0.1563771063,702000000.0,1609000000.0,0.0584325973,0.57,0.57,2832000000,2838000000,https://www.sec.gov/Archives/edgar/data/732712/000119312511201011/0001193125-11-201011-index.htm,https://www.sec.gov/Archives/edgar/data/732712/000119312511201011/d10q.htm,9.72316384180791,0.5681497175141242,2.739053672316384,1.1306497175141244,2.4110169491525424,32.03107344632768,-4.189265536723164,13.89406779661017,19.3146186440678,105435359999.99998,153177360000.0,16.382125543816034,3.829000581057524,13.592285677452622,32.927970018738286,2.6795608417200363,2.6795608417200363,5.562803602556653,16.766348511383537,19.746984659017663,47.838026233604,0.0152605349856063,0.0303693182249294,1.3719121683440074,0.2412538658181233,5.225700525394045,0.8209249652955359,6.822873082287308,2.152330743618202,0.0130885881169277,0.8576755748912368,0.0,0.0,0.4584279304242121,0.5872115508572902,0.1654198140615921,1.1074641380987114,0.0,13.327152381875829,0.0202258747023533,0.0132777686086813,-41.302524717514125,-4902000000.0,-11864000000.0,-110572000000.0,187071000000.0,11255500000.0,0.0,1257500000.0,37.53159500290528,0.0,10.243771285176557,2.397979622049987,0.0,8.785826771653543,0.0408915319711294,1.60840395480226,2011-07-22,0.55,bmo,26569824561.0,2025-04-25,2011-06-30,0.0363636363636361,36.90380952380953,13397636.650793651
2011-03-31,VZ,USD,732712,2011-04-28,2011-04-28 11:50:06,2011,Q1,26990000000.0,11229000000.0,15761000000.0,0.5839570211,0,0.0,0.0,7284000000.0,4024000000.0,11308000000.0,22537000000.0,19000000.0,709000000.0,4024000000.0,8614000000.0,0.3191552427,4453000000.0,0.1649870322,-572000000.0,3881000000.0,0.1437939978,617000000.0,1439000000.0,0.053316043,0.51,0.51,2830000000,2834000000,https://www.sec.gov/Archives/edgar/data/732712/000119312511113952/0001193125-11-113952-index.htm,https://www.sec.gov/Archives/edgar/data/732712/000119312511113952/d10q.htm,9.537102473498232,0.5084805653710247,1.7791519434628975,0.2374558303886925,5.204946996466431,31.40070671378092,-4.181272084805654,13.77667844522968,21.874911660777386,109068200000.0,156258200000.0,18.94861014593468,4.04105965172286,21.66200595829196,162.30386904761906,2.797481276290141,2.797481276290141,5.789484994442386,18.140027861620617,31.034399205561076,232.52708333333337,0.013193579796861,0.0061612825736557,1.569636811326562,0.2682808143510968,5.478291153935454,0.913763092802394,6.28067700987306,1.5425857843137254,0.012643465281356,0.9583043780403058,0.0,0.0,0.4414444035281533,0.8665342601787488,0.1616524638755094,1.084244532803181,0.0,12.554536949135835,0.0180760273157718,0.0112941582751881,-40.85530035335689,-2824000000.0,-11833000000.0,-109321000000.0,186118000000.0,11404500000.0,1968000000.0,1188000000.0,36.77361985920712,0.0,9.978626769970612,2.44740660137831,0.0,9.019277108433736,0.0369087924489586,1.5416961130742048,2011-04-21,0.5,bmo,26460784313.0,2025-04-25,2011-03-31,0.02,36.185483870967744,20220302.887096774
2010-12-31,VZ,USD,732712,2011-02-28,2011-02-28 14:32:38,2010,Q4,26395000000.0,9943000000.0,16452000000.0,0.6232998674,0,23508000000.0,-15650000000.0,7858000000.0,43000000.0,11944000000.0,21887000000.0,-61000000.0,567000000.0,4086000000.0,8749000000.0,0.3314642925,4508000000.0,0.1707899223,-412000000.0,4096000000.0,0.1551809055,1352000000.0,2639000000.0,0.099981057,0.93,0.93,2829000000,2831000000,https://www.sec.gov/Archives/edgar/data/732712/000119312511049476/0001193125-11-049476-index.htm,https://www.sec.gov/Archives/edgar/data/732712/000119312511049476/d10k.htm,9.330151997172146,0.9328384588193708,2.8808766348533053,1.2495581477553903,2.549664192294097,30.72180982679392,-4.914103923647932,13.63343937787204,18.862142099681865,101221620000.0,147347620000.0,9.589012883668056,3.8348785754877817,12.419830674846626,28.6341216407355,2.624429464077368,2.624429464077368,5.582406516385679,16.841652760315466,18.07946257668712,41.68249504950495,0.0260715052772322,0.0349233691379371,1.3688195182659648,0.2399672734710574,5.272145388044348,0.7303984050723927,7.950617283950617,2.351413733410271,0.0136136924107715,0.5221674876847291,0.8906232240954727,0.0,0.4582350401127247,0.5662576687116564,0.1748437204015912,1.1294664708761626,0.0,16.915981289815356,0.0153338807438436,0.022140933459741,-41.17311770943797,-8249000000.0,-13902000000.0,-110745000000.0,180276000000.0,11877000000.0,13446500000.0,1070500000.0,40.17010797499526,35.62707432364478,10.237352911596098,2.2404719463542992,2.526168699186992,8.791335101679929,0.0684228266224169,1.6313184870979145,2011-01-25,0.55,bmo,26883796296.0,2025-04-25,2010-12-31,-0.0181818181818181,33.22484375,16354563.015625
2010-09-30,VZ,USD,732712,2010-10-28,2010-10-28 15:59:47,2010,Q3,26484000000.0,10671000000.0,15813000000.0,0.5970774807,0,0.0,0.0,8407000000.0,-50000000.0,12430000000.0,23101000000.0,17000000.0,597000000.0,4023000000.0,7496000000.0,0.2830388159,3383000000.0,0.1277375019,-142000000.0,2876000000.0,0.108593868,321000000.0,881000000.0,0.0332653678,0.31,0.31,2829000000,2830000000,https://www.sec.gov/Archives/edgar/data/732712/000119312510239707/0001193125-10-239707-index.htm,https://www.sec.gov/Archives/edgar/data/732712/000119312510239707/d10q.htm,9.361611876988334,0.3114174620007069,2.936373276776246,1.466595970307529,2.1120537292329447,29.91304347826087,-5.635560268646165,13.402969247083774,19.005655708731,92197110000.00002,139973110000.0,26.16263053348468,3.4812381060262805,11.098725171542076,22.221525668835863,2.431550755597754,2.431550755597754,5.285195212203595,18.673040288153683,16.850019260864332,33.73658953964811,0.0095556140534123,0.0450014105648213,1.4022733866075905,0.2407494611776212,6.373532550693703,0.7418569889109049,5.666666666666667,3.0789473684210527,0.0145774634367606,1.525539160045403,0.0,0.0,0.4553592451053194,0.5005417118093174,0.1570004531037607,1.0335570469798658,0.0,9.690880764384008,0.0151869022996945,0.0073242715218023,-42.68937787203959,-7426000000.0,-15943000000.0,-114887000000.0,180571000000.0,12015500000.0,11478500000.0,997500000.0,40.68758495695514,193.6210289569862,8.518414394152375,2.2119769481333,0.4648255434072396,10.565346534653465,0.0232349605717751,1.469777306468717,2010-10-22,0.54,bmo,25538142857.0,2025-04-25,2010-09-30,0.037037037037037,29.48390625,19334380.25
2010-06-30,VZ,USD,732712,2010-07-29,2010-07-29 15:37:41,2010,Q2,26773000000.0,12216000000.0,14557000000.0,0.5437194188,0,0.0,0.0,9970000000.0,4176000000.0,14147000000.0,26363000000.0,17000000.0,679000000.0,4177000000.0,4724000000.0,0.1764464199,410000000.0,0.0153139357,-542000000.0,-132000000.0,-0.0049303403,-49000000.0,1745000000.0,0.0651776043,0.62,0.62,2827000000,2827000000,https://www.sec.gov/Archives/edgar/data/732712/000119312510170567/0001193125-10-170567-index.htm,https://www.sec.gov/Archives/edgar/data/732712/000119312510170567/d10q.htm,9.470463388751329,0.61726211531659,3.4393349840820657,1.943402900601344,1.8482490272373544,29.88079235939158,-5.926070038910506,13.88539087371772,20.56844711708525,74010860000.0,126717860000.0,10.603275071633238,2.764384267732417,7.611936645068394,13.471215871860212,1.8854348601416413,1.8854348601416413,4.73304672617936,26.824271803556307,13.032794405019027,23.064772479068075,0.0235776209059048,0.0742323491444363,1.4640036684159576,0.2540010872880119,11.157281964436915,0.6615882389897594,0.6038291605301914,6.285067873303167,0.0181459856026534,0.7696275071633237,0.0,0.0,0.4474057573226195,0.4349480612979533,0.1579576438949688,1.0124491261671056,0.0,13.886894152795476,0.0012744167081235,0.0139572085582883,-44.92996108949416,-10773000000.0,-16753000000.0,-120717000000.0,182554000000.0,12013500000.0,0.0,1049000000.0,40.53412019571957,0.0,7.2568762278978385,2.220351633770111,0.0,12.402030456852792,0.0444540683751974,1.4959320834807217,2010-07-23,0.56,bmo,25849793103.0,2025-04-25,2010-06-30,0.0357142857142855,26.90920634920635,23371740.53968254
2010-03-31,VZ,USD,732712,2010-04-28,2010-04-28 13:27:26,2010,Q1,26913000000.0,10652000000.0,16261000000.0,0.6042061457,0,0.0,0.0,7698000000.0,4121000000.0,11820000000.0,22472000000.0,27000000.0,680000000.0,4122000000.0,8742000000.0,0.3248244343,4441000000.0,0.1650131907,-501000000.0,3940000000.0,0.1463976517,1565000000.0,443000000.0,0.0164604466,0.14,0.14,2836000000,2837000000,https://www.sec.gov/Archives/edgar/data/732712/000119312510096291/0001193125-10-096291-index.htm,https://www.sec.gov/Archives/edgar/data/732712/000119312510096291/d10q.htm,9.489774330042312,0.1562059238363893,2.497884344146686,1.2792665726375176,1.254231311706629,29.84908321579689,-5.848377997179125,14.267277856135404,21.943935119887165,82187280000.0,140703280000.0,46.38108352144469,3.053813398729239,11.601818181818183,22.653605292172,2.031221392911868,2.031221392911868,5.228078623713447,16.095090368336766,19.862123094297008,38.7826019845645,0.0053901284967698,0.0441430839419433,1.5212545104048243,0.2707447206252996,6.693662777396477,0.7983822114528026,6.530882352941177,3.1015761821366024,0.0163893974834061,3.040632054176072,0.0,0.0,0.4453016754124752,0.4878599661208357,0.1284137777282354,0.8384279475982532,0.0,7.081260456891275,0.012969138237245,0.0035128341355494,-45.699841325811,-5658000000.0,-16586000000.0,-120290000000.0,187414000000.0,12271000000.0,2168500000.0,1269500000.0,40.02563816742838,0.0,9.403867818250092,2.2485587768401705,0.0,9.570530098831986,0.0109485443131827,1.218617771509168,2010-04-22,0.56,bmo,26913000000.0,2025-04-25,2010-03-31,0.0,28.08655737704918,20792219.786885247
2009-12-31,VZ,USD,732712,2010-02-26,2010-02-26 08:02:44,2009,Q4,27091000000.0,12514000000.0,14577000000.0,0.5380753756,0,23543000000.0,-14136000000.0,9407000000.0,13000000.0,13648000000.0,26162000000.0,16000000.0,686000000.0,4241000000.0,5314000000.0,0.1961537042,929000000.0,0.0342918312,-542000000.0,387000000.0,0.014285187,-714000000.0,-653000000.0,-0.024103946,-0.23,-0.23,2841000000,2841000000,https://www.sec.gov/Archives/edgar/data/732712/000119312510041685/0001193125-10-041685-index.htm,https://www.sec.gov/Archives/edgar/data/732712/000119312510041685/d10k.htm,9.535726856740585,-0.229848644843365,2.973248856036607,1.3551566349876805,0.8796198521647307,29.617388243576205,-6.04012671594509,14.565997888067582,22.154875043998597,87957360000.0,148204360000.0,-33.67433384379786,3.2467372928278766,10.41285190008287,22.846067532467533,2.125498042627229,2.125498042627229,5.470612380495368,27.88941663530297,17.54520658221854,38.49463896103896,-0.007424051836026,0.0437712091404289,1.504422212556184,0.2743679128453507,11.337410613473844,0.7463275672707304,1.3542274052478134,7.67211625794732,0.0153597152074596,-2.0689127105666154,0.869033996530213,0.0,0.4464516299629363,0.5442168817331597,0.1696873500424495,1.083942466399434,0.0,,0.0128940412157914,-0.0051988790165918,-45.8015663498768,-7391000000.0,-17160000000.0,-121019000000.0,185897000000.0,12531000000.0,2168500000.0,1990000000.0,41.769222250932046,31.1914655585744,10.25571360076714,2.1546965720194065,2.8854046575974177,8.775596072931275,-0.0157798076458363,1.6180922210489264,2010-01-26,0.54,bmo,27091000000.0,2025-04-25,2009-12-31,0.0,28.93875,18537632.25
2009-09-30,VZ,USD,732712,2009-10-29,2009-10-29 16:44:39,2009,Q3,27265000000.0,10996000000.0,16269000000.0,0.5966990647,0,0.0,0.0,8111000000.0,4172000000.0,12283000000.0,23279000000.0,18000000.0,704000000.0,4172000000.0,8337000000.0,0.3057766367,3986000000.0,0.1461947552,-525000000.0,3461000000.0,0.1269392995,574000000.0,1176000000.0,0.0431322208,0.41,0.41,2841000000,2841000000,https://www.sec.gov/Archives/edgar/data/732712/000119312509217506/0001193125-09-217506-index.htm,https://www.sec.gov/Archives/edgar/data/732712/000119312509217506/d10q.htm,9.5969728968673,0.4139387539598733,3.16121084125308,1.6279479056670187,0.5948609644491376,29.77191129883844,-5.791974656810982,15.200985568461808,22.358676522351285,80343480000.0,141944480000.0,17.079821428571428,2.946762516046213,8.94593920498831,17.371563243243244,1.8604056870282035,1.8604056870282035,5.206105996699065,17.02584622765983,15.804974947110567,30.69069837837838,0.0146371553734042,0.0575653431989752,1.4545686101977493,0.2774553453119203,7.388868897685018,0.8065555759018495,5.661931818181818,3.110841704191202,0.0162552082633214,1.1105442176870748,0.0,0.0,0.446268617162241,0.4850239394276807,0.1597652668256005,1.0441035474592522,0.0,11.898581136688092,0.0162554868392716,0.0093804589724568,-45.57840549102429,-5282000000.0,-16455000000.0,-119799000000.0,186589000000.0,12329500000.0,10464000000.0,2664500000.0,41.22538052448194,0.0,20.90396507821026,2.183121146609016,0.0,4.305403288958496,0.0272310470985967,1.5332629355860612,2009-10-26,0.59,bmo,26810583333.0,2025-04-25,2009-09-30,0.0169491525423729,28.53578125,16618606.765625
2009-06-30,VZ,USD,732712,2009-07-30,2009-07-30 16:50:57,2009,Q2,26861000000.0,10481000000.0,16380000000.0,0.6098060385,0,0.0,0.0,7871000000.0,11000000.0,11962000000.0,22443000000.0,18000000.0,787000000.0,4091000000.0,8648000000.0,0.321953762,4418000000.0,0.1644763784,-648000000.0,3770000000.0,0.1403521835,610000000.0,3160000000.0,0.117642679,1.11,1.11,2841000000,2841000000,https://www.sec.gov/Archives/edgar/data/732712/000119312509159648/0001193125-09-159648-index.htm,https://www.sec.gov/Archives/edgar/data/732712/000119312509159648/d10q.htm,9.454769447377684,1.1122844068989792,2.64519535374868,1.1010207673354453,0.415346708905315,29.15205913410771,-6.444209785286871,15.020063357972544,23.12425202393523,81565110000.0,145654110000.0,6.452935917721519,3.036562674509512,10.853640718562875,26.07580242966752,1.911443335208099,1.911443335208099,5.422512564684859,16.842519657724328,19.381784431137724,46.5646131713555,0.0387420552733883,0.0383497306630249,1.5211145481814774,0.2884857266032293,7.410846438482886,0.8140169902912622,5.613722998729352,2.3781645569620253,0.0160240083045311,0.4136075949367088,0.0,0.0,0.449464219840977,0.5837658017298736,0.1633222888202226,1.0723539476900514,0.0,19.38809173006515,0.0181463862755313,0.0255106159683539,-45.92854628651883,-4904000000.0,-18308000000.0,-120714000000.0,186527000000.0,12079500000.0,10464000000.0,2485000000.0,40.77659059603142,179.70804312565596,23.828833126610057,2.207148726376335,0.5008123088685015,3.776936936936937,0.0740532433445819,1.5441745864132348,2009-07-27,0.62,bmo,26434634920.0,2025-04-25,2009-06-30,0.0161290322580645,28.42206349206349,17169951.80952381
2009-03-31,VZ,USD,732712,2009-05-11,2009-05-11 17:07:30,2009,Q1,26591000000.0,10308000000.0,16283000000.0,0.6123500432,0,0.0,0.0,7561000000.0,4028000000.0,11589000000.0,21897000000.0,23000000.0,925000000.0,4028000000.0,8903000000.0,0.3348125306,4694000000.0,0.1765258922,-744000000.0,3950000000.0,0.1485465007,740000000.0,1645000000.0,0.0618630364,0.58,0.58,2841000000,2841000000,https://www.sec.gov/Archives/edgar/data/732712/000119312509107317/0001193125-09-107317-index.htm,https://www.sec.gov/Archives/edgar/data/732712/000119312509107317/d10q.htm,9.359732488560368,0.579021471312918,2.3308694121788105,1.0260471664906723,1.531502991904259,28.3541006687786,-7.092221048926435,14.731080605420626,24.659626891939457,80173020000.0,145327020000.0,12.184349544072948,3.0150434357489377,12.107070371488977,27.503608919382504,1.9156775226398413,1.9156775226398413,5.46527095633861,16.323376389980904,21.946091815161584,49.85489536878216,0.0205181244263968,0.0363588648650131,1.6518840648968962,0.3047506953903663,7.3182073458384815,0.6238558270837492,5.074594594594594,2.062928348909657,0.0163022423254107,0.7945288753799392,0.0,0.0,0.4439169322595007,0.5598006644518272,0.1394080703997593,0.9203078450844092,0.0,13.853384757489646,0.0185860413928941,0.0130402384500745,-46.41209081309398,-13191000000.0,-20149000000.0,-124419000000.0,177367000000.0,11846000000.0,1928000000.0,2143500000.0,40.57801511789703,0.0,19.16472642607684,2.2179497873050296,0.0,4.696127562642369,0.0393061097703758,1.304822245688138,2009-04-27,0.59,bmo,24902682539.0,2025-04-25,2009-03-31,0.0677966101694916,27.914918032786883,21884671.98360656
2008-12-31,VZ,USD,732712,2009-02-24,2009-02-24 17:25:09,2008,Q4,24645000000.0,9976000000.0,14669000000.0,0.5952120105,0,19808000000.0,-12718000000.0,7090000000.0,-10818000000.0,10837000000.0,20813000000.0,0.0,0.0,3747000000.0,8428000000.0,0.3419760601,3832000000.0,0.1554879286,4113000000.0,7945000000.0,0.3223777643,555000000.0,1235000000.0,0.0501115845,0.43,0.43,2840000000,2841000000,https://www.sec.gov/Archives/edgar/data/732712/000119312509036349/0001193125-09-036349-index.htm,https://www.sec.gov/Archives/edgar/data/732712/000119312509036349/d10k.htm,8.67781690140845,0.4348591549295774,2.6556338028169013,1.013732394366197,3.6235915492957744,27.783450704225352,2.005985915492958,14.685211267605634,18.292957746478876,89971200000.0,132141200000.0,18.21279352226721,3.6506877662811927,11.929355608591884,31.25085098992706,2.15727233491584,2.15727233491584,5.361785351998377,15.678832463217844,17.520710686820472,45.89829802014589,0.0137266147389386,0.0319991286100441,1.2456720855512395,0.2567407290266466,5.003559563360228,1.0065235852698216,0.0,6.106882591093117,0.0145268708208849,1.0582995951417005,0.8037330087238791,0.0,0.3617854036530402,0.6182710156457173,0.1892067356461756,1.244462236455831,0.0,11.986866464608218,0.0196446996693668,0.0095629684693055,-36.38477112676056,169000000.0,5697000000.0,-97372000000.0,159923000000.0,11713500000.0,8785500000.0,2288500000.0,42.737674984783936,34.78748997594226,18.87329591018444,2.105870289669316,2.587136929460581,4.768642447418738,0.0296120462283604,1.6419014084507042,2009-01-27,0.62,bmo,25049016393.0,2025-04-25,2008-12-31,-0.0161290322580645,28.48453125,23547481.90625
2008-09-30,VZ,USD,732712,2008-10-28,2008-10-27 20:15:36,2008,Q3,24752000000.0,10048000000.0,14704000000.0,0.5940530058,0,0.0,0.0,6879000000.0,3652000000.0,10531000000.0,20579000000.0,123000000.0,440000000.0,3652000000.0,8141000000.0,0.3289027149,4173000000.0,0.168592437,-124000000.0,4049000000.0,0.1635827408,850000000.0,1669000000.0,0.0674288946,0.59,0.59,2844000000,2845000000,https://www.sec.gov/Archives/edgar/data/732712/000119312508217163/0001193125-08-217163-index.htm,https://www.sec.gov/Archives/edgar/data/732712/000119312508217163/d10q.htm,8.70323488045007,0.5868495077355836,2.566455696202532,1.0973980309423348,0.5886075949367089,30.536568213783404,4.934599156118144,17.91631504922644,15.898382559774964,85263120000.0,129342120000.0,12.771587777112044,3.4446961861667744,11.681479654747228,27.319166933675103,1.6733351650508304,1.6733351650508304,5.225521978021978,15.887743520452032,17.72052609946568,41.44252483178469,0.0195747000578913,0.0366043372562486,0.8787337598618362,0.2185628304069588,5.414445399828031,0.676604774535809,9.48409090909091,2.281650515786183,0.0143438335355309,0.7327741162372678,0.0,0.0,0.3554214809065659,0.5724071790656254,0.1687944408532644,1.1440306681270536,0.0,15.380801832452322,0.0179297100939468,0.012639247552045,-37.37886779184248,-9144000000.0,14034000000.0,-98884000000.0,149357000000.0,11654000000.0,13507000000.0,2350500000.0,42.62928248222366,122.8453423566879,22.25816082802548,2.11122483793927,0.7326285089318265,4.043460764587525,0.0327550339521921,1.469057665260197,2008-10-27,0.66,bmo,24752000000.0,2025-04-25,2008-09-30,0.0,32.0409375,16853463.890625
2008-06-30,VZ,USD,732712,2008-07-29,2008-07-29 17:11:13,2008,Q2,24124000000.0,9466000000.0,14658000000.0,0.6076106782,0,0.0,0.0,6528000000.0,92000000.0,10112000000.0,19578000000.0,0.0,403000000.0,3584000000.0,8372000000.0,0.3470402918,4546000000.0,0.1884430443,-161000000.0,4385000000.0,0.1817691925,981000000.0,1882000000.0,0.0780135964,0.66,0.66,2850000000,2851000000,https://www.sec.gov/Archives/edgar/data/732712/000119312508160315/0001193125-08-160315-index.htm,https://www.sec.gov/Archives/edgar/data/732712/000119312508160315/d10q.htm,8.464561403508771,0.6603508771929825,2.542105263157895,1.0764912280701755,0.727719298245614,30.00701754385965,5.229824561403508,17.855087719298247,15.267368421052632,94278000000.0,136805000000.0,12.52364505844846,3.90805836511358,13.012836438923394,30.729465449804437,1.8526932222375063,1.8526932222375063,5.67090863870005,16.34077878643096,18.882677708764664,44.59093872229465,0.0199622393347334,0.032542056471287,0.8471515318254171,0.214851031169323,5.079670329670329,0.6018729096989966,11.280397022332506,2.1283783783783785,0.0130147012028256,0.6519659936238045,0.0,0.0,0.3519382394864587,0.5765355417529331,0.1731470734538219,1.1654575892857142,0.0,16.28769516691713,0.0195970697420333,0.014473471710592,-36.23017543859649,-11904000000.0,14905000000.0,-97130000000.0,143866000000.0,11316000000.0,13480000000.0,1944000000.0,43.2167136461615,126.4430593703782,21.06908937249102,2.0825276243093924,0.7117828408150989,4.271660649819495,0.0369839055161436,1.4656140350877194,2008-07-28,0.65,bmo,23403880597.0,2025-04-25,2008-06-30,0.0307692307692307,34.71796875,15184853.859375
2008-03-31,VZ,USD,732712,2008-04-29,2008-04-29 16:45:54,2008,Q1,23833000000.0,9517000000.0,14316000000.0,0.6006797298,0,0.0,0.0,6401000000.0,3582000000.0,9983000000.0,19500000000.0,55000000.0,459000000.0,3582000000.0,8035000000.0,0.3371375823,4333000000.0,0.1818067386,-339000000.0,3994000000.0,0.1675827634,945000000.0,1642000000.0,0.0688960685,0.57,0.57,2863000000,2865000000,https://www.sec.gov/Archives/edgar/data/732712/000119312508095227/0001193125-08-095227-index.htm,https://www.sec.gov/Archives/edgar/data/732712/000119312508095227/d10q.htm,8.324484806147398,0.5735242752357667,1.882640586797066,0.4086622424030737,2.5993712888578413,29.22773314704855,7.944813133077192,17.56199790429619,12.680754453370591,99460620000.0,129821620000.0,15.143212545676006,4.173231234003273,18.4528051948052,85.00907692307692,1.9781348448687357,1.9781348448687357,5.447137162757521,16.157015556938394,24.08564378478664,110.95864957264958,0.0165090464949846,0.0117634496949647,0.7129276054097057,0.1873879336933395,3.778593652769135,0.9072098286453282,9.4400871459695,1.7677927189242375,0.0124370831390353,0.7533495736906212,0.0,0.0,0.3185323038480237,0.7829313543599258,0.1770654135022867,1.1781127861529872,0.0,15.054076613809777,0.0194277664080711,0.0125958883092973,-31.80230527418792,-2296000000.0,22746000000.0,-85166000000.0,143121000000.0,11392000000.0,9076000000.0,1700500000.0,41.720303780472456,129.1888200063045,15.811705369339077,2.15722302679218,0.6966547104897153,5.691985645933015,0.0326571201272871,1.4739783443939922,2008-04-28,0.61,bmo,23833000000.0,2025-04-25,2008-03-31,0.0,36.01573770491803,19563179.08196721
2007-12-31,VZ,USD,732712,2008-02-28,2008-02-28 17:18:10,2007,Q4,23840000000.0,9796000000.0,14044000000.0,0.5890939597,0,19012000000.0,-12057000000.0,6955000000.0,-10711000000.0,10621000000.0,20417000000.0,0.0,0.0,3666000000.0,7885000000.0,0.3307466443,3423000000.0,0.1435822148,3461000000.0,6884000000.0,0.2887583893,759000000.0,1072000000.0,0.044966443,0.37,0.37,2863000000,2865000000,https://www.sec.gov/Archives/edgar/data/732712/000119312508042027/0001193125-08-042027-index.htm,https://www.sec.gov/Archives/edgar/data/732712/000119312508042027/d10k.htm,8.326929793922458,0.3744324135522179,2.8955640936081037,1.2378623821166608,1.1865176388403773,28.94481313307719,7.628361858190709,17.667132378623823,10.882640586797066,119215320000.0,149219320000.0,27.8020802238806,5.000642617449665,14.380617611580218,33.63863431151241,2.3569190012059864,2.3569190012059864,6.25919966442953,18.924454026632848,17.999917973462,42.10477426636569,0.008992132890303,0.0297277229134644,0.615982285838556,0.1666515118287967,3.805199746353837,0.7557495654985651,0.0,6.891105569409809,0.0104349004809113,1.1604477611940298,0.7974832214765101,0.0,0.3264298589530325,0.572496984318456,0.1990771812080537,1.2945990180032734,0.0,12.20003310996244,0.0184389294652901,0.0085126657666957,-31.794097100943063,-6043000000.0,21840000000.0,-85392000000.0,140280000000.0,11622500000.0,9367500000.0,1757500000.0,44.30536912751678,41.260718660677824,15.885055124540628,2.0313565098841173,2.181251391672234,5.665702718334297,0.0211937288705245,1.6577017114914423,2008-01-28,0.62,bmo,23840000000.0,2025-04-25,2007-12-31,0.0,42.139375,12536979.9375
2007-09-30,VZ,USD,732712,2007-10-30,2007-10-30 16:44:36,2007,Q3,23772000000.0,9608000000.0,14164000000.0,0.5958270234,0,0.0,0.0,6349000000.0,3606000000.0,9954000000.0,19562000000.0,0.0,0.0,3605000000.0,7815000000.0,0.328748107,4210000000.0,0.1770991082,-1552000000.0,2658000000.0,0.1118122161,1387000000.0,1271000000.0,0.0534662628,0.44,0.44,2896000000,2900000000,https://www.sec.gov/Archives/edgar/data/732712/000119312507229691/0001193125-07-229691-index.htm,https://www.sec.gov/Archives/edgar/data/732712/000119312507229691/d10q.htm,8.208563535911603,0.4388812154696133,2.2296270718232045,0.7527624309392266,0.6591850828729282,27.94302486187845,6.784530386740332,17.157803867403317,10.858770718232044,125309920000.00002,156041920000.0,24.647899291896145,5.271324247013293,19.406832894533064,57.48161467889909,2.5218845217251302,2.5218845217251302,6.564105670536766,19.96697632757517,24.16631872386557,71.5788623853211,0.0101428522179249,0.0173968669040727,0.6328764917788645,0.1694169239140389,3.932437619961613,0.7052322212103651,0.0,5.080251770259638,0.0094645340129496,0.9331235247836348,0.0,0.0,0.3301116803775475,0.662381911104228,0.1799175500588928,1.1864077669902913,0.0,13.016541432446331,0.012310863386575,0.0102216431834266,-32.2038156077348,-7121000000.0,19648000000.0,-87659000000.0,138483000000.0,11099000000.0,13893000000.0,1789500000.0,43.57269056032307,133.4263114071607,16.729808492922565,2.065513945607785,0.6745296265094075,5.379619260918253,0.0255791020145303,1.4768646408839778,2007-10-29,0.62,bmo,23394666666.0,2025-04-25,2007-09-30,0.0161290322580645,40.34111111111111,13501976.412698412
2007-06-30,VZ,USD,732712,2007-07-31,2007-07-31 12:23:03,2007,Q2,23273000000.0,9231000000.0,14042000000.0,0.6033601169,0,0.0,0.0,6320000000.0,3573000000.0,9893000000.0,19124000000.0,0.0,0.0,3573000000.0,7722000000.0,0.3318007992,4149000000.0,0.1782752546,-1511000000.0,2638000000.0,0.1133502342,955000000.0,728000000.0,0.0312808834,0.25,0.25,2903000000,2907000000,https://www.sec.gov/Archives/edgar/data/732712/000119312507166316/0001193125-07-166316-index.htm,https://www.sec.gov/Archives/edgar/data/732712/000119312507166316/d10q.htm,8.016879090595936,0.2507750602824664,2.2304512573200137,0.7313124354116431,0.8115742335514985,27.568722011712023,6.5869789872545645,17.165346193592836,11.204271443334482,113913720000.0,145783720000.0,39.11872252747253,4.894672796803162,17.592852509652513,53.65695713612812,2.2860010836627804,2.2860010836627804,6.264070811670176,18.87901061901061,22.514860231660236,68.66873292510599,0.006390801740124,0.0186369122174221,0.6527262146053662,0.1760445983979216,4.127169127169127,0.6963847538033698,0.0,3.847296494355318,0.0102182599251433,1.598901098901099,0.0,0.0,0.32967092444252,0.6721235521235521,0.1869978086194302,1.2180240694094595,0.0,9.841464136271702,0.0161935201124062,0.005878078320549,-32.19385118842577,-7424000000.0,19122000000.0,-87700000000.0,137215000000.0,10433000000.0,13425500000.0,1786500000.0,41.33588278262364,132.0311992200195,17.48131296717582,2.177285059406867,0.6816570669029686,5.148354712771891,0.0146093797033974,1.4991388219083706,2007-07-30,0.58,bmo,23273000000.0,2025-04-25,2007-06-30,0.0,38.81111111111111,13496065.253968254
2007-03-31,VZ,USD,732712,2007-05-04,2007-05-04 16:42:33,2007,Q1,22584000000.0,8912000000.0,13672000000.0,0.6053843429,0,0.0,0.0,6343000000.0,3533000000.0,9876000000.0,18788000000.0,0.0,0.0,3533000000.0,7329000000.0,0.3245217853,3796000000.0,0.168083599,-1431000000.0,2365000000.0,0.1047201559,881000000.0,1495000000.0,0.0661973078,0.51,0.51,2909000000,2911000000,https://www.sec.gov/Archives/edgar/data/732712/000119312507102943/0001193125-07-102943-index.htm,https://www.sec.gov/Archives/edgar/data/732712/000119312507102943/d10q.htm,7.763492609144036,0.5139223100721898,1.5527672739773115,0.1216913028532141,1.1859745617050532,26.819869370917843,5.8477139910622205,16.76933654176693,11.92059126847714,105131260000.0,138507260000.0,17.580478260869565,4.65512132483174,23.274576046048264,296.9809604519774,2.1551240211553444,2.1551240211553444,6.132981756996103,18.898520944194296,30.66355102944432,391.2634463276836,0.0142203184856721,0.0033672192267076,0.710856463449633,0.1881715178745849,4.55396370582617,0.6412241095104996,0.0,3.0214046822742477,0.0112145521703059,0.788628762541806,0.0,0.0,0.3310542423650452,0.9216294000442772,0.184334041799504,1.1783187093121992,0.0,13.92508757291185,0.0146146802083982,0.0121272591583114,-32.41397387418357,-10012000000.0,17011000000.0,-88371000000.0,133974000000.0,10534000000.0,8850500000.0,1647000000.0,40.55658873538789,134.40417414721722,17.975763016157988,2.219121548589958,0.6696220602599745,5.006741573033708,0.0306465499569513,1.4310759711240977,2007-04-30,0.53,bmo,22165777777.0,2025-04-25,2007-03-31,0.0188679245283019,35.70950819672132,13220405.672131147
2006-12-31,VZ,USD,732712,2007-03-01,2007-03-01 14:23:33,2006,Q4,20154000000.0,8645000000.0,11509000000.0,0.5710528927,0,0.0,0.0,5645000000.0,0.0,9243000000.0,17888000000.0,0.0,0.0,3598000000.0,7032000000.0,0.3489133671,2266000000.0,0.1124342562,2679000000.0,4945000000.0,0.2453607224,253000000.0,1032000000.0,0.051205716,0.35,0.35,2909000000,2911000000,https://www.sec.gov/Archives/edgar/data/732712/000119312507044126/0001193125-07-044126-index.htm,https://www.sec.gov/Archives/edgar/data/732712/000119312507044126/d10k.htm,6.92815400481265,0.3547610862839463,2.0127191474733586,0.3685115159848745,1.943279477483672,26.425575799243727,5.196974905465796,16.684427638363697,12.499484358886216,103240410000.0,136382410000.0,25.00978924418605,5.1225766597201545,17.632862510674638,96.3063526119403,2.127133202843309,2.127133202843309,6.76701448843902,19.394540671217293,23.29332365499573,127.2223973880597,0.0099960858349942,0.0103835310223971,0.7491707015555784,0.1925859621618186,4.713026166097839,0.6982032218091697,0.0,5.6734496124031,0.011449005287755,1.1453488372093024,0.0,0.0,0.3270799347471452,0.8169086251067463,0.2373226158578942,1.32934963868816,0.0,11.540241663100716,0.0130910753005015,0.0081227863046044,-33.466397387418354,-9742000000.0,15118000000.0,-89394000000.0,134368000000.0,10862500000.0,9446500000.0,1582000000.0,48.63501041976779,45.72353961827646,15.761711972238288,1.850518776971812,1.968351548269581,5.7100396301188905,0.0212630060780879,1.644207631488484,2007-01-29,0.61,bmo,19823606557.0,2025-04-25,2006-12-31,0.0163934426229508,34.03349206349206,13165358.984126983
2006-09-30,VZ,USD,732712,2006-11-06,2006-11-06 15:27:11,2006,Q3,22459000000.0,8932000000.0,13527000000.0,0.6022975199,0,0.0,0.0,6384000000.0,3628000000.0,9990000000.0,18922000000.0,0.0,0.0,3628000000.0,7165000000.0,0.3190257803,3537000000.0,0.1574869763,-1272000000.0,2265000000.0,0.1008504386,855000000.0,1922000000.0,0.0855781647,0.66,0.66,2907000000,2923000000,https://www.sec.gov/Archives/edgar/data/732712/000119312506225042/0001193125-06-225042-index.htm,https://www.sec.gov/Archives/edgar/data/732712/000119312506225042/d10q.htm,7.725834193326453,0.6611627106983144,2.3095975232198143,0.9312005503955968,1.1816305469556243,25.387684898520813,5.00687994496044,15.919848641210873,14.338837289301686,99390330000.0,139227330000.0,12.927982570239331,4.425412084242398,14.803445040214475,36.7160435906908,2.1476334838695736,2.1476334838695736,6.199177612538404,19.431588276343337,20.736867739052727,51.43233468784632,0.0193378973588275,0.0272360500261947,0.900689297521554,0.2244895760963814,5.559944173063503,0.612097527822615,0.0,3.4932362122788763,0.0117918916256742,0.6097814776274714,0.0,0.0,0.3190829334496631,0.5968126303246947,0.1784139988423349,1.104465270121279,0.0,15.389159539572711,0.0136004265703242,0.0152018476335105,-34.224802201582385,-13698000000.0,14555000000.0,-90262000000.0,126951000000.0,10642500000.0,14418000000.0,1674000000.0,43.41511198183356,146.11397223466187,16.625615763546797,2.0730108916374377,0.6159575201710227,5.413333333333333,0.041530715875451,1.3783969728242174,2006-10-30,0.66,bmo,21798441176.0,2025-04-25,2006-09-30,0.0303030303030303,31.654126984126982,10301643.80952381
2006-06-30,VZ,USD,732712,2006-08-04,2006-08-04 17:29:54,2006,Q2,21886000000.0,8709000000.0,13177000000.0,0.6020743855,0,0.0,0.0,6353000000.0,3630000000.0,9960000000.0,18669000000.0,0.0,0.0,3652000000.0,6869000000.0,0.313853605,3217000000.0,0.1469889427,-1345000000.0,1872000000.0,0.0855341314,754000000.0,1611000000.0,0.0736086996,0.55,0.55,2910000000,2949000000,https://www.sec.gov/Archives/edgar/data/732712/000119312506162569/0001193125-06-162569-index.htm,https://www.sec.gov/Archives/edgar/data/732712/000119312506162569/d10q.htm,7.520962199312715,0.5536082474226804,1.8800687285223368,0.4213058419243986,1.120618556701031,24.92233676975945,4.672508591065292,15.387972508591066,14.5553264604811,89744400000.0,130914400000.0,13.9268156424581,4.1005391574522525,16.403655638822883,73.20097879282218,2.004162665535184,2.004162665535184,5.981650370099607,19.05872761682923,23.928788155730217,106.78172920065252,0.0179509807854306,0.0136610195176523,0.9458898144219388,0.2303922368542724,5.993594409666618,0.6195870584466642,0.0,3.396027312228429,0.0131484527168269,0.7324643078833023,0.0,0.0,0.3205289295757793,0.7759093401571925,0.1939596088823905,1.162376779846659,0.0,13.844689995339856,0.0120206712687786,0.0128966665599282,-34.14802405498282,-13063000000.0,13597000000.0,-90043000000.0,126861000000.0,10534000000.0,14388500000.0,1672500000.0,42.97678881476743,148.1398553220806,17.547364795039613,2.0941536695053107,0.6075340076735264,5.128975265017668,0.0359766854998995,1.458762886597938,2006-08-01,0.62,bmo,21202062500.0,2025-04-25,2006-06-30,0.032258064516129,29.79142857142857,11143544.53968254
2006-03-31,VZ,USD,732712,2006-05-09,2006-05-09 17:28:36,2006,Q1,21231000000.0,8516000000.0,12715000000.0,0.5988884179,0,0.0,0.0,5873000000.0,3776000000.0,9540000000.0,18056000000.0,0.0,0.0,3667000000.0,6842000000.0,0.3222646131,3175000000.0,0.149545476,-624000000.0,1933000000.0,0.0910461118,877000000.0,1632000000.0,0.0768687297,0.56,0.56,2915000000,2963000000,https://www.sec.gov/Archives/edgar/data/732712/000119312506105706/0001193125-06-105706-index.htm,https://www.sec.gov/Archives/edgar/data/732712/000119312506105706/d10q.htm,7.28336192109777,0.5598627787307032,2.080960548885077,0.6861063464837049,1.3471698113207546,24.75094339622641,4.35368782161235,15.358833619210978,14.768439108061749,91414400000.0,133215400000.0,14.00343137254902,4.305703923508077,15.069963732278271,45.7072,2.041821714949409,2.041821714949409,6.274570203947058,19.47024261911722,21.960995713814704,66.6077,0.0178527671789127,0.0218783911506283,0.9615599383529516,0.2354852473005349,6.109470914937153,0.6026462215320911,0.0,3.716911764705882,0.0129629467567472,0.7261029411764706,0.0,0.0,0.3252376732635356,0.6702934388394329,0.1915124110969808,1.1088082901554404,0.0,13.909488974529763,0.0108178095604385,0.0132300009727941,-33.60265866209262,-12283000000.0,12691000000.0,-92036000000.0,129445000000.0,9575500000.0,8531000000.0,1584500000.0,45.00635862653667,152.62799436355095,17.406059182714888,1.999717434303476,0.5896690209112311,5.170613236187006,0.0364521676978401,1.394854202401372,2006-05-02,0.59,bmo,20877150000.0,2025-04-25,2006-03-31,0.0169491525423729,30.419838709677418,15690550.741935484
2005-12-31,VZ,USD,732712,2006-03-14,2006-03-14 16:16:16,2005,Q4,19326000000.0,6552000000.0,12774000000.0,0.6609748525,0,0.0,0.0,5494000000.0,0.0,9597000000.0,16149000000.0,0.0,0.0,3573000000.0,8298000000.0,0.4293697609,3707000000.0,0.1918141364,1708000000.0,5415000000.0,0.2801924868,712000000.0,1658000000.0,0.0857911622,0.57,0.56,2915000000,2963000000,https://www.sec.gov/Archives/edgar/data/732712/000119312506053710/0001193125-06-053710-index.htm,https://www.sec.gov/Archives/edgar/data/732712/000119312506053710/d10k.htm,6.629845626072041,0.5687821612349915,2.3111492281303603,1.0171526586620927,0.9969125214408232,22.680274442538597,4.7852487135506,13.612349914236706,13.12418524871355,80862100000.0,118359100000.0,12.192717129071168,4.184109489806478,12.002686655781504,27.272209106239465,2.037855342741936,2.037855342741936,6.124345441374315,14.263569534827669,17.568517144129434,39.9187521079258,0.0205040433033522,0.0366673633259586,0.9641381048387097,0.2275441622553976,4.51879971077368,0.7235955056179775,0.0,4.063329312424608,0.0138383742198137,0.6749095295536791,0.0,0.0,0.3102599179206566,0.5598931275048241,0.1951774811135258,1.0556954939826475,0.0,13.198688972144028,0.0217365825358202,0.0142972940344583,-31.54356775300171,-7380000000.0,13949000000.0,-82697000000.0,117771000000.0,8935500000.0,7690000000.0,1512500000.0,39.74231605091586,35.989010989010985,20.906593406593405,2.2645887040074992,2.500763358778626,4.304862023653088,0.0417842741935483,1.2939965694682676,2006-01-26,0.64,bmo,19326000000.0,2025-04-25,2005-12-31,0.0,28.46174603174603,13357447.206349207
2005-09-30,VZ,USD,732712,2005-11-08,2005-11-08 13:30:25,2005,Q3,18486000000.0,6361000000.0,12125000000.0,0.6559017635,0,0.0,0.0,5195000000.0,3518000000.0,8628000000.0,14989000000.0,0.0,0.0,3688000000.0,7185000000.0,0.3886725089,3497000000.0,0.1891701828,-1003000000.0,2494000000.0,0.1349129071,737000000.0,1869000000.0,0.1011035378,0.68,0.67,2765000000,2817000000,https://www.sec.gov/Archives/edgar/data/732712/000119312505219525/0001193125-05-219525-index.htm,https://www.sec.gov/Archives/edgar/data/732712/000119312505219525/d10q.htm,6.685714285714286,0.6759493670886076,1.9396021699819168,0.5301989150090416,0.6596745027124774,23.579023508137432,4.438336347197107,14.185533453887883,14.26365280289331,83226500000.0,122049500000.0,11.13249063670412,4.502136752136752,15.518646280067127,56.77114597544338,2.1218800193763863,2.1218800193763863,6.602266580114682,16.986708420320113,22.75769159052769,83.25341064120055,0.0224567896042726,0.017614581893988,1.005506972949545,0.2343361002014248,5.403340292275574,0.6460510173865223,0.0,2.8694489031567683,0.0134572521973169,0.599250936329588,0.0,0.0,0.314460401304805,0.7266455342159239,0.2108081791626095,1.0566702819956617,0.0,14.688287956713,0.016455842964401,0.0161990691385631,-33.825226039783004,-8367000000.0,12272000000.0,-87833000000.0,119749000000.0,9451500000.0,12763500000.0,1438000000.0,45.457643622200585,180.53765131268668,21.265524288633863,1.979865053014887,0.4985109717868338,4.232202262142382,0.0476506131606455,1.4094032549728752,2005-10-27,0.64,bmo,15375515151.0,2025-04-25,2005-09-30,0.03125,30.66359375,9082563.453125
2005-06-30,VZ,USD,732712,2005-08-08,2005-08-08 13:40:16,2005,Q2,18053000000.0,6077000000.0,11976000000.0,0.6633800476,0,0.0,0.0,5110000000.0,2966000000.0,8520000000.0,14597000000.0,0.0,0.0,3326000000.0,6866000000.0,0.3803245998,3986000000.0,0.2207943278,-984000000.0,3002000000.0,0.1662881516,982000000.0,2113000000.0,0.1170442586,0.76,0.75,2766000000,2818000000,https://www.sec.gov/Archives/edgar/data/732712/000119312505160449/0001193125-05-160449-index.htm,https://www.sec.gov/Archives/edgar/data/732712/000119312505160449/d10q.htm,6.526753434562545,0.7639190166305134,2.160520607375271,0.6923355025307303,1.0849602313810556,23.104483007953725,4.001807664497469,13.938539407086044,15.09652928416486,87986460000.0,128338460000.0,10.410134879318504,4.873786074336675,14.723303212851404,45.94593211488251,2.282161643409244,2.282161643409244,7.108982440591592,18.69188173609088,21.475645917001337,67.01747258485639,0.0240150586806197,0.0217647124341631,1.083078279815324,0.2465328822685488,5.877075444217885,0.607426572407259,0.0,2.828206341694273,0.0127519620632538,0.5309985802177,0.0,0.0,0.3119549879853817,0.6795515394912985,0.2249487619786185,1.2209861695730608,0.0,15.478310458036228,0.0178069510935206,0.0181312693604716,-34.20390455531454,-10773000000.0,11069000000.0,-88801000000.0,117198000000.0,9425500000.0,12984500000.0,1416500000.0,47.6895806791115,189.07849267730788,20.33404640447589,1.8872046832531884,0.4759927939218297,4.426074289876183,0.0548062457851325,1.468185104844541,2005-07-26,0.64,bmo,18339555555.0,2025-04-25,2005-06-30,-0.015625,32.09,8037581.703125
2005-03-31,VZ,USD,732712,2005-05-09,2005-05-09 14:11:24,2005,Q1,18179000000.0,6123000000.0,12056000000.0,0.6631827933,0,0.0,0.0,5214000000.0,3460000000.0,8674000000.0,14797000000.0,0.0,0.0,3460000000.0,6842000000.0,0.3763683371,3382000000.0,0.186038836,-846000000.0,2536000000.0,0.1395016228,779000000.0,1757000000.0,0.0966499807,0.63,0.63,2769000000,2821000000,https://www.sec.gov/Archives/edgar/data/732712/000119312505100622/0001193125-05-100622-index.htm,https://www.sec.gov/Archives/edgar/data/732712/000119312505100622/d10q.htm,6.565185987721199,0.6345250993138317,1.4214517876489707,0.123510292524377,0.9790538100397256,22.65583243048032,5.326110509209101,13.71614301191766,14.152040447815097,90518610000.0,129013610000.0,12.879711155378486,4.979295340777821,22.99761432926829,264.674298245614,2.383323064770932,2.383323064770932,7.096848561527037,18.856125401929265,32.777848069105694,377.23277777777776,0.0194103731818241,0.0037782285874694,1.0317798841495525,0.2376669375674725,5.626278865828705,0.7345308519366122,0.0,2.240182128628344,0.0117765838428142,0.6067159931701764,0.0,0.0,0.2910323746679443,0.913109756097561,0.1977006435997579,1.038728323699422,0.0,13.993671164276188,0.016110730607993,0.0150304544210238,-33.13226796677501,-6148000000.0,14748000000.0,-85137000000.0,116209000000.0,9543000000.0,8014500000.0,1497500000.0,45.9678750206282,194.0519353258207,21.46006859382656,1.957889068389876,0.4637933646417209,4.193835616438356,0.0462611901000526,1.2979414951245938,2005-04-27,0.6,bmo,16840000000.0,2025-04-25,2005-03-31,0.05,33.5227868852459,9586940.262295082
2004-12-31,VZ,USD,732712,2005-03-14,2005-03-14 12:13:00,2004,Q4,18263000000.0,6064000000.0,12199000000.0,0.6679625472,0,0.0,0.0,5281000000.0,0.0,8846000000.0,14910000000.0,0.0,0.0,3565000000.0,8706000000.0,0.4767015277,3353000000.0,0.1835952472,2359000000.0,5712000000.0,0.3127635109,786000000.0,3039000000.0,0.166402015,1.1,1.08,2769000000,2821000000,https://www.sec.gov/Archives/edgar/data/732712/000119312505049044/0001193125-05-049044-index.htm,https://www.sec.gov/Archives/edgar/data/732712/000119312505049044/d10k.htm,6.595521849042976,1.0975081256771395,2.2845792704947634,0.7742867461177321,1.642109064644276,22.612134344528712,5.4767063921993495,13.564463705308777,14.180931744312026,103283699999.99998,140260700000.0,8.49652023692004,5.655352351749438,16.326857413847613,48.17336753731343,2.749832268370607,2.749832268370607,7.680047089744292,16.11080863772111,22.17209927284224,65.4201026119403,0.0294238103398697,0.0207583578047649,1.045447284345048,0.2366080574603213,4.247300712152539,0.8421894591205845,0.0,2.5133094954310686,0.0103017223434094,0.3501151694636393,0.0,0.0,0.2859036623724075,0.6610812519759722,0.2289875704977276,1.1730715287517532,0.0,18.301911254925077,0.0197484687691579,0.0256434056197789,-32.74819429396894,-3650000000.0,15165000000.0,-83866000000.0,117922000000.0,9860000000.0,8059000000.0,1462000000.0,48.299293653835626,41.95745382585752,22.78199208443272,1.863381287623712,2.145030067209055,3.9504885993485344,0.0809105431309904,1.510292524377031,2005-01-27,0.64,bmo,18263000000.0,2025-04-25,2004-12-31,0.0,37.6046875,7096203.46875
2004-09-30,VZ,USD,732712,2004-11-08,2004-11-08 17:18:03,2004,Q3,18206000000.0,5994000000.0,12212000000.0,0.6707678787,0,0.0,0.0,5132000000.0,3483000000.0,8615000000.0,14609000000.0,0.0,0.0,3483000000.0,7080000000.0,0.3888827859,3597000000.0,0.1975722289,-1017000000.0,2580000000.0,0.1417115237,801000000.0,1796000000.0,0.0986487971,0.65,0.64,2769000000,2820000000,https://www.sec.gov/Archives/edgar/data/732712/000119312504189657/0001193125-04-189657-index.htm,https://www.sec.gov/Archives/edgar/data/732712/000119312504189657/d10q.htm,6.574936800288913,0.6486096063560852,2.0227518959913326,0.8490429758035392,0.5785482123510293,21.58252076561936,4.841097869266884,12.70278078728783,14.634525099313832,100403940000.0,140310940000.0,13.976049554565702,5.5148819070636055,17.926073915372253,42.70690769885155,2.8544930914880307,2.8544930914880307,7.706851587388773,19.817929378531076,25.051051597928943,59.68138664398128,0.0178877442458931,0.0234154157695405,1.1520725535907204,0.2487645567444458,5.6365819209039545,0.7672115550942743,0.0,3.148397976391231,0.0106270730013184,0.594097995545657,0.0,0.0,0.2845785987464471,0.5802535261560435,0.1785125782708997,0.9331036462819408,0.0,13.615460955714427,0.0173391192692051,0.0154110176763343,-33.73031780426147,-5383000000.0,13405000000.0,-85394000000.0,114460000000.0,9768500000.0,12891000000.0,1375500000.0,49.033834999450725,199.56456456456456,20.855855855855857,1.8354672850085696,0.4509818674290873,4.315334773218143,0.0510604423722067,1.1737089201877935,2004-10-28,0.64,bmo,17925907692.0,2025-04-25,2004-09-30,0.015625,35.35328125,7429089.4375
2004-06-30,VZ,USD,732712,2004-08-06,2004-08-06 14:04:58,2004,Q2,17758000000.0,5620000000.0,12138000000.0,0.6835229192,0,0.0,0.0,5000000000.0,3440000000.0,8437000000.0,14057000000.0,0.0,0.0,3437000000.0,7138000000.0,0.4019596801,3701000000.0,0.2084131096,-1060000000.0,2641000000.0,0.1487217029,871000000.0,1797000000.0,0.1011938281,0.65,0.64,2770000000,2834000000,https://www.sec.gov/Archives/edgar/data/732712/000119312504134114/0001193125-04-134114-index.htm,https://www.sec.gov/Archives/edgar/data/732712/000119312504134114/d10q.htm,6.410830324909747,0.6487364620938628,2.1122743682310468,0.9628158844765344,0.7212996389891697,21.270758122743683,4.333212996389892,12.310108303249098,15.12202166064982,92296400000.0,133576400000.0,12.840345019476906,5.197454668318504,15.7744659032644,34.60682414698163,2.706718672101821,2.706718672101821,7.522040770357022,18.71342112636593,22.82967014185609,50.0848893888264,0.0194698818155421,0.0288960349482753,1.2284231209126368,0.2578706952806609,5.783132530120482,0.7442348008385744,0.0,3.283389450056117,0.0115497462522915,0.5932109070673345,0.0,0.0,0.288830199830089,0.5441804819688942,0.1792994706611105,0.926389292988071,0.0,13.40467688698416,0.0172846242784425,0.0155556132651206,-33.79981949458484,-5978000000.0,12003000000.0,-86123000000.0,114480000000.0,9558500000.0,12596000000.0,1335500000.0,48.7453542065548,200.03380782918148,21.81138790035587,1.846329798294864,0.4499239452405732,4.126284875183553,0.0526994926537435,1.1494584837545123,2004-07-27,0.6,bmo,16648125000.0,2025-04-25,2004-06-30,0.0666666666666667,33.53403225806452,7284517.661290322
2004-03-31,VZ,USD,732712,2004-05-07,2004-05-07 13:07:41,2004,Q1,17056000000.0,5490000000.0,11566000000.0,0.678119137,0,0.0,0.0,5675000000.0,3428000000.0,9100000000.0,14590000000.0,0.0,0.0,3425000000.0,5891000000.0,0.345391651,2466000000.0,0.1445825516,-878000000.0,1588000000.0,0.0931050657,418000000.0,1183000000.0,0.0693597561,0.43,0.43,2770000000,2847000000,https://www.sec.gov/Archives/edgar/data/732712/000119312504081774/0001193125-04-081774-index.htm,https://www.sec.gov/Archives/edgar/data/732712/000119312504081774/d10q.htm,6.15740072202166,0.4270758122743682,1.4592057761732853,0.5050541516245487,0.8996389891696751,20.82274368231047,3.907581227436823,12.092057761732852,16.04765342960289,93210500000.0,137062500000.0,19.6979078613694,5.464968339587242,23.06048985650668,66.6265189421015,2.782818331094193,2.782818331094193,8.036028377110695,23.26642335766423,33.909574468085104,97.97176554681916,0.0126917031879455,0.0150090386812644,1.3271234512613823,0.2720091053169421,7.443897470718045,0.6889725917615003,0.0,3.416737109044801,0.0114257513906695,0.9002535925612849,0.0,0.0,0.2867134578787303,0.6538842157347847,0.1549601313320825,0.7716788321167883,0.0,10.77938176751637,0.0125488770850968,0.0101487569274059,-34.46615523465704,-7762000000.0,10824000000.0,-88548000000.0,113709000000.0,9676500000.0,8408500000.0,1285500000.0,50.12371013133208,208.2131147540984,21.459016393442624,1.7955574270975891,0.4322494291788048,4.194041252864782,0.0353187042842215,0.9541516245487364,2004-04-27,0.58,bmo,17056000000.0,2025-04-25,2004-03-31,0.0,34.40741935483872,7828342.419354838
2003-12-31,VZ,USD,732712,2004-03-12,2004-03-12 14:13:48,2003,Q4,17278000000.0,5877000000.0,11401000000.0,0.6598564649,0,14858000000.0,-4756000000.0,10102000000.0,-10047000000.0,13690000000.0,19567000000.0,0.0,0.0,3447000000.0,2946000000.0,0.1705058456,-2148000000.0,-0.1243199444,1259000000.0,-889000000.0,-0.0514527144,-1014000000.0,-1458000000.0,-0.0843847668,-0.53,-0.52,2770000000,2804000000,https://www.sec.gov/Archives/edgar/data/732712/000119312504040305/0001193125-04-040305-index.htm,https://www.sec.gov/Archives/edgar/data/732712/000119312504040305/d10k.htm,6.23754512635379,-0.5263537906137185,2.238628158844765,0.887725631768953,1.0256317689530683,20.871480144404337,4.104693140794224,12.081588447653427,16.382671480144403,89470999999.99998,134181999999.99998,-15.341392318244168,5.178319249913184,14.428479277535882,36.38511590077267,2.673489511743261,2.673489511743261,7.766060886676698,45.54718262050237,21.63876794065473,54.567710451403,-0.0162957829911367,0.0274837656894412,1.356003107631626,0.273426202641473,15.176849966055668,0.7108728367193379,0.0,-4.253086419753086,0.0118921214695264,-0.7297668038408779,0.8599374927653664,0.0,0.2798370770268967,0.603451056281245,0.2165759925917351,1.08558166521613,0.0,,0.0020778421582101,-0.0121983869348415,-35.123285198555955,-7685000000.0,11370000000.0,-89259000000.0,114061000000.0,9951500000.0,8390000000.0,1271000000.0,51.32885750665586,63.03215926493109,19.326186830015317,1.7533996346661254,1.4278425655976676,4.65689381933439,-0.0435666049124484,1.3509025270758124,2004-01-29,0.56,bmo,16660928571.0,2025-04-25,2003-12-31,0.0357142857142855,30.39828125,8624368.90625
2003-09-30,VZ,USD,732712,2003-11-12,2003-11-12 17:11:16,2003,Q3,17063000000.0,5706000000.0,11357000000.0,0.6655922171,0,0.0,0.0,4891000000.0,3278000000.0,8166000000.0,13872000000.0,0.0,0.0,3411000000.0,6607000000.0,0.3872120963,3191000000.0,0.1870128348,-647000000.0,2544000000.0,0.149094532,769000000.0,1791000000.0,0.1049639571,0.65,0.64,2759000000,2791000000,https://www.sec.gov/Archives/edgar/data/732712/000095013403015054/0000950134-03-015054-index.htm,https://www.sec.gov/Archives/edgar/data/732712/000095013403015054/d10219e10vq.htm,6.18448713301921,0.649148242116709,1.9162740123233053,0.8840159478071765,0.4030445813700616,21.4222544400145,4.408118883653498,12.735048930772018,16.47698441464299,82411330000.0,127125330000.0,11.50353573422669,4.82982652523003,15.587541138641951,33.788983189831896,2.345495503187614,2.345495503187614,7.450350465920413,19.241006508248827,24.044889351238886,52.12190651906519,0.0217324486815101,0.0295954451893932,1.2938296903460835,0.2755051331466734,6.767670652338429,0.6403664759548476,0.0,3.0125356125356126,0.0128623091024013,0.5918481295365717,0.0,0.0,0.2844866247287977,0.5386797805939096,0.1669108597550254,0.8349457637056582,0.0,13.638402732736738,0.0151832410741057,0.015169738446944,-35.0174882203697,-9303000000.0,12162000000.0,-89337000000.0,112737000000.0,10063000000.0,12618500000.0,1262500000.0,53.00416105022563,199.74763406940065,20.18927444794953,1.6979798984973629,0.4505685407454201,4.4578125,0.0509733606557377,1.032258064516129,2003-10-28,0.63,bmo,16044313432.0,2025-04-25,2003-09-30,0.0634920634920635,32.94109375,8261702.890625
2003-06-30,VZ,USD,732712,2003-08-12,2003-08-12 16:50:38,2003,Q2,16829000000.0,5042000000.0,11787000000.0,0.7003981223,0,0.0,0.0,5673000000.0,3384000000.0,9057000000.0,14099000000.0,0.0,0.0,3384000000.0,6114000000.0,0.3633014439,2730000000.0,0.1622199774,-891000000.0,1839000000.0,0.1092756551,573000000.0,338000000.0,0.0200843782,0.12,0.12,2754000000,2786000000,https://www.sec.gov/Archives/edgar/data/732712/000095013403011452/0000950134-03-011452-index.htm,https://www.sec.gov/Archives/edgar/data/732712/000095013403011452/d08155e10vq.htm,6.110748002904866,0.1227305737109658,1.8761801016702977,0.8496732026143791,0.6267247639796659,21.16194625998548,4.08641975308642,12.427378358750907,17.76652142338417,100052820000.0,148161820000.0,74.0035650887574,5.945262344762018,19.36381265724792,42.75761538461538,2.9233840759678595,2.9233840759678595,8.803958642818943,24.233205757278377,28.674631314108765,63.317017094017096,0.003378215626506,0.023387646645042,1.4296274653031409,0.2918938589478959,7.868662087013412,0.6317673530615028,0.0,4.081358609794629,0.0105844093149998,3.133136094674556,0.0,0.0,0.2805412048250271,0.5471259918714921,0.1679838374234951,0.835401891252955,0.0,5.85810837242592,0.0126662494718135,0.0028026533996683,-36.1073892519971,-10801000000.0,11254000000.0,-90815000000.0,111996000000.0,10769500000.0,12670000000.0,1390500000.0,53.89090260859231,224.42879809599364,22.223324077746923,1.6700406867123152,0.4010180545613616,4.0497991967871485,0.0098758217677136,1.0265068990559187,2003-07-29,0.68,bmo,16474724637.0,2025-04-25,2003-06-30,0.014705882352941,34.391269841269846,7498584.825396826
2003-03-31,VZ,USD,732712,2003-05-12,2003-05-12 16:37:57,2003,Q1,16490000000.0,5124000000.0,11366000000.0,0.689266222,0,0.0,0.0,4292000000.0,3385000000.0,7659000000.0,12783000000.0,0.0,0.0,3367000000.0,7074000000.0,0.428987265,3707000000.0,0.2248029109,-873000000.0,2834000000.0,0.1718617344,838000000.0,3908000000.0,0.2369921164,1.42,1.41,2748000000,2780000000,https://www.sec.gov/Archives/edgar/data/732712/000095013403007610/0000950134-03-007610-index.htm,https://www.sec.gov/Archives/edgar/data/732712/000095013403007610/d05444e10vq.htm,6.000727802037845,1.4221251819505094,2.111353711790393,1.2136098981077148,2.042940320232897,21.67976710334789,4.699781659388647,13.01783114992722,19.680131004366817,89447399999.99998,139393400000.0,5.722070112589559,5.424342025469981,15.416649431230608,26.820809595202395,2.5004165152489306,2.5004165152489306,8.453208004851426,19.70503251342946,24.0250603240262,41.79712143928036,0.0436904817803536,0.0372844822767347,1.5117826293573366,0.3143275618559397,7.060503251342946,0.7840109735509285,0.0,3.037696335078534,0.0118058210747321,0.27021494370522,0.0,0.0,0.2712013158735971,0.4251982075146501,0.1496058217101273,0.7326997326997327,0.0,20.40936485012587,0.0169272442364061,0.0311662626004848,-35.47980349344978,-6141000000.0,12915000000.0,-90186000000.0,117640000000.0,11979000000.0,8809000000.0,1516500000.0,62.55791388720437,224.2447306791569,26.978922716627636,1.4386668993194904,0.4013472233100963,3.3359375,0.1092444022027786,0.8977438136826783,2003-04-22,0.63,bmo,15277499999.0,2025-04-25,2003-03-31,0.0793650793650794,34.010000000000005,8790398.901639344
2002-12-31,VZ,USD,732712,2003-03-14,2003-03-14 14:12:02,2002,Q4,17214000000.0,11001000000.0,6213000000.0,0.3609271523,0,0.0,0.0,0.0,-7249000000.0,3427000000.0,14428000000.0,0.0,0.0,3427000000.0,6213000000.0,0.3609271523,2786000000.0,0.1618450099,-1104000000.0,1682000000.0,0.0977111653,-608000000.0,2290000000.0,0.1330312536,0.83,0.82,2748000000,2780000000,https://www.sec.gov/Archives/edgar/data/732712/000095013403003953/0000950134-03-003953-index.htm,https://www.sec.gov/Archives/edgar/data/732712/000095013403003953/d03879e10vk.htm,6.264192139737991,0.8333333333333334,2.1914119359534205,0.7809315866084425,1.2605531295487626,20.62336244541485,3.760553129548762,11.868995633187772,19.38500727802037,98048640000.0,149896640000.0,10.704,5.695866155454862,16.281740285619396,45.689021435228334,3.006151582045622,3.006151582045622,8.707833159056582,24.126290037019157,24.89150448356028,69.84931966449207,0.023355754857997,0.0218870960372321,1.6332474858964925,0.3180906202976091,8.345082890713021,0.7910415696945827,0.0,2.629694323144105,0.0107395676268431,0.459825327510917,0.0,0.0,0.2767036090476986,0.6436399867153769,0.2251655629139073,1.1310183834257368,0.0,14.91789757714775,0.0254900190614397,0.0189054644222275,-35.375,-5836000000.0,10334000000.0,-88702000000.0,114261000000.0,12726000000.0,9546500000.0,1554500000.0,65.33286859532939,39.68639214616853,12.24706844832288,1.377560819462228,2.2677798392084108,7.348697394789579,0.0702109394162374,1.4104803493449782,2003-01-29,0.79,bmo,17214000000.0,2025-04-25,2002-12-31,0.0,34.7009375,9065455.359375
2002-09-30,VZ,USD,732712,2002-11-13,2002-11-13 16:34:08,2002,Q3,17113000000.0,5135000000.0,11978000000.0,0.6999357214,0,0.0,0.0,5204000000.0,0.0,5964000000.0,11099000000.0,0.0,0.0,3287000000.0,9301000000.0,0.5435049378,6014000000.0,0.3514287384,-674000000.0,5340000000.0,0.3120434757,932000000.0,4405000000.0,0.2574066499,1.61,1.6,2732000000,2749000000,https://www.sec.gov/Archives/edgar/data/732712/000095013402014129/0000950134-02-014129-index.htm,https://www.sec.gov/Archives/edgar/data/732712/000095013402014129/d01054e10vq.htm,6.263909224011713,1.612371888726208,2.197291361639824,1.2463396778916545,2.158491947291361,20.382503660322108,3.266471449487555,11.656295754026354,21.028916544655928,69037640000.0,120837640000.0,3.9181407491486944,4.034221936539473,11.500523071797437,20.275371512481644,2.167927147118857,2.167927147118857,7.0611605212411614,12.991897645414472,20.12954189571881,35.48829368575624,0.0638057731985044,0.0493209211670619,1.8040822735123256,0.339747721748798,5.569293624341468,0.7573586367157242,0.0,1.359682899207248,0.0152235794850461,0.2385925085130533,0.0,0.0,0.2765303165601215,0.432783608195902,0.1518144100975866,0.7903863705506541,0.0,20.563836728844933,0.0331982421947154,0.036006800830486,-35.50292825768668,-7518000000.0,8924000000.0,-89948000000.0,113380000000.0,13012000000.0,13686000000.0,1727500000.0,68.1376731140069,249.6163583252191,28.253164556962027,1.3208552022229083,0.360553293076815,3.185483870967742,0.1383262678599466,0.95095168374817,2002-10-25,0.77,bmo,17201000000.0,2025-04-25,2002-09-30,0.0,29.113125,9230522.3125
2002-06-30,VZ,USD,732712,2002-08-12,2002-08-12 17:14:28,2002,Q2,16752000000.0,4951000000.0,11801000000.0,0.7044531996,0,0.0,0.0,5793000000.0,0.0,9115000000.0,14066000000.0,0.0,0.0,3288000000.0,6008000000.0,0.358643744,2686000000.0,0.160339064,-4440000000.0,-1754000000.0,-0.104703916,325000000.0,-2115000000.0,-0.1262535817,-0.78,-0.78,2726000000,2726000000,https://www.sec.gov/Archives/edgar/data/732712/000095013402009527/0000950134-02-009527-index.htm,https://www.sec.gov/Archives/edgar/data/732712/000095013402009527/d98774e10vq.txt,6.145267791636097,-0.7758620689655172,2.0605282465150405,0.9101247248716068,1.3686720469552458,18.879677182685253,2.2872340425531914,10.50696991929567,22.600146735143067,95982460000.0,154628460000.0,-11.345444444444444,5.729611986628463,17.0878511661029,38.68700523982265,3.351108861113051,3.351108861113051,9.23044770773639,25.737093874833555,27.528655866120705,62.32505441354293,-0.0220352760285577,0.0258484727313719,2.150967111235249,0.3660758320310411,9.761318242343542,0.6485706278026906,0.0,-2.706987951807229,0.0108874058864505,-0.4940898345153664,0.0,0.0,0.2687634066776396,0.5583051450952465,0.1872015281757402,0.9537712895377128,0.0,,0.0212839177977179,-0.0171864588581365,-37.554475421863536,-12539000000.0,6235000000.0,-93686000000.0,107076000000.0,14240000000.0,13125000000.0,1806500000.0,70.20773638968481,238.67905473641687,33.50232276307817,1.2819100091827365,0.3770753998476771,2.686380900705372,-0.0738426087563717,1.1504035216434336,2002-07-31,0.77,bmo,16752000000.0,2025-04-25,2002-06-30,0.0,38.58875,7357685.984375
2002-03-31,VZ,USD,732712,2002-05-15,2002-05-15 12:30:36,2002,Q1,16430000000.0,4874000000.0,11556000000.0,0.703347535,0,0.0,0.0,4945000000.0,0.0,8045000000.0,12919000000.0,0.0,0.0,3320000000.0,6831000000.0,0.4157638466,3511000000.0,0.2136944614,-2553000000.0,958000000.0,0.0583079732,969000000.0,-501000000.0,-0.0304930006,-0.18,-0.18,2719000000,2719000000,https://www.sec.gov/Archives/edgar/data/732712/000095013402005648/0000950134-02-005648-index.htm,https://www.sec.gov/Archives/edgar/data/732712/000095013402005648/d96948e10-q.txt,6.042662743655756,-0.1842589187201176,1.6469290180213314,0.7738139021699154,0.8749540272158882,19.688488414858405,3.091577785950717,11.403824935638102,23.14233173961015,115040890000.0,176949890000.0,-57.40563373253494,7.001880097382836,25.69023894595802,54.67722908745248,3.710158673847841,3.710158673847841,10.769926354230067,25.90395110525545,39.51538410004466,84.10165874524715,-0.0043549732621157,0.0182891491886058,2.029348211694133,0.3672785641324967,9.062948323817889,0.688464824836229,0.0,1119.5,0.0091358820329015,-2.097804391217565,0.0,0.0,0.2633999708157011,0.5301473872264404,0.1444917833231893,0.7150602409638555,0.0,,-0.0002642531495498,-0.0039699519802215,-37.87017285766826,-10938000000.0,8406000000.0,-93620000000.0,108510000000.0,14833000000.0,9145500000.0,1869000000.0,84.42361533779672,242.26508001641363,32.68362741075092,1.0660524266805087,0.3714939024390244,2.753672316384181,-0.0161576418228142,0.873115115851416,2002-04-23,0.72,bmo,16285000000.0,2025-04-25,2002-03-31,0.0,43.5435,6094461.15
2001-12-31,VZ,USD,732712,2002-03-20,2002-03-20 00:00:00,2001,Q4,17011000000.0,12714000000.0,4297000000.0,0.252601258,0,0.0,0.0,0.0,0.0,3850000000.0,16564000000.0,0.0,0.0,3495000000.0,3942000000.0,0.2317324084,447000000.0,0.0262771148,-2402000000.0,-1955000000.0,-0.1149256364,71000000.0,-2037000000.0,-0.1197460467,-0.75,-0.75,2719000000,2732000000,https://www.sec.gov/Archives/edgar/data/732712/000095010902001438/0000950109-02-001438-index.htm,https://www.sec.gov/Archives/edgar/data/732712/000095010902001438/d10k.txt,6.256344244207429,-0.7491724898859875,2.4556822361162194,0.6557557925707981,1.092313350496506,20.113276940051488,3.834497977197499,11.967267377712394,23.657962486208163,118820300000.00002,182167300000.0,-14.582756504663722,6.984909764270179,17.795462033847535,66.64066180594504,3.651627278035588,3.651627278035588,10.7087943095644,46.21189751395231,27.282806649692976,102.16898485698262,-0.0171435352376656,0.0150058533769061,1.9768892713359352,0.3766269504376592,16.069761542364283,0.6098632298790111,0.0,-3.2956564659427445,0.0088284577635303,-0.5149729995090819,0.0,0.0,0.2591527855030885,0.7329639059457841,0.2876961965786844,1.4002861230329042,0.0,,0.003058779216019,-0.0160985671722001,-37.31610886355278,-14833000000.0,10426000000.0,-92920000000.0,103848000000.0,13990000000.0,8558000000.0,2113500000.0,75.41355593439539,36.60453043888627,13.931099575271356,1.1934193910481268,2.4587120479597755,6.460365853658536,-0.062601800915824,1.7999264435454212,2002-01-31,0.77,bmo,17011000000.0,2025-04-25,2001-12-31,0.0,46.07578125,5878772.734375
2001-09-30,VZ,USD,732712,2001-11-14,2001-11-14 00:00:00,2001,Q3,17004000000.0,9925000000.0,7079000000.0,0.4163138085,0,0.0,0.0,0.0,0.0,3402000000.0,13327000000.0,0.0,0.0,3402000000.0,7079000000.0,0.4163138085,3677000000.0,0.2162432369,-810000000.0,2867000000.0,0.1686073865,984000000.0,1875000000.0,0.1102681722,0.69,0.69,2712000000,2735000000,https://www.sec.gov/Archives/edgar/data/732712/000095013401508652/0000950134-01-508652-index.htm,https://www.sec.gov/Archives/edgar/data/732712/000095013401508652/d92112e10-q.txt,6.269911504424779,0.6913716814159292,2.0051622418879056,0.7831858407079646,0.5947640117994101,20.91998525073746,4.666297935103245,12.845132743362832,23.55825958702065,138095040000.0,200620040000.0,18.412672,8.121326746647847,25.39445384332475,65.01649717514124,3.964147433689287,3.964147433689287,11.798402728769702,28.34016669021048,36.892247149687385,94.45387947269305,0.0135776056837378,0.0153807117185381,1.834022275806637,0.3769254821448587,8.83246221217686,0.6023950113128415,0.0,2.887944768985661,0.0075310452859132,0.5546666666666666,0.0,0.0,0.2600543943175047,0.6094152261860978,0.1948953187485297,0.974132863021752,0.0,14.135668467135371,0.0158768448526499,0.0149494111925244,-36.77396755162242,-14410000000.0,12655000000.0,-90936000000.0,102567000000.0,13751500000.0,11842500000.0,2153000000.0,72.64996471418489,108.31738035264485,20.48463476070529,1.2388168439457965,0.8308915864378401,4.393536963258079,0.0538236307268343,1.221976401179941,2001-10-30,0.77,bmo,17457440000.0,2025-04-25,2001-09-30,-0.0259740259740259,49.144576271186445,5979900.915254237
2001-06-30,VZ,USD,732712,2001-08-14,2001-08-14 00:00:00,2001,Q2,16909000000.0,9713000000.0,7196000000.0,0.4255721805,0,0.0,0.0,0.0,0.0,3395000000.0,13108000000.0,0.0,0.0,3400000000.0,7201000000.0,0.425867881,3801000000.0,0.2247915311,-4705000000.0,-904000000.0,-0.053462653,117000000.0,-1021000000.0,-0.0603820451,-0.38,-0.38,2707000000,2707000000,https://www.sec.gov/Archives/edgar/data/732712/000095013401505380/0000950134-01-505380-index.htm,https://www.sec.gov/Archives/edgar/data/732712/000095013401505380/d89821e10-q.txt,6.246398226819357,-0.3771702992242334,1.6830439601034357,-0.0476542297746582,1.2608053195419284,20.926486885851496,4.810121906169191,12.895825637236792,23.96416697451053,133346820000.0,195601820000.0,-32.651033300685604,7.886144656691703,29.268397717295876,-1033.6962790697671,3.8198407287518976,3.8198407287518976,11.567911762966467,27.163146785168728,42.93279631255487,-1516.2931782945736,-0.0076567255222134,-0.0009674021472728,1.8582886934601397,0.3812061842948058,8.645327037911402,0.615930515835187,0.0,-4.462291870714985,0.0077917118683445,-1.0176297747306562,0.0,0.0,0.2563685190952736,1.0283143107989463,0.2770713821042048,1.3779411764705882,0.0,,0.0280584547978483,-0.0080682123496594,-36.48162172146287,-14504000000.0,13021000000.0,-90265000000.0,102665000000.0,13882500000.0,12175000000.0,2048000000.0,73.32958779348276,108.78204468238444,18.96736332749923,1.227335414095957,0.8273424190800681,4.7449926722032245,-0.0292474719986249,1.7306981898780938,2001-07-31,0.76,bmo,16689402597.0,2025-04-25,2001-06-30,0.0131578947368421,49.17047619047619,5951226.031746032
2001-03-31,VZ,USD,732712,2001-05-15,2001-05-15 00:00:00,2001,Q1,16266000000.0,9299000000.0,6967000000.0,0.4283167343,0,0.0,0.0,0.0,0.0,3360000000.0,12659000000.0,0.0,0.0,3360000000.0,6967000000.0,0.4283167343,3607000000.0,0.2217508914,-849000000.0,2758000000.0,0.1695561293,1004000000.0,1572000000.0,0.0966433051,0.58,0.58,2704000000,2725000000,https://www.sec.gov/Archives/edgar/data/732712/000095013401501758/0000950134-01-501758-index.htm,https://www.sec.gov/Archives/edgar/data/732712/000095013401501758/d87215e10-q.txt,6.015532544378698,0.5813609467455622,1.147189349112426,-0.5088757396449705,0.6283284023668639,20.857618343195263,4.554733727810651,12.832100591715976,22.86353550295858,122761600000.0,183895600000.0,19.523155216284987,7.547128980695931,39.574983881366855,-89.21627906976744,3.5380021903279726,3.5380021903279726,11.305520718062215,26.395234677766613,59.2829142488717,-133.64505813953488,0.0128053071970388,-0.011208716732268,1.781745345553058,0.3684370493092885,8.77479546433185,0.6205562614711281,0.0,1.7685290763968071,0.0084717045069467,0.6615776081424937,0.0,0.0,0.2627146926661819,1.443584784010316,0.2752981679577032,1.3327380952380952,0.0,12.955765062184536,0.015312103908932,0.0127066240957038,-36.31083579881657,-13438000000.0,12316000000.0,-89422000000.0,102014000000.0,13999000000.0,9428500000.0,1979500000.0,77.39579490962744,122.0453812237875,19.831164641359287,1.1628538747497856,0.737430610626487,4.538311371400683,0.0453052049109458,1.6560650887573964,2001-04-24,0.7,bmo,15814166666.0,2025-04-25,2001-03-31,0.0285714285714286,47.178225806451614,5341777.693548387
2000-12-31,VZ,USD,732712,2001-03-23,2001-03-23 00:00:00,2000,Q4,16814000000.0,10217000000.0,6597000000.0,0.3923516118,0,0.0,0.0,0.0,0.0,3239000000.0,13456000000.0,0.0,0.0,3239000000.0,6597000000.0,0.3923516118,3358000000.0,0.1997145236,-813000000.0,2545000000.0,0.1513619603,852000000.0,1863000000.0,0.1108005234,0.69,0.68,2704000000,2725000000,https://www.sec.gov/Archives/edgar/data/732712/000095010901000760/0000950109-01-000760-index.htm,https://www.sec.gov/Archives/edgar/data/732712/000095010901000760/0000950109-01-000760-0001.txt,6.21819526627219,0.6889792899408284,1.3986686390532543,-0.7289201183431953,0.8764792899408284,20.86094674556213,5.332100591715976,12.787721893491124,25.840236686390533,124816639999.99998,193931640000.0,16.749414922168544,7.423375758296657,33.00281332628239,-63.32655504819888,3.609712533981144,3.609712533981144,11.533938384679434,29.396944065484316,51.27753569539926,-98.39251141552512,0.0149258944961184,-0.0157911637422702,2.020706807796865,0.4241478738580144,10.47673184780961,0.6461327257857227,0.0,2.233904311872416,0.0082681283521171,0.5539452495974235,0.0,0.0,0.2548942240568185,1.5211528291909042,0.3421553467348638,1.7761654831738192,0.0,14.079620018953344,0.0153699930760475,0.0151778076500061,-34.946190828402365,-12115000000.0,14418000000.0,-86206000000.0,99379000000.0,14095000000.0,10587000000.0,1698500000.0,74.99107886285239,55.02887344621709,16.824899677008908,1.2001427551748751,1.635505042420362,5.349214659685864,0.053878188443519,2.12758875739645,2001-02-01,0.77,bmo,16814000000.0,2025-04-25,2000-12-31,0.0,48.52555555555556,5648439.126984127
2000-09-30,VZ,USD,732712,2000-11-14,2000-11-14 00:00:00,2000,Q3,16533000000.0,9605000000.0,6928000000.0,0.4190407065,0,0.0,0.0,0.0,0.0,1986000000.0,11591000000.0,0.0,0.0,3219000000.0,8161000000.0,0.493618823,4942000000.0,0.2989173169,-280000000.0,4662000000.0,0.2819814916,2022000000.0,3466000000.0,0.2096413234,1.28,1.27,2708000000,2722000000,https://www.sec.gov/Archives/edgar/data/732712/000095013400009772/0000950134-00-009772-index.htm,https://www.sec.gov/Archives/edgar/data/732712/000095013400009772/d81505e10-q.txt,6.105243722304284,1.2799113737075332,1.3722304283604136,-0.1964549483013294,0.3478581979320532,20.84638109305761,5.489660265878878,12.73338257016248,19.09638109305761,120776800000.0,171661800000.0,8.711540680900175,7.305195669267525,32.50182992465016,-227.02406015037596,3.5026042572936604,3.5026042572936604,10.382979495554348,21.034407548094595,46.19531754574812,-322.67255639097743,0.0286975644329043,-0.0044048194686396,1.4997099936198597,0.3282781473769742,6.235142752113712,0.5151251025430681,0.0,1.410246679316888,0.0106808592378668,0.3721869590305828,0.0,0.0,0.2639911634756995,1.1431646932185144,0.2569406641262928,1.3196644920782852,0.0,19.14930877315693,0.0203667803807533,0.0298942574735643,-32.77529542097489,-18914000000.0,14866000000.0,-80982000000.0,88977000000.0,13270000000.0,14101000000.0,1436000000.0,77.19107240065324,139.86777719937533,13.93336803748048,1.165937940761636,0.643464862330006,6.459314055144587,0.1005162113566498,1.568685376661743,2000-10-30,0.84,bmo,19024273972.0,2025-04-25,2000-09-30,-0.1309523809523809,42.046507936507936,7523682.650793651
2000-06-30,VZ,USD,732712,2000-08-14,2000-08-14 00:00:00,2000,Q2,16769000000.0,11392000000.0,5377000000.0,0.3206512016,0,0.0,0.0,0.0,0.0,768000000.0,12160000000.0,0.0,0.0,3220000000.0,7833000000.0,0.4671119327,4609000000.0,0.2748524062,3483000000.0,8092000000.0,0.4825570994,3188000000.0,4904000000.0,0.2924443914,1.8,1.79,2718000000,2747000000,https://www.sec.gov/Archives/edgar/data/732712/000095013400007067/0000950134-00-007067-index.htm,https://www.sec.gov/Archives/edgar/data/732712/000095013400007067/e10-q.txt,6.169610007358352,1.8042678440029432,1.4183222958057395,-0.5967623252391464,0.6258278145695364,20.68248712288447,5.614790286975717,12.573951434878587,19.62693156732892,127175220000.0,179175220000.0,6.483239192495922,7.583947760749001,32.98968093385214,-78.40642416769421,3.721185042134832,3.721185042134832,10.684907865704574,22.87440571939231,46.478656290531774,-110.46561035758324,0.0385609712332323,-0.0127540569617257,1.5609199438202248,0.3397553068854171,6.63858036512192,0.5282682267754545,0.0,0.7852923202281523,0.0118026137481814,0.3060766721044046,0.0,0.0,0.2608319056383866,1.4207522697795072,0.3266145864392629,1.7009316770186336,0.0,22.59319511567891,0.0201012928881978,0.0422543706218388,-32.79415011037528,-17981000000.0,15261000000.0,-80662000000.0,87747000000.0,9722500000.0,10137500000.0,987000000.0,66.33669270678037,104.87622893258428,10.94188904494382,1.356715210355987,0.8581544256120527,8.225270758122743,0.1434925093632958,2.015084621044886,2000-08-08,0.81,bmo,16769000000.0,2025-04-25,2000-06-30,0.0,52.20555555555556,4116261.460317461
2000-03-31,VZ,USD,732712,2000-05-12,2000-05-12 00:00:00,2000,Q1,14532000000.0,8210000000.0,6322000000.0,0.4350399119,0,0.0,0.0,2068000000.0,0.0,2494000000.0,10704000000.0,0.0,0.0,2591000000.0,6419000000.0,0.4417148362,3828000000.0,0.2634186623,-1317000000.0,2511000000.0,0.1727910818,457000000.0,731000000.0,0.0503027801,0.27,0.27,2725000000,2756000000,https://www.sec.gov/Archives/edgar/data/732712/000095010900002156/0000950109-00-002156-index.htm,https://www.sec.gov/Archives/edgar/data/732712/000095010900002156/0000950109-00-002156.txt,5.332844036697248,0.2682568807339449,1.6418348623853212,0.8510091743119266,0.3625688073394495,6.333211009174312,6.333211009174312,6.177247706422018,9.52697247706422,153390250000.0,178991250000.0,52.45904582763338,10.555343380126615,34.28481224854716,66.14499784389824,9.1124725242084,9.1124725242084,12.317041701073492,27.88460040504751,40.00698480107287,77.1846701164295,0.0047656223260604,0.0151183011958061,1.5422681637260145,0.3930388179010476,3.988315937061848,0.6894622753653591,0.0,2.860613810741688,0.0038985528741233,0.8180574555403557,0.0,0.0,0.0,0.4816718819848011,0.1482934214148087,0.8317252026244694,0.0,6.106104079364185,0.0543979127040715,0.0110670380912008,-15.485412844036697,-4441000000.0,17258000000.0,-38934000000.0,35308000000.0,9541500000.0,8939000000.0,977500000.0,43.87902559867878,76.73568818514008,6.456760048721072,2.051093860268172,1.1728571428571428,13.938879456706282,0.0434266025069803,0.7908256880733945,2000-04-25,0.8,bmo,14532000000.0,2025-04-25,2000-03-31,0.0,52.62031746031746,4166223.26984127
1999-12-31,VZ,USD,732712,2000-03-30,2000-03-30 00:00:00,1999,Q4,8608000000.0,2638000000.0,5970000000.0,0.6935408922,0,0.0,0.0,2089000000.0,0.0,3818000000.0,6456000000.0,0.0,0.0,1468000000.0,3881000000.0,0.4508596654,2152000000.0,0.25,-950000000.0,1202000000.0,0.1396375465,483000000.0,719000000.0,0.0835269517,0.46,0.46,1551000000,1575000000,https://www.sec.gov/Archives/edgar/data/732712/000095010900001253/0000950109-00-001253-index.htm,https://www.sec.gov/Archives/edgar/data/732712/000095010900001253/,5.54996776273372,0.463571889103804,2.096067053513862,-0.072856221792392,1.9780786589297228,18.230818826563507,12.65699548678272,17.005802707930368,30.613797549967764,87926190000.0,133375190000.0,30.572388734353268,10.21447374535316,27.04589049523224,-778.1078761061947,3.3335680163785257,3.3335680163785257,15.49432969330855,34.366191703169285,41.02589664718548,-1180.3114159292036,0.0081773132669572,-0.0012851688444591,1.8001971489232635,0.4208277940264114,11.710641587219788,0.6721008403361345,0.0,4.521557719054242,0.0068011590175805,0.8317107093184979,0.0,0.0,0.0766196933439688,1.0347585358351277,0.3907992565055762,2.2915531335149866,0.0,13.318287125544408,0.0131161797711624,0.0069011853913711,-46.29561573178594,-9755000000.0,19631000000.0,-64559000000.0,61063000000.0,9463500000.0,8714000000.0,995000000.0,125.44377323420072,371.1220621683093,46.60348749052312,0.7174529088181364,0.2425078139363853,1.931185944363104,0.0272596299666363,2.168923275306254,2000-01-24,0.77,bmo,8608000000.0,2025-04-25,1999-12-31,0.0,58.92640625,3253995.484375
1999-09-30,VZ,USD,732712,1999-11-10,1999-11-10 00:00:00,1999,Q3,14655000000.0,6551000000.0,8104000000.0,0.5529853292,0,0.0,0.0,2083000000.0,0.0,4310000000.0,10861000000.0,0.0,0.0,2455000000.0,7201000000.0,0.4913681337,3794000000.0,0.2588877516,240000000.0,4034000000.0,0.2752644149,700000000.0,1174000000.0,0.0801091778,0.43,0.42,2746000000,2786000000,https://www.sec.gov/Archives/edgar/data/732712/000103605099002296/0001036050-99-002296-index.htm,https://www.sec.gov/Archives/edgar/data/732712/000103605099002296/0001036050-99-002296.txt,5.336853605243991,0.4275309541150764,1.5444282592862346,0.7520029133284778,0.1088856518572469,5.8849235251274585,5.8849235251274585,5.721048798252003,7.556081573197378,170197080000.0,190682080000.0,36.24298977853492,11.613584442169907,40.13135581230841,82.41989346246973,10.83367791215786,10.83367791215786,13.01140088706926,26.479944452159422,44.96158453195001,92.33999031476998,0.0068978856746543,0.0121329931159806,1.3207511139401655,0.3515468808240994,2.8447437855853352,0.7825666285513238,0.0,1.6710007880220643,0.0035253248763139,0.5110732538330494,0.0,0.0,0.0,0.5130865361942938,0.1484817468440805,0.8863543788187372,0.0,7.418444759735748,0.0615568819357298,0.0198908881434041,-13.493900218499636,-2472000000.0,16160000000.0,-33965000000.0,35887000000.0,6825500000.0,6252500000.0,604000000.0,42.55271238485158,89.98626163944435,8.572736986719583,2.115023812960023,1.0001526717557252,10.498397435897436,0.0747294716740929,0.7924253459577567,1999-10-20,0.76,bmo,8304000000.0,2025-04-25,1999-09-30,0.0,58.91703125,2902378.46875
1999-06-30,VZ,USD,732712,1999-08-11,1999-08-11 00:00:00,1999,Q2,14513000000.0,8464000000.0,6049000000.0,0.4167987322,0,0.0,0.0,2051000000.0,0.0,2425000000.0,10889000000.0,0.0,0.0,3361000000.0,6985000000.0,0.4812926342,3624000000.0,0.2497071591,-539000000.0,3085000000.0,0.2125680424,700000000.0,1167000000.0,0.0804106663,0.43,0.42,2739000000,2775000000,https://www.sec.gov/Archives/edgar/data/732712/000103605099001679/0001036050-99-001679-index.htm,https://www.sec.gov/Archives/edgar/data/732712/000103605099001679/0001036050-99-001679.txt,5.298649142022636,0.4260679079956188,1.85469149324571,1.189850310332238,0.1869295363271267,5.64841182913472,5.64841182913472,5.525009127418766,7.644760861628331,164887800000.0,185594800000.0,35.323007712082266,11.36138634327844,32.45822834645669,50.59459957042037,10.895909601533074,10.895909601533074,12.788176117963204,26.570479599141017,36.5344094488189,56.94838907640381,0.0070775399999272,0.0197649553211335,1.3836648384325645,0.3618094793772571,2.9644953471725124,0.7949417758369723,0.0,1.765114662960389,0.0036570322364662,0.5167095115681234,0.0,0.0,0.0,0.3584645669291338,0.1254737132226279,0.5418030348110682,0.0,7.277750635530205,0.0555462745361528,0.0201648437095018,-13.346659364731654,-2254000000.0,15471000000.0,-33664000000.0,35532000000.0,6628500000.0,6094000000.0,569500000.0,41.68538551643354,63.3211247637051,6.209829867674858,2.1590300505801845,1.421326616288833,14.493150684931509,0.0771162360404414,0.664841182913472,1999-07-21,0.75,bmo,14709121621.0,2025-04-25,1999-06-30,-0.0133333333333333,52.72047619047619,3317664.095238095
1999-03-31,VZ,USD,732712,1999-05-12,1999-05-12 00:00:00,1999,Q1,7967000000.0,2367000000.0,5600000000.0,0.7028994603,0,0.0,0.0,2018000000.0,0.0,3522000000.0,5889000000.0,0.0,0.0,1467000000.0,3519000000.0,0.4416970001,2078000000.0,0.2608259069,-262000000.0,1816000000.0,0.2279402535,674000000.0,1142000000.0,0.1433412828,0.74,0.72,1553000000,1582000000,https://www.sec.gov/Archives/edgar/data/732712/000103605099001035/0001036050-99-001035-index.htm,https://www.sec.gov/Archives/edgar/data/732712/0001036050-99-001035.txt,5.130070830650354,0.7353509336767546,1.6007726980038637,0.4294913071474565,0.5840309079201546,9.027688345138442,9.027688345138442,8.821635544108178,12.873792659368965,73922800000.0,93547800000.0,16.18274956217163,9.278624325342037,29.73563958165728,110.8287856071964,5.395824817518248,5.395824817518248,11.741910380318815,26.583631713554983,37.62984714400643,140.25157421289356,0.0154485490268225,0.0090229266207448,1.4593430656934308,0.3636743974533879,5.576868428530832,0.9000910102133683,0.0,2.176882661996497,0.0080895204185988,0.5236427320490368,0.0,0.0,0.0,0.7316975060337892,0.2283168068281661,1.239945466939332,0.0,12.081285259156406,0.0275850694902953,0.0207730786721236,-22.452833226014167,-988000000.0,14020000000.0,-32054000000.0,36303000000.0,6547500000.0,6169000000.0,560500000.0,73.82327099284548,236.9961977186312,21.10266159695817,1.2191277735271615,0.3797529279640622,4.264864864864865,0.0833576642335766,1.171281390856407,1999-04-22,0.73,bmo,8076136986.0,2025-04-25,1999-03-31,-0.0136986301369863,51.47131147540984,3620308.983606557
1998-12-31,VZ,USD,732712,1999-03-30,1999-03-30 00:00:00,1998,Q4,8077100000.0,3278400000.0,4798700000.0,0.594111748,0,0.0,0.0,2590300000.0,0.0,2966200000.0,6244600000.0,0.0,0.0,1510800000.0,3343300000.0,0.4139233141,1832500000.0,0.2268759827,-233400000.0,1599100000.0,0.1979794728,537900000.0,1059100000.0,0.1311237944,0.68,0.67,1553000000,1582000000,https://www.sec.gov/Archives/edgar/data/732712/000095010999001134/0000950109-99-001134-index.htm,https://www.sec.gov/Archives/edgar/data/732712/0000950109-99-001134.txt,5.200965872504829,0.6819703799098519,1.7517707662588538,0.4477141017385705,0.1526078557630392,8.728911783644559,8.728911783644559,8.516419832582098,13.286542176432713,77215160000.0,97612160000.0,18.22659805495232,9.559762786148491,28.382709060834404,111.05301308787574,5.838133978527144,5.838133978527144,12.085050327469018,29.19635091077678,35.88022789928322,140.3885517043003,0.0137162184213566,0.0090047084018216,1.5601088764554665,0.3741839547366894,6.100858433284479,0.8624062292279936,0.0,2.563607237090087,0.0077148062634332,0.5624586913417052,0.0,0.0,0.0,0.744421981253446,0.2507335553602159,1.3404818639131586,0.0,11.431482254970296,0.0255475657116958,0.0192060786304947,-23.2762395363812,-1449000000.0,13556000000.0,-32506000000.0,35367000000.0,6492050000.0,6179550000.0,568600000.0,73.09554171670526,167.59699853587117,15.538067349926797,1.231265243902439,0.537002457002457,5.792226148409894,0.0800771208226221,1.3040566645202831,1999-01-27,0.69,bmo,8077100000.0,2025-04-25,1998-12-31,0.0,49.965625,2457828.703125
1998-09-30,VZ,USD,732712,1998-11-10,1998-11-10 00:00:00,1998,Q3,7910000000.0,2518000000.0,5392000000.0,0.6816687737,0,0.0,0.0,2792000000.0,0.0,4262000000.0,6780000000.0,0.0,0.0,1470000000.0,2600000000.0,0.3286978508,1130000000.0,0.1428571429,-775000000.0,355000000.0,0.0448798989,362600000.0,-8100000.0,-0.0010240202,-0.0052,-0.0051,1556341463,1582066116,https://www.sec.gov/Archives/edgar/data/732712/000103605098001876/0001036050-98-001876-index.html,https://www.sec.gov/Archives/edgar/data/732712/,5.082432222009111,-0.0052045134005403,1.5915530485355964,0.3170255446699488,0.3988841875377061,8.825055636264315,8.825055636264315,8.227371887476341,12.93109544303132,69412829249.8,88917229249.8,-2142.371273141975,8.775326074563843,28.02294277343561,140.68266974017024,5.420929138731394,5.420929138731394,11.241116213628318,34.19893432684616,35.897145437949135,180.2132737126064,-0.0001166931255726,0.0071081960688329,1.57171641441357,0.3659240376520729,7.501692307692307,0.9299831901187132,0.0,-353.85714285714283,0.0085791057133968,-73.51851851851852,0.0,0.0,0.0,0.8008074283407347,0.2507711757269279,1.3493877551020408,0.0,,-0.0005109642072488,-0.0001472772794795,-22.83497924131319,-670600000.0,13734800000.0,-32356400000.0,35556700000.0,6445700000.0,6178750000.0,588050000.0,73.09342604298357,223.53812549642572,20.41620333598094,1.231300882613907,0.402615883980109,4.408263305322129,-0.0006325851647064,1.2745275038656476,1998-10-21,0.68,bmo,14191304347.0,2025-04-25,1998-09-30,0.014705882352941,41.10234375,2760056.125
1998-06-30,VZ,USD,732712,1998-08-13,1998-08-13 00:00:00,1998,Q2,7928000000.0,2116000000.0,5812000000.0,0.7330978809,0,0.0,0.0,2414000000.0,0.0,3859000000.0,5975000000.0,0.0,0.0,1475000000.0,3428000000.0,0.4323915237,1953000000.0,0.2463420787,-346800000.0,1606200000.0,0.2025983855,578600000.0,1021200000.0,0.1288092836,0.66,0.65,1547272727,1571076923,https://www.sec.gov/Archives/edgar/data/732712/000095010998004227/0000950109-98-004227-index.htm,https://www.sec.gov/Archives/edgar/data/732712/0000950109-98-004227.txt,5.123854289974828,0.6600000001163338,1.725746181267758,0.5363631023272085,0.1958930670145522,9.23198590056968,9.23198590056968,8.641462986247026,12.832902469947046,65000927261.27,84553827261.26999,15.91287878507393,8.198906062218718,24.34309312458617,78.32380679752981,4.861445344018637,4.861445344018637,10.665215345770685,24.66564389185239,31.66572813319976,101.88435626132063,0.0157105451110767,0.0127675101720354,1.485038180499151,0.3628940139667408,5.703879813302217,0.7617162051256018,0.0,2.598987736032704,0.0091460233730269,0.5821582452017234,0.0,0.0,0.0,0.6891993109130402,0.2321266397578203,1.2476610169491524,0.0,11.328094516218844,0.0264441991621569,0.0186637473339462,-22.60446680774462,-2816300000.0,14284400000.0,-31428500000.0,32985500000.0,6372450000.0,5865700000.0,574700000.0,73.41788597376387,259.5964083175803,25.72826086956521,1.225859323055989,0.3466920077333945,3.498098859315589,0.0763759563822387,1.1893830789405493,1998-07-23,0.68,bmo,14207000000.0,2025-04-25,1998-06-30,0.0,43.59666666666667,2974243.333333333
1998-03-31,VZ,USD,732712,1998-05-11,1998-05-11 00:00:00,1998,Q1,7651000000.0,1881800000.0,5769200000.0,0.7540452228,0,0.0,0.0,2304400000.0,0.0,4057300000.0,5939100000.0,0.0,0.0,1381000000.0,3092900000.0,0.4042478107,1711900000.0,0.2237485296,-273300000.0,1438600000.0,0.1880277088,529000000.0,893400000.0,0.1167690498,0.58,0.57,1540344828,1567368421,https://www.sec.gov/Archives/edgar/data/732712/000095010998003088/0000950109-98-003088-index.html,https://www.sec.gov/Archives/edgar/data/732712/,4.967069620335687,0.5799999998441907,1.4300693974219647,0.3528430713177946,0.2622140138091209,9.060828293961722,9.060828293961722,8.464468320985592,13.133877319059623,72519434502.23999,92346234502.24,20.293103453727333,9.478425630929287,32.92147925469403,133.43042226723088,5.562074097823319,5.562074097823319,12.069825447946672,29.857491190222767,41.922205602978025,169.91027507311867,0.0123194562413804,0.0074945427212785,1.5516482336518844,0.3724746521634265,6.410423874034078,0.8053936812397104,0.0,2.4217238346525947,0.0081881498949313,0.6646518916498769,0.0,0.0,0.0,0.7532685672780098,0.2168736112926415,1.2015206372194065,0.0,10.510057638242904,0.0228422424858169,0.016448706878299,-22.70475374362084,-2234100000.0,13956800000.0,-31111500000.0,33112400000.0,6309200000.0,5797200000.0,547400000.0,73.8444647758463,269.1678180465512,26.04155595706239,1.218777876895629,0.334363894811656,3.4560146923783286,0.0685217284594499,1.07722632610417,1998-04-23,0.66,bmo,13562000000.0,2025-04-25,1998-03-31,0.0,42.829180327868855,3010695.409836065
1997-12-31,VZ,USD,732712,1998-03-25,1998-03-25 00:00:00,1997,Q4,7695700000.0,2341800000.0,5353900000.0,0.6957001962,0,0.0,0.0,2090300000.0,0.0,3739800000.0,6081600000.0,0.0,0.0,1295000000.0,2909100000.0,0.3780162948,1614100000.0,0.2097405044,-182300000.0,1431800000.0,0.1860519511,491800000.0,940000000.0,0.1221461336,0.61,0.6,1540344828,1567368421,https://www.sec.gov/Archives/edgar/data/732712/000095010998002102/0000950109-98-002102-index.htm,https://www.sec.gov/Archives/edgar/data/732712/0000950109-98-002102.txt,4.996089096486387,0.6102529660326161,1.8555585399089607,0.716462950333612,0.2095634653567324,9.024472798112969,9.024472798112969,8.43291694423114,12.729617189327168,64540448293.2,83825648293.2,17.16501284393617,8.386559805241887,22.580802005877825,58.48174002645886,4.96862476852251,4.96862476852251,10.892530672089608,28.81497655398577,29.32812549618641,75.95654974012324,0.0145645099291793,0.0170993544232365,1.5095153045513334,0.3633526733513577,6.6292667835413015,0.6587140117972512,0.0,3.0406382978723405,0.0088642086494505,0.6086170212765958,0.0,0.0,0.0,0.613882863340564,0.2279974531231726,1.354903474903475,0.0,10.760566109377544,0.0227191589811152,0.0174189878085616,-22.533753072075104,-4663400000.0,13900800000.0,-31062500000.0,30376000000.0,6244000000.0,5705500000.0,533150000.0,74.154657795912,229.30053804765564,21.14911606456572,1.213679661872319,0.3924979887369268,4.255497001635471,0.0723655847755127,1.1390955895753494,1998-01-21,0.63,bmo,7817853968.0,2025-04-25,1997-12-31,-0.0158730158730158,39.171875,3008399.203125
1997-09-30,VZ,USD,732712,1997-11-14,1997-11-14 00:00:00,1997,Q3,7373900000.0,2415900000.0,4958000000.0,0.6723714724,0,0.0,0.0,2337800000.0,0.0,4537000000.0,6952900000.0,0.0,0.0,1776500000.0,2197500000.0,0.2980105507,421000000.0,0.0570932614,-432600000.0,-11600000.0,-0.001573116,68500000.0,-80100000.0,-0.0108626371,-0.05,-0.05,1602000000,1602000000,https://www.sec.gov/Archives/edgar/data/732712/000103605097001036/0001036050-97-001036-index.htm,https://www.sec.gov/Archives/edgar/data/732712/0001036050-97-001036.txt,4.602933832709113,-0.05,1.36354556803995,-0.8577403245942572,0.1971285892634207,8.509925093632958,8.509925093632958,7.917852684144819,18.248751560549312,59322060000.0,88240760000.0,-185.15,8.044869065216506,27.157141549166823,-43.171574121243,4.676773044054114,4.676773044054114,11.96663366739446,40.15506712172924,40.39587987548068,-64.2171312131577,-0.0013502565487442,-0.0231633898081084,2.3047601778562643,0.5527321335050075,13.159817974971558,0.6448028673835126,0.0,-27.270911360799,0.0190350773388516,-14.097378277153558,0.0,0.0,0.0,1.62905145577733,0.4825804526776875,2.003095975232198,0.0,,0.0633217798936801,-0.0015144382114881,-21.269538077403247,-4657700000.0,13632900000.0,-30802700000.0,30066800000.0,4510350000.0,4005800000.0,353700000.0,75.02786856344675,202.82875946852107,19.222649944120203,1.1995542686100988,0.4437240568636814,4.681976744186047,-0.0063148434297247,2.2212858926342074,1997-10-22,0.62,bmo,13142031746.0,2025-04-25,1997-09-30,0.0161290322580645,34.4328125,2563463.796875
1997-06-30,VZ,USD,732712,1997-07-24,1997-07-24 00:00:00,1997,Q2,7707800000.0,1991600000.0,5716200000.0,0.7416123926,0,0.0,0.0,2149000000.0,0.0,3868300000.0,5859900000.0,0.0,0.0,1337100000.0,3185000000.0,0.4132177794,1847900000.0,0.2397441553,-387900000.0,1460000000.0,0.1894185111,324300000.0,498900000.0,0.0647266405,0.57,0.57,874954000,874954000,https://www.sec.gov/Archives/edgar/data/732712/000103605097000510/0001036050-97-000510-index.htm,https://www.sec.gov/Archives/edgar/data/732712/0001036050-97-000510.txt,8.80937740726941,0.5702014048738562,2.117368455941684,1.308868809103107,0.1187490999526832,9.02196001161204,9.02196001161204,9.02196001161204,9.246428955122212,30562143220.0,38548443220.0,15.3147640910002,3.965092921456187,16.496892594191944,26.68716662591687,3.871664245357115,3.871664245357115,5.001225151145593,12.10312189010989,20.80775300658534,33.66088300733497,0.0163241169445707,0.0374711940768138,1.024880285793914,0.3238878390929763,2.507472527472528,0.7148233931673422,0.0,2.0657894736842106,0.0105980787298987,0.649228302264983,0.0,0.0,0.0,0.3818417359386807,0.0917771607981525,0.5290554184428988,0.0,10.75860219313276,0.0661627363186777,0.0199732568939563,-16.83502789860953,-1576000000.0,7893800000.0,-13134200000.0,14351000000.0,2834900000.0,2710450000.0,183200000.0,33.552375515711354,116.00220927897168,8.649327174131352,2.682373412215069,0.7758472925594079,10.405433646812956,0.0632014999113228,0.8084996468385767,1997-07-22,0.58,bmo,13201389830.0,2025-04-25,1997-06-30,0.0172413793103448,31.20375,2176186.125
1997-03-31,VZ,USD,732712,1997-05-12,1997-05-12 00:00:00,1997,Q1,7416500000.0,1747400000.0,5669100000.0,0.764390211,0,0.0,0.0,2470100000.0,0.0,4210600000.0,5958000000.0,0.0,0.0,1345500000.0,2804000000.0,0.3780759118,1458500000.0,0.1966561046,-354600000.0,1103900000.0,0.1488437942,315100000.0,515600000.0,0.0695206634,0.59,0.59,875524000,875524000,https://www.sec.gov/Archives/edgar/data/732712/000095010997003891/0000950109-97-003891-index.htm,https://www.sec.gov/Archives/edgar/data/732712/0000950109-97-003891.txt,8.4709271247847,0.5889044732069024,2.242656968855223,1.537707704186293,0.1653866712962751,8.855496822474313,8.855496822474313,8.855496822474313,9.373472343419484,24488406280.0,32550306280.0,11.873742377812256,3.301881787905346,12.471813740769033,18.189412671767062,3.1584902079141512,3.1584902079141512,4.3889039681790605,11.60852577746077,16.577696093710212,24.177602525440093,0.0210548613945978,0.0549770362597888,1.058491977506062,0.325453478319493,2.875142653352354,0.6988418984593113,0.0,2.8122314523059297,0.0128713970356424,0.6113266097750194,0.0,0.0,0.0,0.3143366437484085,0.0832198476370255,0.4587142326272761,0.0,10.83228683393097,0.0480771166939747,0.0204471728492001,-17.285048725106336,-1747500000.0,7753200000.0,-13407900000.0,14392300000.0,4482600000.0,4507250000.0,326700000.0,33.93339176161262,146.99038571592078,9.013391324253176,2.6522547652254764,0.6122849434107712,9.985142857142858,0.066501573543827,0.7049492646689297,1997-04-17,0.58,bmo,12506372881.0,2025-04-25,1997-03-31,0.0172413793103448,30.701639344262293,1863362.163934426
1996-12-31,VZ,USD,732712,1997-03-25,1997-03-25 00:00:00,1996,Q4,3316500000.0,1162200000.0,2154300000.0,0.6495703302,0,0.0,0.0,938500000.0,0.0,1616300000.0,2778500000.0,0.0,0.0,677800000.0,1215800000.0,0.366591286,538000000.0,0.162219207,-82900000.0,455100000.0,0.137222976,163800000.0,291300000.0,0.0878335595,0.33,0.33,875524000,875524000,https://www.sec.gov/Archives/edgar/data/732712/000095010997002420/0000950109-97-002420-index.htm,https://www.sec.gov/Archives/edgar/data/732712/0000950109-97-002420.txt,3.7880172331084014,0.3327150369378794,1.402588621214267,0.3622973213755419,0.2848579821912363,17.287475843038,17.287475843038,14.986910695766191,20.753514466765047,26099370440.0,44020170440.0,22.399047751458976,7.869552371475954,21.25355899022801,82.2804868852459,1.9890690353163536,1.9890690353163536,13.273080186944068,36.20675311728903,35.84704433224756,138.7773343001261,0.0111611887600764,0.0121535498616417,1.3847760147545232,0.3405139699144133,14.739924329659484,0.8170900201934318,0.0,4.215585307243392,0.0120769196607487,1.0820460006865773,0.0,0.0,0.0,0.7416938110749186,0.2746268656716418,1.3437592210091471,0.0,10.592135633518264,0.0075032041921332,0.0054590328910011,-37.81760979710436,-1893100000.0,15135600000.0,-29768700000.0,34241700000.0,4269150000.0,4386100000.0,321450000.0,167.4056987788331,477.0727929788332,37.04697986577181,0.5376161065992316,0.1886504561244034,2.4293478260869565,0.022200374959989,1.0402912998387253,1997-01-21,0.49,bmo,3316500000.0,2025-04-25,1996-12-31,0.0,28.239375,1449851.421875
1996-09-30,VZ,USD,732712,1996-11-08,1996-11-08 00:00:00,1996,Q3,7376600000.0,1805700000.0,5570900000.0,0.7552124285,0,0.0,0.0,2181600000.0,0.0,3903700000.0,5709400000.0,0.0,0.0,2760100000.0,4427300000.0,0.6001816555,1667200000.0,0.2260119838,-286500000.0,1380700000.0,0.1871729523,281900000.0,483300000.0,0.0655179893,0.5,0.49,974545455,994639175,https://www.sec.gov/Archives/edgar/data/732712/000095010996007241/0000950109-96-007241-index.html,https://www.sec.gov/Archives/edgar/data/732712/,7.569272384529257,0.4959235072313789,4.325606341266042,3.638106341586704,0.1013805969676396,7.480307832331946,7.480307832331946,7.480307832331946,7.74720148892388,26868218194.35,34319418194.35,13.898312742783986,3.642358023255971,6.37367292002135,7.57811823278804,3.685677196443024,3.685677196443024,4.652471083473416,7.75177155249249,8.141244975530778,9.679711802101254,0.0179877949666804,0.1319588807249439,1.0356795017764304,0.3157819891337535,1.6830122196372508,0.7806478064780648,0.0,3.19090152145939,0.0117313324508538,0.6521829091661494,0.0,0.0,0.0,0.1589372553670976,0.0908277526231597,0.2427448280859389,0.0,9.136047348063563,0.0645458639902687,0.0202142298474626,-15.043833948207167,-1016500000.0,7289900000.0,-13001400000.0,14665900000.0,2361050000.0,2463800000.0,155450000.0,28.90844020280345,130.16780196045855,8.199036384781525,3.1132776230269266,0.6914152243835197,10.976899696048632,0.0662972057229866,0.6874999996793377,1996-10-17,0.55,bmo,,2025-04-25,1996-09-30,0.0,27.20796875,1367042.59375
1996-06-30,VZ,USD,732712,1996-08-09,1996-08-09 00:00:00,1996,Q2,3223600000.0,850600000.0,2373000000.0,0.7361335153,0,0.0,0.0,981800000.0,0.0,1620600000.0,2471200000.0,0.0,0.0,638800000.0,1391200000.0,0.431567192,752400000.0,0.2334036481,-27600000.0,724800000.0,0.2248417918,279200000.0,463700000.0,0.1438453902,0.53,0.53,874905660,874905660,https://www.sec.gov/Archives/edgar/data/732712/000095010996005028/0000950109-96-005028-index.htm,https://www.sec.gov/Archives/edgar/data/732712/0000950109-96-005028.txt,3.6845115392212686,0.5300000002285961,0.816316584350363,0.2297390555228549,0.0728078499343574,8.102244989476922,8.102244989476922,8.102244989476922,9.113211131815058,25276024517.4,33185524517.4,13.627358484688378,7.840930797059189,35.39068120610473,125.75136575820896,3.565678406111134,3.565678406111134,10.294554075381562,23.853884788240368,46.46531016157939,165.10211202686568,0.0183454482599029,0.0079521999142559,1.1247760520264647,0.3350689410271604,5.685379528464635,0.7408690689711397,0.0,1.1903333333333332,0.0124663591690649,0.67953418158292,0.0,0.0,0.0,0.7185662279473537,0.1592008934110932,0.8033813400125235,0.0,9.82951023913122,0.022311906381978,0.0194867139861403,-16.922481676481553,-1271400000.0,7088700000.0,-13072000000.0,14372400000.0,2319300000.0,2486650000.0,140950000.0,65.68525871696241,245.0505525511404,15.490242181989183,1.3701704424703531,0.3672711571675302,5.810109289617486,0.065413968710765,0.5865775288275081,1996-07-18,0.55,bmo,,2025-04-25,1996-06-30,0.0181818181818181,28.93142857142857,1353777.0793650793
1996-03-31,VZ,USD,732712,1996-05-09,1996-05-09 00:00:00,1996,Q1,3207600000.0,982400000.0,2225200000.0,0.6937273974,0,0.0,0.0,788000000.0,0.0,1416900000.0,2399300000.0,0.0,0.0,628900000.0,1437200000.0,0.4480608555,808300000.0,0.2519952613,-51500000.0,756800000.0,0.2359396433,286300000.0,470500000.0,0.1466828782,0.45,0.44,1045555556,1069318182,https://www.sec.gov/Archives/edgar/data/732712/000095010996002860/0000950109-96-002860-index.htm,https://www.sec.gov/Archives/edgar/data/732712/0000950109-96-002860.txt,3.067842719206018,0.4499999998087141,1.1190223162087047,0.6796386819640218,0.0543251859492772,6.279723695524028,6.279723695524028,6.279723695524028,7.5219341094487,30383844457.36,38191644457.36,16.14444445130712,9.472454313929417,25.969097826803416,42.758013590430615,4.627592137646593,4.627592137646593,11.906610692530242,26.57364629652101,32.64243116013675,53.74562968950183,0.015485203021635,0.0233874288356511,1.197812909317981,0.330326016649446,5.432646813247982,0.7133481362126899,0.0,2.4867162592986185,0.0100875977176007,0.6514346439957492,0.0,0.0,0.0,0.3926495726495727,0.1432223469260506,0.7304817936078868,0.0,7.973844893785763,0.0246095602163025,0.0197617667565501,-14.732670025618418,-1458800000.0,6565800000.0,-13612500000.0,14306900000.0,2335950000.0,2690400000.0,134150000.0,64.13860830527497,243.4415716612378,12.413477198697068,1.4032109891071352,0.3696985662138261,7.250184501845019,0.0716592037527795,0.4393836342446828,1996-04-18,0.53,bmo,,2025-04-25,1996-03-31,0.0188679245283019,30.9815873015873,1584264.4603174604
1995-12-31,VZ,USD,732712,1996-04-29,1996-04-29 00:00:00,1995,Q4,3154200000.0,934200000.0,2220000000.0,0.7038234735,0,0.0,0.0,892500000.0,0.0,1527700000.0,2461900000.0,0.0,0.0,635200000.0,1327500000.0,0.4208674149,692300000.0,0.2194851309,-70600000.0,621700000.0,0.1971022763,226300000.0,391900000.0,0.1242470357,0.37,0.37,1045555556,1069318182,https://www.sec.gov/Archives/edgar/data/732712/000095010996002466/0000950109-96-002466-index.html,https://www.sec.gov/Archives/edgar/data/732712/,3.0167693929790564,0.3748246544634114,1.0184059506829306,0.5421997872296707,0.3412539849771502,6.392391070608973,6.392391070608973,6.392391070608973,7.974133896716627,32192655569.24,40173255569.24,20.536269181704515,10.20628228052755,30.23352326187077,56.78718569278532,4.816664008803639,4.816664008803639,12.736432556350264,30.26233941185687,37.728451886964685,70.86480079245017,0.0121735841007928,0.0176096066005089,1.2474414985935722,0.3451367730825275,6.011751412429379,0.7207705192629815,0.0,2.6929691451694486,0.009505273628075,0.7808114314876244,0.0,0.0,0.0,0.4675995492111194,0.1578530213683343,0.7838476070528967,0.0,7.342382441708557,0.021256225921043,0.0162231752550006,-14.595589791882851,-1500300000.0,6683600000.0,-13600500000.0,14421000000.0,2349900000.0,2488600000.0,207500000.0,68.08065436560777,262.3795761078998,12.79383429672447,1.3219614417435035,0.3430145033963649,7.034638554216867,0.058636064396433,0.4762061634532599,1996-01-23,0.44,bmo,,2025-04-25,1995-12-31,0.0227272727272727,29.489047619047614,1005409.1111111112
1995-09-30,VZ,USD,732712,1995-11-13,1995-11-13 00:00:00,1995,Q3,3261100000.0,864600000.0,2396500000.0,0.7348747355,0,0.0,0.0,1034600000.0,0.0,1677100000.0,2541700000.0,0.0,0.0,642500000.0,1361900000.0,0.4176198215,719400000.0,0.2206004109,257700000.0,977100000.0,0.2996228267,372300000.0,604800000.0,0.1854588942,0.69,0.69,876521739,876521739,https://www.sec.gov/Archives/edgar/data/732712/000095010995004576/0000950109-95-004576-index.htm,https://www.sec.gov/Archives/edgar/data/732712/0000950109-95-004576.txt,3.720500992617138,0.6900000001026786,1.2304315478021477,0.5382638889689877,0.1114632936673804,7.65947916780647,7.65947916780647,7.65947916780647,10.059990080862102,24770504344.140003,33490604344.140003,10.239130433258929,7.5957512324491745,22.96755154764952,52.50212874976685,3.6895459052593953,3.6895459052593953,10.269726271546412,24.591089172582425,31.052947931516,70.98474850389997,0.0244161358847373,0.0190468467434178,1.3134039352369036,0.3592357206876884,6.402893017108451,0.7351176392648255,0.0,1.783234126984127,0.0123372538465207,0.5052910052910053,0.0,0.0,0.0,0.5625405656003709,0.1860415197326055,0.9442801556420234,0.0,10.904742734145126,0.0207757249088786,0.024639452456612,-18.09213541935895,-1399400000.0,6713700000.0,-13948600000.0,14670800000.0,2311050000.0,2056850000.0,285900000.0,63.8563674833645,234.59750173490636,29.37543372657877,1.409413086697208,0.3836357989084616,3.063784549964564,0.0900844541757898,0.6921676588331599,1995-10-19,0.49,bmo,,2025-04-25,1995-09-30,0.0408163265306122,26.974761904761905,1020602.2222222222
1995-06-30,VZ,USD,732712,1995-08-11,1995-08-11 00:00:00,1995,Q2,3564500000.0,979100000.0,2585400000.0,0.7253191191,0,0.0,0.0,1060700000.0,0.0,1742400000.0,2721500000.0,0.0,0.0,681700000.0,1524700000.0,0.4277458269,843000000.0,0.2364988077,-119400000.0,723600000.0,0.2030018235,276500000.0,447100000.0,0.1254313368,0.51,0.51,876666667,876666667,https://www.sec.gov/Archives/edgar/data/732712/000095010995003097/0000950109-95-003097-index.htm,https://www.sec.gov/Archives/edgar/data/732712/0000950109-95-003097.txt,4.0659695802030535,0.5099999998060837,0.9132319388162616,0.0991254752474808,0.070152091228079,7.298441061863711,7.298441061863711,7.298441061863711,10.824296573831068,22600466675.26,32028266675.26,12.637254906765824,6.34043110541731,28.22941128561079,260.074415135328,3.5322611748839536,3.5322611748839536,8.985346240779913,21.00627446399948,40.0053293470647,368.56463377744535,0.0197827773392584,0.003845053345519,1.4830970726599253,0.3823262785103888,6.183380337115498,0.6700935062251382,0.0,1.790650861104898,0.0135129953017435,0.6830686647282487,0.0,0.0,0.0,0.8914564076942293,0.2002244354046851,1.0469414698547748,0.0,9.1514813638581,0.0239384898729645,0.0180137712077808,-18.80312736927638,-1915800000.0,6398300000.0,-14530300000.0,15245800000.0,2257750000.0,1812850000.0,293800000.0,58.28222752139151,170.97334286589725,26.62036564191605,1.544210024693497,0.5263978494623656,3.3808701657458564,0.0698779363268368,0.8141064635687808,1995-07-20,0.5,bmo,,2025-04-25,1995-06-30,0.02,25.337777777777777,1049474.0317460315
1995-03-31,VZ,USD,732712,1995-05-12,1995-05-12 00:00:00,1995,Q1,3449700000.0,916300000.0,2533400000.0,0.7343826999,0,0.0,0.0,1034200000.0,0.0,1701900000.0,2618200000.0,0.0,0.0,667700000.0,1499200000.0,0.4345885149,831500000.0,0.2410354524,-144500000.0,687000000.0,0.199147752,272500000.0,414500000.0,0.1201553758,0.48,0.48,863541667,863541667,https://www.sec.gov/Archives/edgar/data/732712/000095010995001850/0000950109-95-001850-index.html,https://www.sec.gov/Archives/edgar/data/732712/,3.994827501473649,0.4799999998147165,1.2009843179923825,0.2642605547833976,0.0678600723501625,7.143025328967711,7.143025328967711,7.143025328967711,10.48727623238127,21018604174.78,30016204174.78,12.67708333822678,6.092878851720439,20.266709261189856,92.1060656212971,3.407519766350534,3.407519766350534,8.701105654051076,20.021480906336716,28.942439663272587,131.53463704986854,0.0197206244788297,0.0108570482655463,1.468184102589044,0.3724961130625776,6.001600853788688,0.672614306197228,0.0,2.5020506634499395,0.0143206464852298,0.7261761158021713,0.0,0.0,0.0,0.779963359367467,0.2344841580427283,1.211472218062004,0.0,8.783204057920598,0.023867994824448,0.0170490535615863,-18.85363569839184,-1849500000.0,6168300000.0,-14344100000.0,15225400000.0,2267650000.0,1992950000.0,286300000.0,57.58413775110879,173.42900796682306,29.269889774091453,1.5629304095686842,0.518944328028544,3.0748322147651006,0.0671984177163886,0.9367237632089848,1995-04-20,0.48,bmo,,2025-04-25,1995-03-31,0.0,24.152539682539683,1077915.142857143
1994-12-31,VZ,USD,732712,1995-03-30,1995-03-30 00:00:00,1994,Q4,3608800000.0,688700000.0,2920100000.0,0.8091609399,0,0.0,0.0,1573100000.0,0.0,2252800000.0,2941500000.0,0.0,0.0,679700000.0,1347000000.0,0.3732542673,667300000.0,0.1849091111,-149500000.0,517800000.0,0.1434825981,202900000.0,314900000.0,0.0872589226,0.36,0.36,863541667,863541667,https://www.sec.gov/Archives/edgar/data/732712/000095010995001028/0000950109-95-001028-index.htm,https://www.sec.gov/Archives/edgar/data/732712/0000950109-95-001028.txt,4.179068755926053,0.3646610372536893,1.3986586243093235,1.1257129066824751,0.16548130271055,7.140709285542791,7.140709285542791,7.140709285542791,10.298634495421515,19783739590.97,28534139590.97,15.706366775936804,5.482082573423299,16.379979790503395,20.35154777386072,3.208364755358968,3.208364755358968,7.906822099027377,21.183474083867857,23.62488788787051,29.35309082498714,0.0159171120582142,0.0491363119459831,1.4422425117169129,0.3664046341845269,6.496213808463252,0.6784119640647694,0.0,3.8355033343918703,0.0152145148603445,0.95585900285805,0.0,0.0,0.0,0.1951482033449246,0.0653125692751053,0.3467706341032808,0.0,7.654320037262906,0.019526741221761,0.0129739038719831,-18.620091669531448,-1793400000.0,6166300000.0,-14322200000.0,15144700000.0,2468600000.0,2051850000.0,269800000.0,58.06057415207271,290.137941048352,35.88500072600552,1.55010523602938,0.3101972795243671,2.508011653313911,0.0510679013346739,0.2729457176268484,1995-01-23,0.4,bmo,,2025-04-25,1994-12-31,-0.05,23.447301587301588,912979.7301587302
1994-09-30,VZ,USD,732712,1994-11-14,1994-11-14 00:00:00,1994,Q3,3415300000.0,1236200000.0,2179100000.0,0.6380405821,0,0.0,0.0,913400000.0,0.0,1588100000.0,2824300000.0,0.0,0.0,674700000.0,1265700000.0,0.3705970193,591000000.0,0.1730448277,-151100000.0,439900000.0,0.1288027406,164200000.0,-1874300000.0,-0.5487951278,-2.14,-2.14,875841121,875841121,https://www.sec.gov/Archives/edgar/data/732712/000095010994002093/0000950109-94-002093-index.htm,https://www.sec.gov/Archives/edgar/data/732712/0000950109-94-002093.txt,3.899451530775979,-2.1400000012102653,1.1556890579016328,-0.4074939979896194,0.2581518435008488,7.343340984785756,7.343340984785756,7.343340984785756,10.57052446844409,21370523352.4,30402523352.4,-2.85046728810756,6.257290238749158,21.11294541829678,-59.878182550854575,3.3227382536849306,3.3227382536849306,8.901860261880362,24.02032341976772,30.036083138115,-85.18499118072289,-0.0877049180823879,-0.0167005736880991,1.4394707382299894,0.3776057492689015,7.135972189302362,0.7153943067905856,0.0,3.6713819368879217,0.0140801418401486,-0.1605399349090327,0.0,0.0,0.0,1.352598300731081,0.400872544139607,2.0291981621461392,0.0,,0.0173290326770956,-0.0764461882950823,-18.006547788020562,-1558700000.0,6431600000.0,-14168300000.0,15152300000.0,2686600000.0,1784750000.0,268100000.0,68.75501420080228,137.12586960038828,19.29299466105808,1.308995439040282,0.6563312981152111,4.664905660377358,-0.2914204863486535,1.5631830558912525,1994-10-19,0.45,bmo,,2025-04-25,1994-09-30,0.0222222222222222,25.396875,862131.421875
1994-06-30,VZ,USD,732712,1994-08-15,1994-08-15 00:00:00,1994,Q2,3394100000.0,1028800000.0,2365300000.0,0.6968857724,0,0.0,0.0,918700000.0,0.0,1567800000.0,2596600000.0,0.0,0.0,649100000.0,1446600000.0,0.4262101883,797500000.0,0.2349665596,-87500000.0,710000000.0,0.2091865296,294600000.0,415400000.0,0.1223888512,0.48,0.48,865416667,865416667,https://www.sec.gov/Archives/edgar/data/732712/000095010994001534/0000950109-94-001534-index.htm,https://www.sec.gov/Archives/edgar/data/732712/0000950109-94-001534.txt,3.921925853087366,0.479999999815118,0.9963986515179976,0.2930380355154403,0.2922291765846012,9.915339428053793,9.915339428053793,9.915339428053793,10.56623976482764,22310441675.26,31201741675.26,13.427083338505057,6.573301221313456,25.87317833150876,87.97492774156153,2.600011849020499,2.600011849020499,9.192935292201174,21.56901816345915,36.18432294475241,123.03525897184544,0.0186190845545041,0.0113668749230194,1.0656457947301563,0.3187731823632763,6.146343149453892,0.7967042531381158,0.0,2.075830524795378,0.0134914406617856,0.724602792489167,0.0,0.0,0.0,0.705902818044764,0.1793406204884947,0.9377599753504852,0.0,10.34822041617469,0.0181792335463947,0.0144811333909696,-20.386856034516377,-1051100000.0,8580900000.0,-15985500000.0,19097200000.0,2745700000.0,1675850000.0,259250000.0,73.29454052620724,147.49222395023327,23.724727838258165,1.227922289352773,0.6102016607354686,3.793510324483776,0.0484098404596254,0.7033606160025573,1994-07-20,0.46,bmo,,2025-04-25,1994-06-30,0.0434782608695651,24.42790322580645,1121650.5322580645
1994-03-31,VZ,USD,732712,1994-05-13,1994-05-13 00:00:00,1994,Q1,3373200000.0,1047900000.0,2325300000.0,0.6893454287,0,0.0,0.0,927900000.0,0.0,1576500000.0,2624400000.0,0.0,0.0,648600000.0,1397400000.0,0.414265386,748800000.0,0.2219850587,-129700000.0,619100000.0,0.1835349223,223200000.0,389200000.0,0.1153800545,0.45,0.45,864888889,864888889,https://www.sec.gov/Archives/edgar/data/732712/000095010994000824/0000950109-94-000824-index.htm,https://www.sec.gov/Archives/edgar/data/732712/0000950109-94-000824.txt,3.900154161883331,0.4499999999421891,0.7750128467658,0.2722893113730358,0.295298047238528,9.638116648299317,9.638116648299317,9.638116648299317,11.584725075592916,20610302224.87,30374402224.87,13.23888889058967,6.110014889383968,30.747877405445323,87.5172068996603,2.472474744763013,2.472474744763013,9.004625348295386,21.73636913186632,45.31463855716843,128.97835339647557,0.0188837599640029,0.0114263244386502,1.2019697933036624,0.3401906792609141,6.987333619579219,0.6778416294808253,0.0,1.6931043192725437,0.0141773758003125,0.7507708119218911,0.0,0.0,0.0,0.6486647769655378,0.1288983754298588,0.6703669441874808,0.0,9.878559158677636,0.018210934116735,0.0132144530533806,-21.612227001334503,-1956500000.0,8335900000.0,-17000100000.0,18233900000.0,2744800000.0,1900300000.0,249100000.0,72.76680896478122,143.06040652734038,21.239622101345542,1.2368276317236828,0.6291048808308819,4.237363526081682,0.046689619597164,0.5027235353927642,1994-04-20,0.43,bmo,,2025-04-25,1994-03-31,0.0697674418604651,25.04809523809524,1554125.365079365
1993-12-31,VZ,USD,732712,1994-03-31,1994-03-31 00:00:00,1993,Q4,3317200000.0,1019000000.0,2298200000.0,0.692813216,0,0.0,0.0,1041200000.0,0.0,1691000000.0,2710000000.0,0.0,0.0,649800000.0,1257000000.0,0.3789340408,607200000.0,0.1830459424,-112200000.0,495000000.0,0.1492222356,157800000.0,248100000.0,0.0747919932,0.29,0.29,864888889,864888889,https://www.sec.gov/Archives/edgar/data/732712/000095010994000587/0000950109-94-000587-index.htm,https://www.sec.gov/Archives/edgar/data/732712/0000950109-94-000587.txt,3.8354059604528,0.2868576566949052,1.39809866374639,0.3172661870096009,0.1689234326607241,9.5091983543796,9.5091983543796,9.5091983543796,11.427479443547345,23594168891.92,33331568891.92,23.77485781128577,7.112676019510431,19.512213771022164,85.98458050991255,2.8688012367978213,2.8688012367978213,10.048103488460148,26.516761250533012,27.564975927820047,121.47073211341107,0.0105153099961475,0.011629992192434,1.201729001507709,0.3345326663101387,7.746539379474941,0.6320808635020166,0.0,3.586002372479241,0.0123759392135231,1.176944780330512,0.0,0.0,0.0,0.7730731061859081,0.2818039310261666,1.4385964912280702,0.0,7.83423212779329,0.0158494267672123,0.0083975873437087,-21.94099755627685,-2253100000.0,8224400000.0,-17449000000.0,18112800000.0,2757400000.0,1956800000.0,249300000.0,74.94483299167973,188.55839057899905,22.159960745829245,1.2008833218694566,0.4773057286055553,4.061379035472299,0.0301663343222605,1.0808324767367892,1994-01-21,0.41,bmo,,2025-04-25,1993-12-31,-0.0487804878048779,28.3946875,1824011.453125
1993-09-30,VZ,USD,732712,1993-09-30,1993-09-29 20:00:00,1993,Q3,3289600000.0,1036600000.0,2253000000.0,0.6848857004,0,0.0,0.0,875200000.0,0.0,1532300000.0,2568900000.0,0.0,0.0,657100000.0,1377800000.0,0.4188351167,720700000.0,0.2190843872,-126200000.0,594500000.0,0.1807210603,207800000.0,378500000.0,0.1150595817,0.44,0.44,860227273,860227273,,,3.824105679104643,0.439999999860502,1.353595772358173,0.7050462349151769,0.3151492733479051,9.580956403831664,9.580956403831664,9.580956403831664,11.016391013680405,25247670462.550003,34453170462.55,16.676136368923384,7.674997100726533,21.68298734330986,41.62847561838418,3.063368495055692,3.063368495055692,10.47336164352809,25.00593007878502,29.588775732179663,56.80654651698269,0.0149914821076832,0.0240220182253893,1.149821640903686,0.3293196137098932,6.681303527362462,0.7614147305051265,0.0,3.011119731057668,0.0115376981188061,0.7696169088507265,0.0,0.0,0.0,0.4791308828581243,0.1695950875486381,0.8490336326282149,0.0,9.73917185226042,0.0182620393682617,0.0131531850863384,-21.01209246361572,-1268200000.0,8241800000.0,-16487200000.0,18788800000.0,2694700000.0,1733300000.0,247550000.0,75.30550826848248,154.43083156473085,21.50588462280533,1.1951316984559492,0.5827851801877776,4.18490109002826,0.0459244339828678,0.6485495374429961,1993-10-19,0.43,bmo,,2025-04-25,1993-09-30,0.0232558139534883,27.68578125,938508.3125
1993-06-30,VZ,USD,732712,1993-06-30,1993-06-29 20:00:00,1993,Q2,3220100000.0,998000000.0,2222100000.0,0.6900717369,0,0.0,0.0,831800000.0,0.0,1469900000.0,2467900000.0,0.0,0.0,638100000.0,1390300000.0,0.4317567777,752200000.0,0.23359523,-159500000.0,592700000.0,0.1840626068,207200000.0,362600000.0,0.1126051986,0.41,0.41,884390244,884390244,,,3.6410397127809113,0.4099999999547711,0.9027688912407316,0.2581439602583404,0.1260755653473717,9.165976281393714,9.165976281393714,9.165976281393714,11.062311085376468,24179229270.96,33851129270.96,16.670731709156094,7.508844219421757,30.284605800300604,105.90989606202363,2.982770101150957,2.982770101150957,10.51244659201888,24.348075430453857,42.39870900671343,148.27476684607973,0.0149963423538687,0.0094419883049868,1.2068884694620234,0.3401383722143031,6.956699992807308,0.684007080669051,0.0,2.071076523994812,0.0120392588505548,0.8028130170987314,0.0,0.0,0.0,0.7140531062124249,0.1770441911741871,0.8934336310923053,0.0,9.195440782612286,0.0189295167159802,0.0126064735945485,-20.854849004869845,-1749400000.0,8106300000.0,-16869900000.0,18372200000.0,2614700000.0,1681050000.0,251400000.0,73.69988509673612,152.21543086172346,22.31062124248497,1.2211687966930866,0.5912672551691451,4.033953112368634,0.0447306415997434,0.644624930982391,1993-07-20,0.43,bmo,,2025-04-25,1993-06-30,0.0697674418604651,25.117619047619048,944615.619047619
1993-03-31,VZ,USD,732712,1993-03-31,1993-03-30 19:00:00,1993,Q1,3163300000.0,974000000.0,2189300000.0,0.6920936996,0,0.0,0.0,871700000.0,0.0,1471800000.0,2445800000.0,0.0,0.0,600100000.0,1317600000.0,0.4165270445,717500000.0,0.2268200929,-126100000.0,591400000.0,0.1869566592,219200000.0,414200000.0,0.1309392091,0.48,0.48,862916667,862916667,,,3.665823272364723,0.4799999998145823,1.2307098015525988,0.7038918394190664,0.1233027522459477,9.285253497137516,9.285253497137516,9.285253497137516,11.40828584783842,22245991675.26,31983991675.26,13.42708333852004,7.032526688983025,20.94726146446328,36.624945135429705,2.7764454689306577,2.7764454689306577,10.110957441677996,24.274432054690347,30.116752989887008,52.65721382163319,0.0186190845544834,0.0273037951675355,1.2286455993210523,0.3408466114077182,7.390710382513661,0.7052061093775661,0.0,2.8533046749059645,0.0126809361487681,0.6810719459198454,0.0,0.0,0.0,0.428060263653484,0.1437106818828438,0.757540409931678,0.0,10.014027048612764,0.0175100547475093,0.0143410128037337,-21.66063736488242,-1615500000.0,8012400000.0,-17005200000.0,18620100000.0,2610650000.0,1806850000.0,260700000.0,73.75999747099549,154.70020533880904,23.59958932238193,1.2201735776277725,0.5817703978019353,3.813625685199687,0.0516948729469322,0.5268179621335324,1993-04-20,0.43,bmo,,2025-04-25,1993-03-31,0.0,24.58983870967742,1072552.6129032257
1992-12-31,VZ,USD,732712,1992-12-31,1992-12-30 19:00:00,1992,Q4,3254200000.0,1004300000.0,2249900000.0,0.6913834429,0,0.0,0.0,1134600000.0,0.0,1731800000.0,2736100000.0,0.0,0.0,597200000.0,1115300000.0,0.3427263229,518100000.0,0.1592096368,-120000000.0,398100000.0,0.1223342142,70600000.0,317300000.0,0.0975047631,0.37,0.37,835793502,862916667,,,3.8935454657315582,0.3796392281594934,1.290510152829592,0.2869129748271242,0.3541544643404035,9.351951147378028,9.351951147378028,9.351951147378028,12.026535233819034,19724726647.2,29480426647.2,15.541070475260009,6.0613135785139205,18.28734159762655,82.25490678565471,2.52353756217136,2.52353756217136,9.059193241718395,26.432732580650946,27.33212186834786,122.93755899582986,0.0160864079728598,0.0121573294418272,1.285992093445748,0.357718108863147,8.747153232314176,0.6796941521065358,0.0,3.2934351145038168,0.0142612876229608,0.8865427040655531,0.0,0.0,0.0,0.7776747635824217,0.2577592034908733,1.404554588077696,0.0,8.937744071965664,0.0170960785392172,0.0112920158721685,-21.39595481085709,-1880900000.0,7816300000.0,-16291900000.0,18449100000.0,2628250000.0,1777700000.0,278500000.0,72.70358306188925,173.807627203027,23.837498755351987,1.2379032258064515,0.5178138695540088,3.775563909774436,0.0405946547599247,1.003597178002468,1992-12-30,,bmo,,2025-04-25,1992-12-31,,22.10703125,1085483.546875
1992-09-30,VZ,USD,732712,1992-09-30,1992-09-29 20:00:00,1992,Q3,3167000000.0,1009000000.0,2158000000.0,0.6814019577,0,0.0,0.0,876500000.0,0.0,1489800000.0,2498800000.0,0.0,0.0,613300000.0,1281500000.0,0.4046416167,668200000.0,0.210988317,-66000000.0,602200000.0,0.1901484054,209300000.0,386600000.0,0.1220713609,0.45,0.45,859111111,859111111,,,3.686368339845624,0.4500000000581997,1.3878297984205676,0.7096870150943724,0.2691153647528602,8.995693224132914,8.995693224132914,8.995693224132914,11.73782979975916,19287044441.95,29139944441.95,12.472222220609156,6.090004560135776,16.176335185733457,31.63366318181073,2.4956386840508262,2.4956386840508262,9.201119179649512,22.738934406515803,24.44011108106181,47.79390592414303,0.0200445434324365,0.0316118937681234,1.304827711139578,0.3614878065392653,7.6885680842762385,0.736101919258769,0.0,3.034614405701196,0.0145486261954001,0.7258147956544232,0.0,0.0,0.0,0.4886354105510358,0.1839595832017682,0.9499429316810696,0.0,9.543657260512113,0.0174987099276317,0.0138585680435616,-20.74274767469513,-1435500000.0,7728300000.0,-16163700000.0,18638000000.0,2602150000.0,1579300000.0,296100000.0,74.6741395642564,144.13379583746283,25.95639246778989,1.2052365186284584,0.624419827959651,3.4673539518900345,0.0500239379941254,0.6781427833261954,1993-01-22,0.38,bmo,,2025-04-25,1992-09-30,0.0,22.014375,1136334.234375
1992-06-30,VZ,USD,732712,1992-06-30,1992-06-29 20:00:00,1992,Q2,3149000000.0,973700000.0,2175300000.0,0.6907907272,0,0.0,0.0,921300000.0,0.0,1525300000.0,2499000000.0,0.0,0.0,615300000.0,1265300000.0,0.4018100984,650000000.0,0.2064147348,-154900000.0,495100000.0,0.1572245157,180200000.0,298100000.0,0.094664973,0.35,0.35,851714286,851714286,,,3.6972492439794538,0.3499999998825897,0.8393659842873646,0.1755283461336704,0.268047634931886,8.896528007750241,8.896528007750241,8.896528007750241,12.645202947787586,17451625720.14,27993425720.14,14.635714290623952,5.541957993058113,24.411282305413344,116.7332824089632,2.303145674599132,2.303145674599132,8.889623918748809,22.12394350757923,39.15712088423555,187.24699478354515,0.017081503166549,0.008566537146592,1.4213638103282171,0.3826688506184112,8.331462894175294,0.6931687765948055,0.0,2.4233898305084747,0.0147951832190639,0.8661522978866152,0.0,0.0,0.0,0.7908798433347322,0.1795490631946649,0.9189013489354786,0.0,8.37019462363516,0.016282656408307,0.0105916922191389,-21.434476678485584,-1737800000.0,7577300000.0,-16641500000.0,18480800000.0,1288300000.0,771350000.0,150600000.0,73.64052080025405,142.59320119133204,27.84019718599158,1.2221532251804703,0.6311661372917612,3.2327357237715804,0.0393411901336887,0.6638376381536942,1992-06-29,,bmo,,2025-04-25,1992-06-30,,19.97428571428572,1288814.619047619
1992-03-31,VZ,USD,732712,1992-03-31,1992-03-30 19:00:00,1992,Q1,3019200000.0,939900000.0,2079300000.0,0.6886923688,0,0.0,0.0,818600000.0,0.0,1410200000.0,2350100000.0,0.0,0.0,591600000.0,1260700000.0,0.4175609433,669100000.0,0.2216149974,-118900000.0,550200000.0,0.1822337043,183400000.0,358500000.0,0.1187400636,0.46,0.46,779347826,779347826,,,3.874008368633083,0.4600000000513249,1.2111408648492208,0.5679107392544391,0.3106443514990956,10.27885076823195,10.27885076823195,10.27885076823195,12.630047421213952,14893336954.86,24494436954.86,10.385869564058575,4.9328752500198725,15.77851144703888,33.649654213420696,1.8591572570604684,1.8591572570604684,8.112889823416799,19.429235309637505,25.950245740925947,55.34215308373249,0.0240711669309955,0.0297179874021161,1.228741199380836,0.3568652474041417,7.615689696200524,0.7971922840747877,0.0,2.5733369683751364,0.016759172290032,0.6962343096234309,0.0,0.0,0.0,0.5310943955927535,0.166037360890302,0.8473630831643002,0.0,10.314364035803216,0.0179764111657397,0.0129974186437728,-24.80214784098211,-957800000.0,8010800000.0,-15806700000.0,18976400000.0,1293800000.0,938450000.0,146650000.0,0.0,0.0,0.0,0.0,0.0,0.0,0.0447520846856743,0.6432301255947817,1992-03-30,,bmo,,2025-04-25,1992-03-31,,20.49380952380952,1211733.619047619
1991-12-31,VZ,USD,732712,1991-12-31,1991-12-30 19:00:00,1991,Q4,3098600000.0,1012000000.0,2086600000.0,0.6734008907,0,0.0,0.0,989300000.0,0.0,1593500000.0,2605500000.0,0.0,0.0,604200000.0,1097300000.0,0.3541276706,493100000.0,0.1591363842,-133000000.0,360100000.0,0.116213774,119900000.0,240200000.0,0.0775188795,0.31,0.31,776139515,779347826,,,3.9923234677724144,0.3094804417991783,1.4676485064672942,0.5361149535080687,0.1682687164819845,10.090067376610763,10.090067376610763,10.090067376610763,12.850524689494774,17238058628.15,27081258628.15,17.94135993770816,5.563176475876203,15.13305120546923,41.42768235556357,2.2011745978509314,2.2011745978509314,8.739836903165946,24.679903971703272,23.77425917667457,65.08353431422735,0.0139342837370183,0.0241384490548432,1.2735816531099562,0.3577197865258809,8.970381846350133,0.7438166640902767,0.0,4.742298084929225,0.0144273787068962,1.0353871773522063,0.0,0.0,0.0,0.6347116144324466,0.2333311818240495,1.1966236345580934,0.0,8.382139730622601,0.0133052831128001,0.0086150005738551,-22.97570173321223,-1325800000.0,7831300000.0,-16200900000.0,18636000000.0,2553800000.0,1903150000.0,303400000.0,75.15781320596399,166.9179841897233,26.08399209486166,1.1974802906167878,0.5391869572166871,3.4503920900102285,0.0306717914011722,0.9315335529592254,1991-12-30,,bmo,,2025-04-25,1991-12-31,,21.1140625,1009165.65625
1991-09-30,VZ,USD,732712,1991-09-30,1991-09-29 20:00:00,1991,Q3,3104000000.0,986000000.0,2118000000.0,0.6823453608,0,0.0,0.0,899800000.0,0.0,1470400000.0,2456400000.0,0.0,0.0,570600000.0,1218200000.0,0.3924613402,647600000.0,0.2086340206,-87000000.0,560600000.0,0.1806056701,177900000.0,382700000.0,0.1232925258,0.49,0.49,781020408,781020408,,,3.974287954841764,0.4900000001024301,1.2675725113702792,0.5501776849856655,0.1919284034892978,11.967164883609543,11.967164883609543,11.967164883609543,13.512963159344231,16362377547.6,26766377547.6,10.68877550796969,5.271384519201031,16.527654088484848,38.078607278566444,1.7506234938480305,1.7506234938480305,8.623188642912371,21.972071538006897,27.03674499757576,62.29084837700721,0.0233890214846028,0.02626146467712,1.1291699655489698,0.3769842403806312,8.540469545230668,0.6858715002427578,0.0,2.586882675725111,0.0151383867826917,0.6472432714920303,0.0,0.0,0.0,0.565959595959596,0.1805090206185567,0.9819488257974064,0.0,11.486426462106294,0.0178643778371387,0.013670005286545,-21.06519859337657,-1746900000.0,9346600000.0,-14834800000.0,18003900000.0,2586000000.0,1897850000.0,330000000.0,73.06701030927836,176.11156186612575,28.615618661257606,1.2317460317460318,0.5110397014615943,3.145135566188198,0.0409453705090621,0.7173948263846135,1991-09-29,,bmo,,2025-04-25,1991-09-30,,21.9815625,744848.640625
1991-06-30,VZ,USD,732712,1991-06-30,1991-06-29 20:00:00,1991,Q2,3081400000.0,975800000.0,2105600000.0,0.683325761,0,0.0,0.0,842100000.0,0.0,1405500000.0,2381300000.0,0.0,0.0,563400000.0,1263500000.0,0.4100408905,700100000.0,0.2272019212,-164800000.0,535300000.0,0.1737197378,180200000.0,355100000.0,0.1152398261,0.46,0.46,771956522,771956522,,,3.99167558299352,0.4599999998445508,1.1040777242115198,0.313230075929069,0.1514333989913489,11.846003938548238,11.846003938548238,11.846003938548238,14.231371439854223,17415339136.32,28284439136.32,12.260869569360745,5.651761905731161,20.433344052939105,72.02373505508685,1.904439684220196,1.904439684220196,9.17908714750438,22.3857848328611,33.18601330085651,116.97452082845328,0.0203900709150953,0.0138843118762885,1.2013647398464669,0.3913912451770808,8.602374356944994,0.6346468401486989,0.0,2.400168966488313,0.0142288357441864,0.6978315967333145,0.0,0.0,0.0,0.7162970784934882,0.1981242292464464,1.0835995740149096,0.0,11.072765721469125,0.0186000493524835,0.0126509221884563,-21.56254857057869,-2211300000.0,9144600000.0,-15083300000.0,17475300000.0,2641900000.0,1826100000.0,352900000.0,77.4582981761537,172.13260914121747,31.9583931133429,1.1619155354449473,0.522852703209559,2.816161616161616,0.0388316602147715,0.7908476482824508,1991-06-29,,bmo,,2025-04-25,1991-06-30,,21.89375,892501.5
1991-03-31,VZ,USD,732712,1991-03-31,1991-03-30 19:00:00,1991,Q1,2995700000.0,962800000.0,2032900000.0,0.6786060019,0,0.0,0.0,787800000.0,0.0,1348300000.0,2311100000.0,0.0,0.0,560500000.0,1245100000.0,0.4156290683,684600000.0,0.2285275562,-144200000.0,540400000.0,0.180391895,186800000.0,353600000.0,0.1180358514,0.46,0.46,768695652,768695652,,,3.897121041605683,0.4600000001040724,1.0071606337120274,0.2718891403330066,0.2139988688266965,11.771889142934816,11.771889142934816,11.771889142934816,14.14096719776945,18095095648.08,28800695648.08,12.793478257975114,6.040356393524051,23.37263710679411,86.57940501473684,1.999679041670903,1.999679041670903,9.614011966512,23.13123094376355,37.20058854053216,137.80237152191387,0.0195412064615153,0.0115500909232373,1.2012487567687038,0.3882733247606801,8.598184884748212,0.6551489708856671,0.0,2.18947963800905,0.0128211535607227,0.6561085972850679,0.0,0.0,0.0,0.7300439163006975,0.1886704276129118,1.008385370205174,0.0,11.038072868800096,0.0180885704999122,0.0126303757679668,-21.63274887367257,-2029000000.0,9049000000.0,-15092300000.0,17517100000.0,2658500000.0,1978450000.0,358600000.0,79.06732983943652,166.94121312837558,33.586414624013294,1.138270385287636,0.5391119323590347,2.6796548844976344,0.0390761410100563,0.7352714933790206,1991-03-30,,bmo,,2025-04-25,1991-03-31,,22.762622950819672,983753.0655737704
1990-12-31,VZ,USD,732712,1990-12-31,1990-12-30 19:00:00,1990,Q4,3105200000.0,971500000.0,2133700000.0,0.6871377045,0,0.0,0.0,964000000.0,0.0,1555800000.0,2527300000.0,0.0,0.0,591800000.0,1169700000.0,0.3766907124,577900000.0,0.1861071751,-224600000.0,353300000.0,0.1137768904,117300000.0,236000000.0,0.0760015458,0.31,0.31,749209606,768695652,,,4.144634525681722,0.3149986307036218,1.6594821930246313,0.6210545036711662,0.1263998742696312,11.919227848234502,11.919227848234502,11.919227848234502,14.37261336982911,18497985172.14,29171385172.14,19.595323275572035,5.957099437118382,14.87813494099574,39.75496490896196,2.0714429084143338,2.0714429084143338,9.39436595779338,24.93920250674532,23.46286911617469,62.6937141030303,0.0127581462415399,0.0251540908736802,1.2058342665173571,0.384595603335893,9.12490382149269,0.6416764459346186,0.0,5.268220338983051,0.0125256884922237,0.9817796610169492,0.0,0.0,0.0,0.6257540416633154,0.2505474687620765,1.3146333220682662,0.0,9.191145747558505,0.0156728447587525,0.0084290229833741,-22.398204541974337,-2137400000.0,8930000000.0,-15240900000.0,17309700000.0,2711000000.0,1999550000.0,349500000.0,77.8268710550045,201.1219763252702,33.15594441585178,1.156412930135558,0.4474896361123906,2.714445375803297,0.0264277715565509,1.0384276893534652,1990-12-30,,bmo,,2025-04-25,1990-12-31,,24.125,915421.46875
1990-09-30,VZ,USD,732712,1990-09-30,1990-09-29 20:00:00,1990,Q3,3098700000.0,934600000.0,2164100000.0,0.6983896473,0,0.0,0.0,891300000.0,0.0,1481200000.0,2415800000.0,0.0,0.0,589900000.0,1272800000.0,0.4107528964,682900000.0,0.2203827411,-148300000.0,534600000.0,0.1725239617,176200000.0,358400000.0,0.1156614064,0.46,0.46,779130435,779130435,,,3.9771261149617394,0.4599999998716518,1.0192131693584785,0.2305133927928255,0.0436383928449669,11.429921871810848,11.429921871810848,11.429921871810848,14.105083701421572,17623930439.7,28579630439.7,12.293478264299663,5.687523942201569,22.193590781639596,98.12878863975502,1.979016151963977,1.979016151963977,9.223103378739472,22.45414082314582,35.989964034378545,159.12934543262807,0.0203359858475531,0.0101906893365528,1.2340490039751162,0.3930507868383405,8.607558139534884,0.6553232452881173,0.0,2.2156808035714284,0.0131412229974701,0.6462053571428571,0.0,0.0,0.0,0.7738320110817277,0.1983089682770193,1.0417019833870147,0.0,10.876566155742104,0.0184240666261253,0.0128183118741058,-21.559227114520304,-2040900000.0,8905400000.0,-15174300000.0,17116900000.0,2646150000.0,1745400000.0,328000000.0,79.4888178913738,176.0421570725444,32.84720736143805,1.132234726688103,0.5112411793665554,2.7399589563177957,0.0402452444584184,0.7886997765656529,1990-09-29,,bmo,,2025-04-25,1990-09-30,,20.99380952380952,837091.9523809524
1990-06-30,VZ,USD,732712,1990-06-30,1990-06-29 20:00:00,1990,Q2,3075500000.0,941300000.0,2134200000.0,0.6939359454,0,0.0,0.0,849100000.0,0.0,1448000000.0,2389300000.0,0.0,0.0,598900000.0,1285100000.0,0.417850756,686200000.0,0.2231181922,-135100000.0,551100000.0,0.1791903755,188300000.0,362800000.0,0.1179645586,0.46,0.46,788695652,788695652,,,3.899476296339466,0.4600000001014332,0.8643384786911441,0.0900220507364988,0.3450000000760749,11.099718855810302,11.099718855810302,11.099718855810302,12.780088205684692,18021695648.2,27829195648.2,12.418478258131204,5.8597612252316695,26.4364025938096,253.82669927042252,2.058610699679015,2.058610699679015,9.048673597203708,21.655276358415687,40.8232296438316,391.960502087324,0.0201312910328854,0.0039396958746826,1.1513884605279692,0.3786220315681133,7.631701813088475,0.79637358184765,0.0,1.8789966923925028,0.0128567258332953,0.6386438809261301,0.0,0.0,0.0,0.8958486137597184,0.1985693383189725,1.0197027884454837,0.0,10.718306311305389,0.0190304450194331,0.0136279289905265,-19.679739530249115,-1005100000.0,8754300000.0,-13936600000.0,18015600000.0,2449350000.0,1649900000.0,312000000.0,74.78296211998048,158.97482205460534,30.10836077764793,1.2034826844061828,0.5661273831719492,2.9892029215624007,0.0414424911186502,0.7743164279546453,1990-06-29,,bmo,,2025-04-25,1990-06-30,,22.95126984126984,761956.0476190476
1990-03-31,VZ,USD,732712,1990-03-31,1990-03-30 19:00:00,1990,Q1,3018600000.0,913700000.0,2104900000.0,0.6973100113,0,0.0,0.0,845700000.0,0.0,1442300000.0,2356000000.0,0.0,0.0,596600000.0,1259200000.0,0.4171470218,662600000.0,0.2195057311,-119500000.0,543100000.0,0.1799178427,187800000.0,355300000.0,0.1177035712,0.45,0.45,789555556,789555556,,,3.8231635216306414,0.4499999997466929,1.0334928223847493,0.3765409510967965,0.2291162396683837,10.921587384789424,10.921587384789424,10.921587384789424,12.34529973974371,17157042231.88,26723442231.88,12.072222229017733,5.683774674312596,21.02578704887255,57.70952651153717,1.989637516453289,1.989637516453289,8.852925936487114,21.222555775,32.74931646063725,89.88712489700639,0.0207086976413572,0.0173281615783155,1.1303576398552742,0.3713059113037781,7.59720457433291,0.7553287481702793,0.0,2.2966507177033493,0.0126362106632317,0.6101885730368702,0.0,0.0,0.0,0.6356617647058823,0.1718346253229974,0.8694267515923567,0.0,10.515753525484817,0.0186523883911182,0.0135345162543711,-19.67606950764083,-1220200000.0,8623200000.0,-13861300000.0,17682900000.0,2372250000.0,1897400000.0,293900000.0,69.86285032796661,161.2553354492722,30.446536062164824,1.2882383065892795,0.5581210677417384,2.9560012940795857,0.0412028017441321,0.6569518712879527,1990-03-30,,bmo,,2025-04-25,1990-03-31,,21.83015873015873,1137137.9047619049
1989-12-31,VZ,USD,732712,1989-12-31,1989-12-30 19:00:00,1989,Q4,2888700000.0,0.0,2888700000.0,1.0,0,0.0,0.0,0.0,-9435800000.0,-9435800000.0,-9435800000.0,0.0,0.0,0.0,-6547100000.0,-2.2664520372,-6547100000.0,-2.2664520372,6547100000.0,0.0,0.0,0.0,0.0,0.0,0.0,0.0,788908000,789555556,,,3.6616436897585016,0.0,,,0.2081358029073098,10.889229162335786,10.889229162335786,10.889229162335786,11.980864688911762,20700945920.0,29988545920.0,0.0,7.166180607193548,0.0,0.0,2.4097206155565383,2.4097206155565383,10.381329289992038,-4.580431934749736,0.0,0.0,0.0,,1.10024910949177,0.3604846737376858,-1.418582273067465,0.7458737383732437,0.0,0.0,0.0094249237804878,0.0,0.0,0.0,0.0,0.0,,0.0,,0.0,,0.0,-19.678562012300542,-1284100000.0,8590600000.0,-13860200000.0,17590000000.0,,,,74.81462249454772,0.0,0.0,1.2029733894140673,0.0,0.0,0.0,,1989-12-30,,bmo,,2025-04-25,1989-12-31,,,
1989-09-30,VZ,USD,732712,1989-09-30,1989-09-29 20:00:00,1989,Q3,2909400000.0,0.0,2909400000.0,1.0,0,0.0,0.0,0.0,0.0,0.0,0.0,0.0,0.0,0.0,2909400000.0,1.0,2909400000.0,1.0,-2909400000.0,0.0,0.0,0.0,0.0,0.0,0.43,0.43,790800000,790800000,,,3.679059180576631,0.0,,,,,,,,18156768000.0,,0.0,6.240725922870695,0.0,0.0,0.0,0.0,,,0.0,0.0,0.0,,0.0,0.0,,0.0,0.0,0.0,0.0107713414634146,0.0,0.0,0.0,0.0,0.0,,0.0,,,0.0,0.0,,,,,,,,,,0.0,0.0,0.0,0.0,0.0,0.0,,1989-09-29,,bmo,,2025-04-25,1989-09-30,,,
1989-06-30,VZ,USD,732712,1989-06-30,1989-06-29 20:00:00,1989,Q2,2882200000.0,0.0,2882200000.0,1.0,0,0.0,0.0,0.0,0.0,0.0,0.0,0.0,0.0,0.0,2882200000.0,1.0,2882200000.0,1.0,-2882200000.0,0.0,0.0,0.0,0.0,0.0,0.44,0.44,785372000,785372000,,,3.669853266986854,0.0,,,,,,,,15817392080.0,,0.0,5.48795783776282,0.0,0.0,0.0,0.0,,,0.0,0.0,0.0,,0.0,0.0,,0.0,0.0,0.0,0.0122795431976166,0.0,0.0,0.0,0.0,0.0,,0.0,,,0.0,0.0,,,,,,,,,,0.0,0.0,0.0,0.0,0.0,0.0,,1989-06-29,,bmo,,2025-04-25,1989-06-30,,,
1989-03-31,VZ,USD,732712,1989-03-31,1989-03-30 19:00:00,1989,Q1,2768300000.0,0.0,2768300000.0,1.0,0,0.0,0.0,0.0,0.0,0.0,0.0,0.0,0.0,0.0,2768300000.0,1.0,2768300000.0,1.0,-2768300000.0,0.0,0.0,0.0,0.0,0.0,0.42,0.42,787200000,787200000,,,3.5166412601626016,0.0,,,,,,,,13815360000.0,,0.0,4.990557381786656,0.0,0.0,0.0,0.0,,,0.0,0.0,0.0,,0.0,0.0,,0.0,0.0,0.0,,0.0,0.0,0.0,0.0,0.0,,0.0,,,0.0,0.0,,,,,,,,,,0.0,0.0,0.0,0.0,0.0,0.0,,1989-03-30,,bmo,,2025-04-25,1989-03-31,,,
1988-12-31,VZ,USD,732712,1988-12-31,1988-12-30 19:00:00,1988,Q4,2771600000.0,0.0,2771600000.0,1.0,0,0.0,0.0,0.0,-8635600000.0,-8635600000.0,-8635600000.0,0.0,0.0,0.0,-5864000000.0,-2.1157454178,-5864000000.0,-2.1157454178,5864000000.0,0.0,0.0,0.0,0.0,0.0,0.0,0.0,787200000,787200000,,,3.520833333333333,0.0,,,0.383130081300813,11.657393292682928,11.657393292682928,11.657393292682928,10.348069105691057,12886464000.0,20730864000.0,0.0,4.649467455621302,0.0,0.0,1.4042590473699696,1.4042590473699696,7.479745995093087,-3.535276944065484,0.0,0.0,0.0,,0.8876829361317249,0.3294081490707342,-1.3377216916780357,0.7517584169558286,0.0,0.0,0.0140091631032376,0.0,0.0,0.0,0.0,0.0,,0.0,,0.0,,0.0,-17.150374745934958,-1058800000.0,9176700000.0,-12346100000.0,17115100000.0,,,,68.92228315774283,0.0,0.0,1.305818610129564,0.0,0.0,0.0,,1988-12-30,,bmo,,2025-04-25,1988-12-31,,,
1988-09-30,VZ,USD,732712,1988-09-30,1988-09-29 20:00:00,1988,Q3,2755300000.0,0.0,2755300000.0,1.0,0,0.0,0.0,0.0,0.0,0.0,0.0,0.0,0.0,0.0,2755300000.0,1.0,2755300000.0,1.0,-2755300000.0,0.0,0.0,0.0,0.0,0.0,0.43,0.43,791644000,791644000,,,3.480478598966202,0.0,,,,,,,,13117541080.0,,0.0,4.760839502050594,0.0,0.0,0.0,0.0,,,0.0,0.0,0.0,,0.0,0.0,,0.0,0.0,0.0,0.0138400724200362,0.0,0.0,0.0,0.0,0.0,,0.0,,,0.0,0.0,,,,,,,,,,0.0,0.0,0.0,0.0,0.0,0.0,,1988-09-29,,bmo,,2025-04-25,1988-09-30,,,
1988-06-30,VZ,USD,732712,1988-06-30,1988-06-29 20:00:00,1988,Q2,2719500000.0,0.0,2719500000.0,1.0,0,0.0,0.0,0.0,0.0,0.0,0.0,0.0,0.0,0.0,2719500000.0,1.0,2719500000.0,1.0,-2719500000.0,0.0,0.0,0.0,0.0,0.0,0.44,0.44,792372000,792372000,,,3.432100074207569,0.0,,,,,,,,13113756600.0,,0.0,4.822120463320464,0.0,0.0,0.0,0.0,,,0.0,0.0,0.0,,0.0,0.0,,0.0,0.0,0.0,0.0138567975830815,0.0,0.0,0.0,0.0,0.0,,0.0,,,0.0,0.0,,,,,,,,,,0.0,0.0,0.0,0.0,0.0,0.0,,1988-06-29,,bmo,,2025-04-25,1988-06-30,,,
1988-03-31,VZ,USD,732712,1988-03-31,1988-03-30 19:00:00,1988,Q1,2633700000.0,0.0,2633700000.0,1.0,0,0.0,0.0,0.0,0.0,0.0,0.0,0.0,0.0,0.0,2633700000.0,1.0,2633700000.0,1.0,-2633700000.0,0.0,0.0,0.0,0.0,0.0,0.42,0.42,792704000,792704000,,,3.322425520749233,0.0,,,,,,,,12064954880.0,,0.0,4.580990575995747,0.0,0.0,0.0,0.0,,,0.0,0.0,0.0,,0.0,0.0,,0.0,0.0,0.0,0.0150676741130091,0.0,0.0,0.0,0.0,0.0,,0.0,,,0.0,0.0,,,,,,,,,,0.0,0.0,0.0,0.0,0.0,0.0,,1988-03-30,,bmo,,2025-04-25,1988-03-31,,,
1987-12-31,VZ,USD,732712,1987-12-31,1987-12-30 19:00:00,1987,Q4,2603300000.0,0.0,2603300000.0,1.0,0,0.0,0.0,0.0,-7952300000.0,-7952300000.0,-7952300000.0,0.0,0.0,0.0,-5349000000.0,-2.0546998041,-5349000000.0,-2.0546998041,5349000000.0,0.0,0.0,0.0,0.0,0.0,0.0,0.0,792372000,792704000,,,3.285451782748507,0.0,,,0.2886270590076378,11.032570560292388,11.032570560292388,11.032570560292388,7.393244587138365,11853885120.0,17483385120.0,0.0,4.553407260016133,0.0,0.0,1.3559849826696715,1.3559849826696715,6.715854922598241,-3.2685333931575995,0.0,0.0,0.0,,0.670128919342477,0.2757435832262498,-1.052439708356702,0.8783843206231547,0.0,0.0,0.014427807486631,0.0,0.0,0.0,0.0,0.0,,0.0,,0.0,,0.0,-13.714612580959448,-387200000.0,8741900000.0,-9706600000.0,16858200000.0,,,,57.99370030346099,0.0,0.0,1.551892697466468,0.0,0.0,0.0,,1987-12-30,,bmo,,2025-04-25,1987-12-31,,,
1987-09-30,VZ,USD,732712,1987-09-30,1987-09-29 20:00:00,1987,Q3,2590000000.0,0.0,2590000000.0,1.0,0,0.0,0.0,0.0,0.0,0.0,0.0,0.0,0.0,0.0,2590000000.0,1.0,2590000000.0,1.0,-2590000000.0,0.0,0.0,0.0,0.0,0.0,0.41,0.41,794124000,794124000,,,3.2614553898383627,0.0,,,,,,,,14008347360.0,,0.0,5.408628324324324,0.0,0.0,0.0,0.0,,,0.0,0.0,0.0,,0.0,0.0,,0.0,0.0,0.0,0.012235827664399,0.0,0.0,0.0,0.0,0.0,,0.0,,,0.0,0.0,,,,,,,,,,0.0,0.0,0.0,0.0,0.0,0.0,,1987-09-29,,bmo,,2025-04-25,1987-09-30,,,
1987-06-30,VZ,USD,732712,1987-06-30,1987-06-29 20:00:00,1987,Q2,2640300000.0,0.0,2640300000.0,1.0,0,0.0,0.0,0.0,0.0,0.0,0.0,0.0,0.0,0.0,2640300000.0,1.0,2640300000.0,1.0,-2640300000.0,0.0,0.0,0.0,0.0,0.0,0.41,0.41,795268000,795268000,,,3.3200128761625014,0.0,,,,,,,,12469802240.0,,0.0,4.722873249251979,0.0,0.0,0.0,0.0,,,0.0,0.0,0.0,,0.0,0.0,,0.0,0.0,0.0,0.0137653061224489,0.0,0.0,0.0,0.0,0.0,,0.0,,,0.0,0.0,,,,,,,,,,0.0,0.0,0.0,0.0,0.0,0.0,,1987-06-29,,bmo,,2025-04-25,1987-06-30,,,
1987-03-31,VZ,USD,732712,1987-03-31,1987-03-30 19:00:00,1987,Q1,2464800000.0,0.0,2464800000.0,1.0,0,0.0,0.0,0.0,0.0,0.0,0.0,0.0,0.0,0.0,2464800000.0,1.0,2464800000.0,1.0,-2464800000.0,0.0,0.0,0.0,0.0,0.0,0.39,0.39,795884000,795884000,,,3.0969337240100314,0.0,,,,,,,,12368037360.0,,0.0,5.017866504381694,0.0,0.0,0.0,0.0,,,0.0,0.0,0.0,,0.0,0.0,,0.0,0.0,0.0,0.0138893178893178,0.0,0.0,0.0,0.0,0.0,,0.0,,,0.0,0.0,,,,,,,,,,0.0,0.0,0.0,0.0,0.0,0.0,,1987-03-30,,bmo,,2025-04-25,1987-03-31,,,
1986-12-31,VZ,USD,732712,1986-12-31,1986-12-30 19:00:00,1986,Q4,2602700000.0,0.0,2602700000.0,1.0,0,0.0,0.0,0.0,-7456900000.0,-7456900000.0,-7456900000.0,0.0,0.0,0.0,-4854200000.0,-1.8650632036,-4854200000.0,-1.8650632036,4854200000.0,0.0,0.0,0.0,0.0,0.0,0.0,0.0,795884000,795884000,,,3.270200179925718,0.0,,,0.2680038799624066,10.454664247553664,10.454664247553664,10.454664247553664,7.594071497856471,12368037360.0,18198737360.0,0.0,4.75200267414608,0.0,0.0,1.4864178927253715,1.4864178927253715,6.992253183232797,-3.7490703638086607,0.0,0.0,0.0,,0.7263811938899372,0.2865690890384004,-1.20116600057682,0.7667649841393511,0.0,0.0,0.0130212355212355,0.0,0.0,0.0,0.0,0.0,,0.0,,0.0,,0.0,-13.915313035567998,-838200000.0,8320700000.0,-10014600000.0,16093400000.0,,,,62.08053175548469,0.0,0.0,1.449729850164318,0.0,0.0,0.0,,1986-12-30,,bmo,,2025-04-25,1986-12-31,,,
1986-09-30,VZ,USD,732712,1986-09-30,1986-09-29 20:00:00,1986,Q3,2486400000.0,0.0,2486400000.0,1.0,0,0.0,0.0,0.0,0.0,0.0,0.0,0.0,0.0,0.0,2486400000.0,1.0,2486400000.0,1.0,-2486400000.0,0.0,0.0,0.0,0.0,0.0,0.38,0.38,797352000,797352000,,,3.1183216446437707,0.0,,,,,,,,11816756640.0,,0.0,4.752556563706563,0.0,0.0,0.0,0.0,,,0.0,0.0,0.0,,0.0,0.0,,0.0,0.0,0.0,0.0136538461538461,0.0,0.0,0.0,0.0,0.0,,0.0,,,0.0,0.0,,,,,,,,,,0.0,0.0,0.0,0.0,0.0,0.0,,1986-09-29,,bmo,,2025-04-25,1986-09-30,,,
1986-06-30,VZ,USD,732712,1986-06-30,1986-06-29 20:00:00,1986,Q2,2472900000.0,0.0,2472900000.0,1.0,0,0.0,0.0,0.0,0.0,0.0,0.0,0.0,0.0,0.0,2472900000.0,1.0,2472900000.0,1.0,-2472900000.0,0.0,0.0,0.0,0.0,0.0,0.39,0.39,798984000,798984000,,,3.095055720765372,0.0,,,,,,,,12783744000.0,,0.0,5.16953536333859,0.0,0.0,0.0,0.0,,,0.0,0.0,0.0,,0.0,0.0,,0.0,0.0,0.0,0.012646875,0.0,0.0,0.0,0.0,0.0,,0.0,,,0.0,0.0,,,,,,,,,,0.0,0.0,0.0,0.0,0.0,0.0,,1986-06-29,,bmo,,2025-04-25,1986-06-30,,,
1986-03-31,VZ,USD,732712,1986-03-31,1986-03-30 19:00:00,1986,Q1,2358800000.0,0.0,2358800000.0,1.0,0,0.0,0.0,0.0,0.0,0.0,0.0,0.0,0.0,0.0,2358800000.0,1.0,2358800000.0,1.0,-2358800000.0,0.0,0.0,0.0,0.0,0.0,0.37,0.37,799200000,799200000,,,2.9514514514514514,0.0,,,,,,,,11428560000.0,,0.0,4.845073766321859,0.0,0.0,0.0,0.0,,,0.0,0.0,0.0,,0.0,0.0,,0.0,0.0,0.0,0.0141503496503496,0.0,0.0,0.0,0.0,0.0,,0.0,,,0.0,0.0,,,,,,,,,,0.0,0.0,0.0,0.0,0.0,0.0,,1986-03-30,,bmo,,2025-04-25,1986-03-31,,,
1985-12-31,VZ,USD,732712,1985-12-31,1985-12-30 19:00:00,1985,Q4,2326600000.0,0.0,2326600000.0,1.0,0,0.0,0.0,0.0,-6759700000.0,-6759700000.0,-6759700000.0,0.0,0.0,0.0,-4433100000.0,-1.9053984355,-4433100000.0,-1.9053984355,4433100000.0,0.0,0.0,0.0,0.0,0.0,0.0,0.0,798984000,799200000,,,2.91194817418121,0.0,,,0.2995053718222142,9.914216054389074,9.914216054389074,9.914216054389074,6.91603336237021,9795543840.0,15082043840.0,0.0,4.210239766182412,0.0,0.0,1.2366081123047985,1.2366081123047985,6.482439542680306,-3.402143836141752,0.0,0.0,0.0,,0.6975875172004595,0.2792444058135069,-1.192506372515847,0.947667643631484,0.0,0.0,0.0155880913539967,0.0,0.0,0.0,0.0,0.0,,0.0,,0.0,,0.0,-12.77513066594575,-148200000.0,7921300000.0,-9183400000.0,16388500000.0,,,,67.02613255394137,0.0,0.0,1.342759854562244,0.0,0.0,0.0,,1985-12-30,,bmo,,2025-04-25,1985-12-31,,,
1985-09-30,VZ,USD,732712,1985-09-30,1985-09-29 20:00:00,1985,Q3,2330100000.0,0.0,2330100000.0,1.0,0,0.0,0.0,0.0,0.0,0.0,0.0,0.0,0.0,0.0,2330100000.0,1.0,2330100000.0,1.0,-2330100000.0,0.0,0.0,0.0,0.0,0.0,0.36,0.36,796928000,796928000,,,2.923852593960809,0.0,,,,,,,,7889587200.0,,0.0,3.3859436075704905,0.0,0.0,0.0,0.0,,,0.0,0.0,0.0,,0.0,0.0,,0.0,0.0,0.0,0.0193040404040404,0.0,0.0,0.0,0.0,0.0,,0.0,,,0.0,0.0,,,,,,,,,,0.0,0.0,0.0,0.0,0.0,0.0,,1985-09-29,,bmo,,2025-04-25,1985-09-30,,,
