date,symbol,reportedCurrency,cik,fillingDate,acceptedDate,calendarYear,period,revenue,costOfRevenue,grossProfit,grossProfitRatio,researchAndDevelopmentExpenses,generalAndAdministrativeExpenses,sellingAndMarketingExpenses,sellingGeneralAndAdministrativeExpenses,otherExpenses,operatingExpenses,costAndExpenses,interestIncome,interestExpense,depreciationAndAmortization,ebitda,ebitdaratio,operatingIncome,operatingIncomeRatio,totalOtherIncomeExpensesNet,incomeBeforeTax,incomeBeforeTaxRatio,incomeTaxExpense,netIncome,netIncomeRatio,eps,epsdiluted,weightedAverageShsOut,weightedAverageShsOutDil,link,finalLink,revenuePerShare,netIncomePerShare,operatingCashFlowPerShare,freeCashFlowPerShare,cashPerShare,bookValuePerShare,tangibleBookValuePerShare,shareholdersEquityPerShare,interestDebtPerShare,marketCap,enterpriseValue,peRatio,priceToSalesRatio,pocfratio,pfcfRatio,pbRatio,ptbRatio,evToSales,enterpriseValueOverEBITDA,evToOperatingCashFlow,evToFreeCashFlow,earningsYield,freeCashFlowYield,debtToEquity,debtToAssets,netDebtToEBITDA,currentRatio,interestCoverage,incomeQuality,dividendYield,payoutRatio,salesGeneralAndAdministrativeToRevenue,researchAndDdevelopementToRevenue,intangiblesToTotalAssets,capexToOperatingCashFlow,capexToRevenue,capexToDepreciation,stockBasedCompensationToRevenue,grahamNumber,roic,returnOnTangibleAssets,grahamNetNet,workingCapital,tangibleAssetValue,netCurrentAssetValue,investedCapital,averageReceivables,averagePayables,averageInventory,daysSalesOutstanding,daysPayablesOutstanding,daysOfInventoryOnHand,receivablesTurnover,payablesTurnover,inventoryTurnover,roe,capexPerShare,report_date,epsEstimated,time,revenueEstimated,updatedFromDate,fiscalDateEnding,surprise(%),QuarterAvgPrice,QuarterAvgVolume
2025-03-31,WAB,USD,943452,2025-04-23,2025-04-23 10:03:29,2025,Q1,2610000000.0,1710000000.0,900000000.0,0.3448275862,46000000,0.0,0.0,307000000.0,73000000.0,426000000.0,2017000000.0,0.0,46000000.0,110000000.0,582000000.0,0.2229885057,474000000.0,0.1816091954,-48000000.0,426000000.0,0.1632183908,99000000.0,322000000.0,0.1233716475,1.88,1.88,170500000,171300000,https://www.sec.gov/Archives/edgar/data/943452/000162828025019005/0001628280-25-019005-index.htm,https://www.sec.gov/Archives/edgar/data/943452/000162828025019005/wab-20250331.htm,15.30791788856305,1.8885630498533723,1.1202346041055715,0.8621700879765396,4.093841642228739,61.0791788856305,-7.419354838709677,60.80938416422288,23.771260997067447,30920175000.0,34229175000.0,24.00634704968944,11.846810344827588,161.8857329842932,210.34132653061224,2.9822699652777773,2.9822699652777773,13.11462643678161,58.81301546391752,179.21034031413612,232.8515306122449,0.0104139125991363,0.00475417749091,0.3864776234567901,0.2098345203183912,5.685567010309279,1.3381716322892794,10.304347826086955,0.5840978593272171,0.0013906777694498,0.1335403726708074,0.0,0.0176245210727969,0.6115940511101802,0.2303664921465968,0.0168582375478927,0.4,0.0065134099616858,50.832597910986486,0.0232147687374807,0.0434137791559929,-31.35483870967742,1328000000.0,-1265000000.0,-3427000000.0,14469000000.0,1817000000.0,1312000000.0,2346000000.0,66.62068965517241,69.6842105263158,125.15789473684212,1.3509316770186337,1.2915407854984895,0.7190916736753574,0.031057098765432,0.2580645161290322,2025-04-23,2.03,bmo,2607830800.0,2025-05-11,2025-03-31,0.1231527093596059,191.7575,1162898.6166666667
2024-12-31,WAB,USD,943452,2025-02-12,2025-02-12 15:29:23,2024,Q4,2583000000.0,1786000000.0,797000000.0,0.3085559427,51000000,314000000.0,1000000.0,333000000.0,79000000.0,463000000.0,2249000000.0,0.0,53000000.0,-3000000.0,334000000.0,0.1293070074,334000000.0,0.1293070074,-50000000.0,284000000.0,0.1099496709,71000000.0,212000000.0,0.0820751065,1.24,1.23,174100000,174800000,https://www.sec.gov/Archives/edgar/data/943452/000162828025005100/0001628280-25-005100-index.htm,https://www.sec.gov/Archives/edgar/data/943452/000162828025005100/wab-20241231.htm,14.836300976450316,1.2176909821941413,4.152785755313039,3.6703044227455486,4.106835152211373,58.20218265364733,-8.678920160827111,58.20218265364733,23.164847788627227,33007619000.0,36281619000.0,38.92407900943396,12.778791715060008,45.65369156293223,51.65511580594679,3.257437974933386,3.257437974933386,14.046310104529615,108.6276017964072,50.18204564315353,56.77874647887324,0.0064227595453037,0.0193591667426844,0.3927760781604658,0.2128114640145439,9.80239520958084,1.3035337552742616,6.30188679245283,3.286363636363636,0.0010300652100958,0.160377358490566,0.1215640727835849,0.0197444831591173,0.6226072077852636,0.1161825726141078,0.032520325203252,0.711864406779661,0.0085172280294231,39.93277027242987,0.0172330764997248,0.0300368376310569,-31.134405514072373,1151000000.0,-1511000000.0,-3626000000.0,14242000000.0,1742000000.0,1319000000.0,2347000000.0,59.30313588850174,65.50951847704367,116.60694288913774,1.5176263219741482,1.373846153846154,0.7718236819360415,0.0209217408467383,0.4824813325674899,2025-02-12,1.74,bmo,2622396750.0,2025-05-11,2024-12-31,-0.0344827586206896,193.56140625,998427.8125
2024-09-30,WAB,USD,943452,2024-10-23,2024-10-23 10:26:58,2024,Q3,2663000000.0,1855000000.0,808000000.0,0.3034171986,50000000,0.0,0.0,318000000.0,0.0,365000000.0,2220000000.0,0.0,52000000.0,123000000.0,553000000.0,0.2076605332,443000000.0,0.1663537364,-65000000.0,378000000.0,0.1419451746,92000000.0,283000000.0,0.1062711228,1.63,1.63,173400000,174100000,https://www.sec.gov/Archives/edgar/data/943452/000162828024043365/0001628280-24-043365-index.htm,https://www.sec.gov/Archives/edgar/data/943452/000162828024043365/wab-20240930.htm,15.35755478662053,1.6320645905420992,3.125720876585929,2.8604382929642447,2.364475201845444,59.34832756632065,-8.598615916955017,59.1118800461361,23.465974625144177,31518918000.0,35125918000.0,27.84356713780919,11.835868569282765,58.1529852398524,63.546205645161294,3.0750163902439027,3.0750163902439027,13.190355989485544,63.518839059674505,64.8079667896679,70.81838306451613,0.0089787346126538,0.0157365808052167,0.3919024390243902,0.2154580562111135,6.522603978300181,1.2969301820157566,8.51923076923077,1.8951048951048952,0.0011104442100455,0.1236749116607773,0.0,0.0187758167480285,0.6319459343488522,0.084870848708487,0.0172737514081862,0.3739837398373983,0.0067592940292902,46.59049411449285,0.0216762526146216,0.0412416205187991,-31.23702422145329,1093000000.0,-1491000000.0,-3579000000.0,14314000000.0,1791500000.0,1334500000.0,2372000000.0,60.22530980097635,64.91644204851752,115.47169811320754,1.494388327721661,1.3863976083707026,0.7794117647058824,0.0276097560975609,0.2652825836216839,2024-10-23,1.9,bmo,2681335625.0,2025-04-24,2024-09-30,0.0526315789473684,164.0609375,1185316.75
2024-06-30,WAB,USD,943452,2024-07-24,2024-07-24 11:43:36,2024,Q2,2644000000.0,1836000000.0,808000000.0,0.3055975794,57000000,314000000.0,-1000000.0,313000000.0,2000000.0,370000000.0,2206000000.0,0.0,49000000.0,117000000.0,551000000.0,0.2083963691,438000000.0,0.1656580938,-45000000.0,385000000.0,0.145612708,94000000.0,289000000.0,0.1093040847,1.65,1.64,175400000,176000000,https://www.sec.gov/Archives/edgar/data/943452/000162828024032762/0001628280-24-032762-index.htm,https://www.sec.gov/Archives/edgar/data/943452/000162828024032762/wab-20240630.htm,15.074116305587228,1.6476624857468642,1.339794754846066,1.0775370581527937,3.3922462941847207,59.97719498289624,-6.93842645381984,59.732041049030784,24.74914481185861,27283470000.000004,30980470000.000004,23.601617647058827,10.319012859304086,116.09987234042556,144.35698412698414,2.6041299990455284,2.6041299990455284,11.717273071104389,56.22589836660618,131.83178723404257,163.9178306878307,0.0105924942831685,0.006927271347816,0.4096592536031306,0.2273786819241364,6.70961887477314,1.3783931998903207,8.938775510204081,0.8131487889273357,0.0012828280273733,0.1211072664359861,0.1187594553706505,0.0215582450832072,0.6217948717948718,0.1957446808510638,0.0173978819969742,0.3898305084745763,0.0052950075642965,47.05752301976322,0.0210009984940205,0.0404818602045104,-29.807582668187003,1380000000.0,-1217000000.0,-3329000000.0,14556000000.0,1671000000.0,1309500000.0,2360000000.0,61.30484114977308,65.24509803921569,115.88235294117646,1.4680732926152138,1.379413974455297,0.7766497461928934,0.0275842321275174,0.2622576966932725,2024-07-24,1.88,bmo,2638397513.0,2025-04-24,2024-06-30,0.0425531914893617,159.76079365079366,1119590.0952380951
2024-03-31,WAB,USD,943452,2024-04-24,2024-04-24 12:11:51,2024,Q1,2497000000.0,1750000000.0,747000000.0,0.2991589908,48000000,0.0,0.0,277000000.0,1000000.0,325000000.0,2075000000.0,0.0,47000000.0,123000000.0,533000000.0,0.2134561474,422000000.0,0.1690028034,-49000000.0,363000000.0,0.1453744493,86000000.0,272000000.0,0.1089307169,1.54,1.54,176500000,177200000,https://www.sec.gov/Archives/edgar/data/943452/000162828024017577/0001628280-24-017577-index.htm,https://www.sec.gov/Archives/edgar/data/943452/000162828024017577/wab-20240331.htm,14.147308781869688,1.5410764872521243,1.8923512747875355,1.71671388101983,3.620396600566573,59.51274787535411,-7.597733711048159,59.274787535410766,24.577903682719548,25567790000.000004,29219790000.000004,23.49980698529412,10.23940328394073,76.55026946107785,84.38214521452146,2.443872108583445,2.443872108583445,11.701958350020025,54.82136960600376,87.4844011976048,96.43495049504952,0.0106383852495659,0.0118508482743326,0.4101510227489963,0.2288899557262495,6.8517823639774855,1.5220424992071044,8.97872340425532,1.2279411764705883,0.0014080215771484,0.1323529411764706,0.0,0.0192230676812174,0.6318344268416279,0.092814371257485,0.0124148978774529,0.2520325203252032,0.0048057669203043,45.33549470942116,0.0205279555407339,0.0394088669950738,-29.85977337110481,1646000000.0,-1341000000.0,-3444000000.0,14936000000.0,1612500000.0,1269000000.0,2320000000.0,55.5426511814177,66.24,121.16571428571427,1.6203763789746917,1.358695652173913,0.7427843803056027,0.0259988529917797,0.1756373937677053,2024-04-24,1.49,bmo,2396912875.0,2025-04-24,2024-03-31,0.2684563758389261,135.45344262295083,1021215.7704918032
2023-12-31,WAB,USD,943452,2024-02-14,2024-02-14 16:02:42,2023,Q4,2526000000.0,1848000000.0,678000000.0,0.2684085511,61000000,0.0,0.0,285000000.0,36000000.0,346000000.0,2194000000.0,0.0,55000000.0,160000000.0,495000000.0,0.1959619952,332000000.0,0.1314330958,-28000000.0,280000000.0,0.1108471892,63000000.0,215000000.0,0.085114806,1.21,1.2,178000000,178800000,https://www.sec.gov/Archives/edgar/data/943452/000162828024004774/0001628280-24-004774-index.htm,https://www.sec.gov/Archives/edgar/data/943452/000162828024004774/wab-20231231.htm,14.191011235955056,1.2078651685393258,3.853932584269663,3.4213483146067416,3.539325842696629,59.12359550561798,-8.207865168539326,58.91573033707865,24.926966292134832,22588200000.0,26350200000.0,26.265348837209302,8.942280285035629,32.92740524781341,37.09064039408867,2.153923905788119,2.153923905788119,10.431591448931115,53.23272727272728,38.41137026239067,43.2679802955665,0.0095182440389229,0.0269609796265306,0.4178506722608944,0.2307773330524541,7.6,1.196992110453649,6.036363636363636,3.1906976744186046,0.0013723979777051,0.1441860465116279,0.0,0.0241488519398258,0.6311881188118812,0.1122448979591836,0.0304829770387965,0.48125,0.0043547110055423,40.01438263233974,0.0163116520857106,0.0307011280879623,-30.5,799000000.0,-1461000000.0,-3609000000.0,14269000000.0,1699000000.0,1246500000.0,2265000000.0,60.0,60.87662337662338,111.23376623376625,1.5,1.4784,0.809106830122592,0.0205015733765614,0.4325842696629213,2024-02-14,1.58,bmo,2484510000.0,2025-04-24,2023-12-31,-0.0253164556962025,112.87063492063491,908497.984126984
2023-09-30,WAB,USD,943452,2023-10-25,2023-10-25 14:57:30,2023,Q3,2550000000.0,1819000000.0,731000000.0,0.2866666667,53000000,0.0,0.0,295000000.0,10000000.0,348000000.0,2167000000.0,60000000.0,60000000.0,125000000.0,505000000.0,0.1980392157,383000000.0,0.1501960784,-50000000.0,320000000.0,0.1254901961,78000000.0,240000000.0,0.0941176471,1.34,1.34,178600000,179200000,https://www.sec.gov/Archives/edgar/data/943452/000162828023035085/0001628280-23-035085-index.htm,https://www.sec.gov/Archives/edgar/data/943452/000162828023035085/wab-20230930.htm,14.27771556550952,1.343784994400896,2.379619260918253,2.161254199328108,2.3236282194848825,58.04591265397536,-8.342665173572229,57.816349384098544,18.745800671892496,18979822000.0,21875822000.0,19.770647916666665,7.443067450980392,44.65840470588235,49.17052331606217,1.838061398411776,1.838061398411776,8.578753725490197,43.318459405940594,51.472522352941176,56.67311398963731,0.0126450079458068,0.020337387779506,0.3184195235328297,0.1748936170212766,5.734653465346534,1.1909534823952712,6.383333333333334,1.756198347107438,0.0015806259932258,0.125,0.0,0.0207843137254901,0.6306914893617022,0.0917647058823529,0.0152941176470588,0.3482142857142857,0.0054901960784313,41.81012690128194,0.0184662894485176,0.0345671899755149,-31.408174692049272,743000000.0,-1490000000.0,-3799000000.0,14019000000.0,1706000000.0,1275000000.0,2281500000.0,60.49411764705883,61.50082462891699,111.12699285321604,1.4877479579929989,1.4633950120675785,0.8098842386464826,0.0232423009877977,0.2183650615901455,2023-10-25,1.46,bmo,2402580000.0,2025-04-24,2023-09-30,0.1643835616438356,111.36444444444444,779644.6666666666
2023-06-30,WAB,USD,943452,2023-07-27,2023-07-27 11:23:57,2023,Q2,2407000000.0,1753000000.0,654000000.0,0.2717075197,53000000,284000000.0,1000000.0,281000000.0,2000000.0,334000000.0,2087000000.0,55000000.0,55000000.0,123000000.0,437000000.0,0.1815538014,320000000.0,0.1329455754,-53000000.0,259000000.0,0.1076028251,66000000.0,191000000.0,0.0793518903,1.07,1.06,178900000,179400000,https://www.sec.gov/Archives/edgar/data/943452/000162828023025856/0001628280-23-025856-index.htm,https://www.sec.gov/Archives/edgar/data/943452/000162828023025856/wab-20230630.htm,13.454443823365008,1.0676355505869202,0.6428172163219675,0.4304080491894913,2.112912241475685,57.1660145332588,-10.0,56.948015651201786,19.31805477920626,19619963000.0,22649963000.0,25.680579842931937,8.151210220191109,170.6083739130435,254.80471428571428,1.9257914212799376,1.9257914212799376,9.410038637307853,51.83057894736842,196.9562,294.15536363636363,0.0097349826806503,0.0039245741696862,0.3338241067923047,0.1791414274427179,6.933638443935926,1.1174215192906782,5.818181818181818,0.5958549222797928,0.0015800233670165,0.1623036649214659,0.1179891981719983,0.0220191109264644,0.6329207268896497,0.3304347826086956,0.0157872870793518,0.3486238532110092,0.00498545907769,36.98640069003167,0.015059719493217,0.0274070885349404,-33.24762437115707,490000000.0,-1789000000.0,-4095000000.0,13949000000.0,1637000000.0,1330000000.0,2272500000.0,63.489821354383054,67.10211066742727,118.9560752994866,1.4175500588928152,1.34123947972456,0.7565817867932672,0.0187475461327051,0.2124091671324762,2023-07-27,1.35,bmo,2252040000.0,2025-04-24,2023-06-30,0.0444444444444443,99.28209677419356,1014447.758064516
2023-03-31,WAB,USD,943452,2023-04-26,2023-04-26 10:55:53,2023,Q1,2194000000.0,1529000000.0,665000000.0,0.3030993619,51000000,0.0,0.0,263000000.0,75000000.0,389000000.0,1918000000.0,0.0,48000000.0,111000000.0,392000000.0,0.1786690975,276000000.0,0.1257976299,-43000000.0,233000000.0,0.1061987238,60000000.0,169000000.0,0.0770282589,0.94,0.94,179900000,180600000,https://www.sec.gov/Archives/edgar/data/943452/000162828023013106/0001628280-23-013106-index.htm,https://www.sec.gov/Archives/edgar/data/943452/000162828023013106/wab-20230331.htm,12.195664257921068,0.9394107837687604,-0.1389660922734852,-0.3168426903835464,2.2790439132851583,56.33129516397999,-9.666481378543637,56.05892162312396,23.4130072262368,18180694000.0,21934694000.0,26.89451775147929,8.286551504102096,-727.22776,-318.9595438596491,1.8027460585027268,1.8027460585027268,9.99758158614403,55.955852040816325,-877.38776,-384.8191929824561,0.0092955747453865,-0.0031351938490356,0.4128904313336639,0.2230435481279125,9.576530612244898,1.079471788715486,5.75,-0.1445086705202312,0.0017051054266685,0.1834319526627219,0.0,0.0232452142206016,0.6359740746692377,-1.28,0.0145852324521422,0.2882882882882883,0.0045578851412944,34.422420001101514,0.0132390360247179,0.0248675691583284,-32.401334074485824,331000000.0,-1739000000.0,-4039000000.0,13626000000.0,1547500000.0,1327000000.0,2131000000.0,64.64904284412033,79.64028776978418,131.1445389143231,1.3921319796954317,1.1300813008130082,0.6862657091561939,0.016757560733763,0.1778765981100611,2023-04-26,1.19,bmo,2227570000.0,2025-04-24,2023-03-31,0.0756302521008404,102.11306451612904,965097.6935483871
2022-12-31,WAB,USD,943452,2023-02-15,2023-02-15 13:38:58,2022,Q4,2306000000.0,1654000000.0,652000000.0,0.2827406765,60000000,0.0,0.0,272000000.0,73000000.0,405000000.0,2059000000.0,0.0,51000000.0,106000000.0,367000000.0,0.1591500434,247000000.0,0.107111882,-37000000.0,210000000.0,0.0910667823,51000000.0,158000000.0,0.0685169124,0.0,0.0,0,0,https://www.sec.gov/Archives/edgar/data/943452/000162828023003675/0001628280-23-003675-index.htm,https://www.sec.gov/Archives/edgar/data/943452/000162828023003675/wab-20221231.htm,0.0,0.0,0.0,0.0,0.0,0.0,0.0,0.0,0.0,0.0,3461000000.0,0.0,0.0,0.0,0.0,0.0,0.0,1.5008673026886383,9.430517711171662,8.441463414634146,10.090379008746355,,0.0,0.3961591764007127,0.2161373946856772,9.430517711171662,1.2480530718200171,4.8431372549019605,2.5786163522012577,,0.1772151898734177,0.0,0.02601908065915,0.6432274789371355,0.1634146341463414,0.0290546400693842,0.6320754716981132,0.0047701647875108,,0.0122231559290382,0.0239176506206478,0.0,860000000.0,-1763000000.0,-4042000000.0,14199000000.0,1490500000.0,1253500000.0,2028500000.0,59.28447528187337,70.7920193470375,110.677146311971,1.5181040157998684,1.2713297463489623,0.8131760078662733,0.015640467234211,0.0,2023-02-15,1.3,bmo,2206860545.0,2025-04-24,2022-12-31,0.0,95.57539682539682,846538.1746031746
2022-09-30,WAB,USD,943452,2022-11-01,2022-11-01 11:15:14,2022,Q3,2081000000.0,1501000000.0,580000000.0,0.2787121576,54000000,0.0,0.0,256000000.0,4000000.0,310000000.0,1811000000.0,0.0,48000000.0,119000000.0,384000000.0,0.1845266699,270000000.0,0.1297453148,-44000000.0,217000000.0,0.10427679,54000000.0,160000000.0,0.0768861124,0.88,0.88,181300000,181900000,https://www.sec.gov/Archives/edgar/data/943452/000162828022027500/0001628280-22-027500-index.htm,https://www.sec.gov/Archives/edgar/data/943452/000162828022027500/wab-20220930.htm,11.478212906784336,0.882515168229454,1.1252068394925538,0.948703805846663,2.835079977937121,54.74351902923331,-10.182018753447323,54.500827357970216,22.74131274131274,14748754999.999998,18309755000.0,23.0449296875,7.087340221047572,72.29781862745097,85.74857558139534,1.4926378909017304,1.4926378909017304,8.798536761172514,47.681653645833336,89.75370098039215,106.45206395348838,0.0108483733033737,0.0116620013011267,0.4124076510474648,0.2231409484174789,9.2734375,1.26171875,5.625,1.2515337423312884,0.0018984653280904,0.175,0.0,0.0259490629505045,0.6445624794655569,0.1568627450980392,0.0153772224891878,0.3047619047619048,0.0048053820278712,32.89681828916634,0.0133437107643814,0.024649514712679,-31.522338665195807,871000000.0,-1846000000.0,-4138000000.0,14044000000.0,1442000000.0,1192000000.0,1970500000.0,63.229216722729454,72.31179213857428,121.29913391072618,1.423392612859097,1.2446102819237148,0.7419673751853683,0.0161926930472624,0.1765030336458908,2022-11-01,1.2,bmo,2150608727.0,2025-04-24,2022-09-30,0.0166666666666666,88.330625,855397.4375
2022-06-30,WAB,USD,943452,2022-08-05,2022-08-05 10:19:27,2022,Q2,2048000000.0,1473000000.0,575000000.0,0.2807617188,50000000,0.0,0.0,257000000.0,72000000.0,307000000.0,1780000000.0,0.0,44000000.0,118000000.0,389000000.0,0.1899414063,268000000.0,0.130859375,-37000000.0,227000000.0,0.1108398438,58000000.0,166000000.0,0.0810546875,0.91,0.91,181900000,182400000,https://www.sec.gov/Archives/edgar/data/943452/000162828022021268/0001628280-22-021268-index.htm,https://www.sec.gov/Archives/edgar/data/943452/000162828022021268/wab-20220630.htm,11.25893347993403,0.9125893347993403,1.445849367784497,1.280923584387026,2.754260582737768,54.68389224848818,-11.231445849367784,54.45299615173172,23.40296866410116,14930352000.0,18642352000.0,22.48546987951807,7.2902109375,56.76939923954372,64.07876394849785,1.507355073195356,1.507355073195356,9.1027109375,47.92378406169666,70.88346768060836,80.01009442060086,0.0111182911159763,0.015605794156762,0.4253407370015143,0.2298041782577865,9.54241645244216,1.2683385579937303,6.090909090909091,1.5562130177514792,0.0018083967477792,0.1626506024096385,0.0,0.0244140625,0.6540118911252932,0.1140684410646387,0.0146484375,0.2857142857142857,0.0048828125,33.43796539203077,0.0129569601321442,0.0261705817436544,-32.212754260582734,856000000.0,-2043000000.0,-4340000000.0,14274000000.0,1402000000.0,1118000000.0,1873000000.0,62.490234375,71.9755600814664,117.18940936863544,1.440225035161744,1.2504244482173177,0.7679874869655892,0.0167592125189298,0.1649257833974711,2022-08-05,1.22,bmo,2064856672.0,2025-04-24,2022-06-30,0.0081967213114754,89.12435483870968,947458.6935483871
2022-03-31,WAB,USD,943452,2022-04-27,2022-04-27 10:56:22,2022,Q1,1927000000.0,1400000000.0,527000000.0,0.2734820965,45000000,0.0,0.0,236000000.0,73000000.0,281000000.0,1681000000.0,0.0,43000000.0,122000000.0,365000000.0,0.1894135963,246000000.0,0.1276595745,-39000000.0,200000000.0,0.1037882719,50000000.0,149000000.0,0.0773222626,0.81,0.81,184500000,185000000,https://www.sec.gov/Archives/edgar/data/943452/000162828022010717/0001628280-22-010717-index.htm,https://www.sec.gov/Archives/edgar/data/943452/000162828022010717/wab-20220331.htm,10.444444444444445,0.8075880758807588,0.8726287262872628,0.7642276422764228,2.644986449864499,54.67750677506775,-11.441734417344174,54.46612466124661,23.208672086720867,17743365000.0,21494365000.0,29.770746644295304,9.207765957446808,110.20723602484472,125.8394680851064,1.7656846452383324,1.7656846452383324,11.154314997405294,58.88867123287671,133.50537267080745,152.442304964539,0.0083975052082849,0.0079466324454239,0.4218330182107672,0.2299056296778392,10.276712328767124,1.3579861111111111,5.72093023255814,1.0733333333333333,0.0015780546700132,0.1879194630872483,0.0,0.0233523611831863,0.6616227356546264,0.124223602484472,0.0103788271925272,0.1818181818181818,0.0051894135962636,31.459328320178702,0.0118155619596541,0.0238820323769834,-32.040650406504064,1031000000.0,-2111000000.0,-4439000000.0,14698000000.0,1429500000.0,1035000000.0,1758500000.0,64.54592631032693,68.01428571428572,117.5142857142857,1.394356005788712,1.3232514177693762,0.7658643326039387,0.0148273460045775,0.1084010840108401,2022-04-27,1.14,bmo,1976916048.0,2025-04-24,2022-03-31,-0.0087719298245614,92.63064516129032,1224153.8548387096
2021-12-31,WAB,USD,943452,2022-02-17,2022-02-17 13:49:07,2021,Q4,2073000000.0,1488000000.0,585000000.0,0.2821997106,52000000,0.0,0.0,271000000.0,13000000.0,323000000.0,1811000000.0,0.0,42000000.0,122400000.0,399400000.0,0.1926676315,262000000.0,0.1263868789,-27000000.0,235000000.0,0.1133622769,42000000.0,190200000.0,0.0917510854,1.02,1.02,186000000,186500000,https://www.sec.gov/Archives/edgar/data/943452/000162828022002997/0001628280-22-002997-index.htm,https://www.sec.gov/Archives/edgar/data/943452/000162828022002997/wab-20211231.htm,11.14516129032258,1.0225806451612902,1.6865591397849462,1.4096774193548387,2.543010752688172,55.04838709677419,-11.03763440860215,54.844086021505376,22.032258064516128,17132460000.0,20715460000.0,22.519006309148267,8.264573082489147,54.61415364998406,65.34118993135012,1.6794882854622095,1.6794882854622095,9.992986010612638,51.86644967451177,66.03589416640102,79.00633104500382,0.0111017332011865,0.0153042820470615,0.3976080776394471,0.2197897474802211,8.970956434651978,1.3168384879725086,6.238095238095238,1.6228660113812727,0.0013483177547182,0.1214511041009463,0.0,0.0250844187168355,0.6660886528665871,0.1641695887790883,0.0248432223830197,0.4742173112338858,0.0056922334780511,35.52261631004853,0.0138411467956455,0.0308666017526777,-31.12768817204301,922000000.0,-2053000000.0,-4383000000.0,14711000000.0,1422000000.0,979650000.0,1689300000.0,64.12445730824892,61.20967741935484,102.15725806451611,1.4035206499661477,1.4703557312252964,0.8809946714031972,0.0186452308597196,0.2768817204301075,2022-02-16,1.17,bmo,2178580900.0,2025-04-24,2021-12-31,0.0085470085470085,91.70125,816215.109375
2021-09-30,WAB,USD,943452,2021-10-27,2021-10-27 15:13:16,2021,Q3,1906900000.0,1354100000.0,552800000.0,0.2898945933,43800000,0.0,0.0,257000000.0,800000.0,300800000.0,1654900000.0,200000.0,42200000.0,122300000.0,217000000.0,0.1137972626,252000000.0,0.1321516598,-41700000.0,175300000.0,0.0919293094,43500000.0,130800000.0,0.0685930044,0.69,0.69,187600000,188000000,https://www.sec.gov/Archives/edgar/data/943452/000162828021020615/0001628280-21-020615-index.htm,https://www.sec.gov/Archives/edgar/data/943452/000162828021020615/wab-20210930.htm,10.164712153518124,0.697228144989339,1.3001066098081024,1.177505330490405,2.4328358208955225,54.32409381663113,-11.69136460554371,54.13965884861408,21.92537313432836,16172995999.999998,19787596000.0,30.91168960244648,8.481302637789081,66.30994669946699,73.21410593028519,1.5923631924069075,1.5923631924069075,10.376839897215376,91.18707834101384,81.12995489954899,89.57716613852422,0.0080875553298844,0.0136585701251641,0.4008231100958982,0.2218298922727347,16.65714285714286,1.3373523972115522,5.971563981042654,1.8505311077389983,0.0014221236436341,0.1758409785932721,0.0,0.022969217053857,0.6748347582539138,0.0943009430094301,0.0120614610100162,0.2169811320754717,0.0052441134826157,29.14314864528083,0.0121890105626751,0.0219190937426685,-31.09941364605544,948500000.0,-2193300000.0,-4400600000.0,14842000000.0,1409800000.0,971000000.0,1675400000.0,64.51832817662175,62.962115057972085,112.29894394800976,1.3949524506217996,1.4294310144621556,0.8014322916666666,0.0128783254238623,0.1226012793176972,2021-10-27,1.13,bmo,2076900000.0,2025-04-24,2021-09-30,0.0088495575221239,86.10875,1055846.859375
2021-06-30,WAB,USD,943452,2021-07-29,2021-07-29 11:35:40,2021,Q2,2012300000.0,1483900000.0,528400000.0,0.2625851016,42000000,0.0,0.0,253100000.0,3400000.0,295100000.0,1779000000.0,0.0,44900000.0,126300000.0,339900000.0,0.1689111961,233300000.0,0.1159369875,-64600000.0,168700000.0,0.0838344183,43500000.0,124700000.0,0.0619688913,0.66,0.66,188600000,188900000,https://www.sec.gov/Archives/edgar/data/943452/000162828021014841/0001628280-21-014841-index.htm,https://www.sec.gov/Archives/edgar/data/943452/000162828021014841/wab-20210630.htm,10.669671261930011,0.66118769883351,1.183457051961824,1.029692470837752,2.404559915164369,54.76033934252386,-11.672322375397666,54.583244962884415,21.87221633085896,15521780000.0,19148480000.0,31.118243785084204,7.713452268548427,69.54202508960573,79.92677651905252,1.507788700652782,1.507788700652782,9.515718332256622,56.335628125919385,85.79068100358423,98.60185375901132,0.0080338724038093,0.0125114516505194,0.3963514143612061,0.2204036213564962,10.669902912621358,1.338700038668401,5.195991091314031,1.782747603833866,0.001481788815458,0.1844426623897353,0.0,0.0208716394175818,0.6768004148570688,0.1299283154121863,0.0144113700740446,0.2436974789915966,0.0079511007305073,28.495961608045352,0.0110505045241389,0.0208416900655167,-30.81150583244963,963500000.0,-2201400000.0,-4376400000.0,15037000000.0,1427800000.0,974850000.0,1666350000.0,64.96745018138449,60.329537030797226,100.7534200417818,1.3853091009224838,1.4918065748466875,0.8932699253551649,0.0121133820329499,0.1537645811240721,2021-07-29,0.98,bmo,2012300000.0,2025-04-24,2021-06-30,0.0816326530612245,81.15920634920634,1300378.1904761903
2021-03-31,WAB,USD,943452,2021-04-29,2021-04-29 12:03:52,2021,Q1,1830200000.0,1361500000.0,468700000.0,0.2560922304,37700000,0.0,0.0,224400000.0,2900000.0,262100000.0,1623600000.0,0.0,47600000.0,120000000.0,325800000.0,0.1780133319,206600000.0,0.1128838378,-48400000.0,158200000.0,0.0864386406,43500000.0,111700000.0,0.0610315812,0.59,0.59,188500000,188900000,https://www.sec.gov/Archives/edgar/data/943452/000162828021008066/0001628280-21-008066-index.htm,https://www.sec.gov/Archives/edgar/data/943452/000162828021008066/wab-20210331.htm,9.709283819628649,0.5925729442970822,1.550132625994695,1.4095490716180372,2.56498673740053,53.98992042440318,-12.60371352785146,53.81485411140584,22.94323607427056,14921660000.0,18715360000.0,33.39673231871083,8.15302152770189,51.06659822039698,56.15980429055325,1.4709693319269328,1.4709693319269328,10.22585509780352,57.444321669736034,64.0498288843258,70.43793752352278,0.0074857623079469,0.0178063298587422,0.421644108397985,0.2306613745200396,11.644260282381827,1.19252737542996,4.340336134453781,2.5475152571926767,0.0015413834653785,0.2059086839749328,0.0,0.0205988416566495,0.6769543552353423,0.0906913073237508,0.0144792918806687,0.2467411545623836,0.0043711069828434,26.78633228576765,0.0095237554017134,0.018646812346627,-31.80159151193634,610100000.0,-2375800000.0,-4587100000.0,14738500000.0,1186150000.0,932200000.0,1656800000.0,68.9924598404546,63.12890194638266,110.49210429673154,1.3044903777619388,1.42565445026178,0.8145378402632366,0.0110113267810845,0.1405835543766578,2021-04-29,0.85,bmo,1851560000.0,2025-04-24,2021-03-31,0.0470588235294118,77.6155737704918,1386145.475409836
2020-12-31,WAB,USD,943452,2021-02-19,2021-02-19 15:05:40,2020,Q4,2023700000.0,1568000000.0,455700000.0,0.2251815981,38400000,0.0,0.0,205200000.0,5800000.0,243600000.0,1811600000.0,0.0,48600000.0,120000000.0,286900000.0,0.1417700252,212100000.0,0.1048080249,-93800000.0,118300000.0,0.0584572812,31500000.0,87900000.0,0.0434352918,0.46,0.46,189200000,189700000,https://www.sec.gov/Archives/edgar/data/943452/000162828021002557/0001628280-21-002557-index.htm,https://www.sec.gov/Archives/edgar/data/943452/000162828021002557/wab-20201231.htm,10.696088794926004,0.4645877378435518,1.7209302325581397,1.5216701902748415,3.1643763213530653,53.661205073995774,-11.636892177589852,53.50052854122622,20.300211416490487,13849440000.0,17042940000.0,39.389761092150174,6.843623066660078,42.535135135135135,48.10503647099687,1.368210782134495,1.368210782134495,8.421673172901121,59.403764377832,52.34318181818182,59.19742966307746,0.0063468270197206,0.0207878441294377,0.3746381751183031,0.2054891760817145,11.131056117113976,1.2025540092365867,4.364197530864198,3.751152073732719,0.001682378493282,0.2650739476678043,0.0,0.0189751445372337,0.6694518952017123,0.1157862407862407,0.0186292434649404,0.3781344032096289,0.0009388743390818,23.648530913971378,0.0098922989511087,0.0144095998426255,-32.5321088794926,653500000.0,-2201700000.0,-4422000000.0,14609500000.0,1201400000.0,935700000.0,1710900000.0,43.10767406236102,52.19770408163265,94.2531887755102,2.0877953162075724,1.7242137673191116,0.9548748553681262,0.0086837971607243,0.1992600422832981,2021-02-18,1.06,bmo,2121833009.0,2025-04-24,2020-12-31,-0.0754716981132076,68.39109375,1327139.1875
2020-09-30,WAB,USD,943452,2020-10-29,2020-10-29 12:01:43,2020,Q3,1865100000.0,1364200000.0,500900000.0,0.2685646882,36500000,0.0,0.0,240700000.0,2300000.0,277200000.0,1641400000.0,0.0,45600000.0,119600000.0,340600000.0,0.182617554,223700000.0,0.1199399496,-31300000.0,175400000.0,0.0940432148,46900000.0,127900000.0,0.0685754115,0.67,0.67,189800000,190200000,https://www.sec.gov/Archives/edgar/data/943452/000162828020015066/0001628280-20-015066-index.htm,https://www.sec.gov/Archives/edgar/data/943452/000162828020015066/wab-20200930.htm,9.826659641728137,0.6738672286617492,1.2091675447839831,1.0453108535300315,2.946786090621707,52.96311907270811,-11.608535300316122,52.77608008429926,22.65700737618545,11744824000.0,15440224000.0,22.957044566067243,6.297155112326417,51.1757037037037,59.19770161290322,1.172500873523745,1.172500873523745,8.278496595356817,45.33242513211979,67.27766448801744,77.82370967741936,0.010889903501321,0.0168925477299617,0.4247521688346694,0.2306770618724382,10.849677040516736,1.2191662020690082,4.905701754385965,1.7859922178988328,0.0019412806867093,0.1782642689601251,0.0,0.01956999624685,0.6644672637765392,0.1355119825708061,0.0166747091308777,0.2903828197945845,0.0063803549407538,28.28765797279511,0.0104485919404229,0.0206666989836314,-30.91530558482613,707600000.0,-2203300000.0,-4455800000.0,14567000000.0,1421900000.0,984000000.0,1789600000.0,69.17323467910568,63.465767482773785,117.4116698431315,1.3010812696198115,1.418087318087318,0.7665336854526044,0.0127684213678882,0.1638566912539515,2020-10-29,0.9,bmo,1786473684.0,2025-04-24,2020-09-30,0.0555555555555554,64.1625,1153825.8125
2020-06-30,WAB,USD,943452,2020-07-29,2020-07-29 11:40:03,2020,Q2,1737400000.0,1306000000.0,431400000.0,0.2483020606,38200000,0.0,0.0,203800000.0,6300000.0,242000000.0,1548000000.0,0.0,51400000.0,117900000.0,283600000.0,0.1632324163,189400000.0,0.1090134684,-45100000.0,114300000.0,0.065787959,28500000.0,86600000.0,0.0498445954,0.46,0.46,189800000,190200000,https://www.sec.gov/Archives/edgar/data/943452/000162828020010768/0001628280-20-010768-index.htm,https://www.sec.gov/Archives/edgar/data/943452/000162828020010768/wab-20200630.htm,9.153846153846152,0.4562697576396206,1.6359325605900947,1.4552160168598525,3.0974710221285564,52.05795574288725,-12.45890410958904,51.87355110642782,20.126975763962065,10926786000.0,14107586000.0,31.54383949191686,6.289159663865546,35.19093719806764,39.561136857349744,1.109814130169822,1.109814130169822,8.119941291585127,49.74466149506347,45.43505958132045,51.07742939898624,0.0079254778120483,0.0252773322365789,0.3827801251320387,0.2040952267484051,11.215796897038082,1.1396704180064308,3.684824902723735,3.6188811188811183,0.0021415263372047,0.2702078521939954,0.0,0.0219868769425578,0.6631483747982714,0.1104669887278582,0.0197421434327155,0.3426573426573426,-0.0009209163117301,23.07677367620562,0.0090514778615817,0.0139226057458883,-31.81994204425711,486500000.0,-2364700000.0,-4615100000.0,14344200000.0,1541150000.0,1046600000.0,1792600000.0,73.05571543685967,69.32618683001532,124.0084226646248,1.2319364674182798,1.2982107355864811,0.7257571547652125,0.0087958072641586,0.1807165437302423,2020-07-28,0.77,bmo,1497758620.0,2025-04-24,2020-06-30,0.1298701298701298,56.63206349206349,1480076.2222222222
2020-03-31,WAB,USD,943452,2020-05-06,2020-05-06 11:45:49,2020,Q1,1929900000.0,1420200000.0,509700000.0,0.2641069485,49000000,0.0,0.0,227400000.0,-14800000.0,276400000.0,1696600000.0,0.0,53300000.0,115800000.0,318300000.0,0.1649308254,233300000.0,0.1208870926,-68100000.0,149200000.0,0.0773097052,38000000.0,111200000.0,0.0576195658,0.58,0.58,190800000,191400000,https://www.sec.gov/Archives/edgar/data/943452/000162828020006580/0001628280-20-006580-index.htm,https://www.sec.gov/Archives/edgar/data/943452/000162828020006580/wab-20200331.htm,10.114779874213836,0.5828092243186582,-0.4292452830188679,-0.6037735849056604,3.227987421383648,51.350628930817614,-13.029350104821804,51.162473794549264,24.67714884696017,9183204000.0,13222404000.0,20.645692446043167,4.758383335924141,-112.12703296703296,-79.7153125,0.9407285541600936,0.9407285541600936,6.8513415202860255,41.54069745523091,-161.44571428571427,-114.7778125,0.0121090634597685,-0.0125446412820623,0.4768690200577762,0.2479665052655129,12.689915174363808,1.4224242017708613,4.377110694183865,-0.7365107913669064,0.0025045724781895,0.2068345323741007,0.0,0.0253899165759883,0.6543245388348221,-0.4065934065934066,0.0172547800404166,0.4258312020460358,0.0037825794082594,25.901817262396108,0.0109180226644746,0.017135636576571,-32.56105870020964,1259500000.0,-2486000000.0,-4734300000.0,15166200000.0,1667950000.0,1122350000.0,1779400000.0,77.97295196642314,68.89733840304183,113.16223067173638,1.1542464114832536,1.3062913907284768,0.7953183625469004,0.0113913417607408,0.1745283018867924,2020-05-04,0.99,bmo,1929900000.0,2025-04-24,2020-03-31,-0.0202020202020202,68.65612903225806,1817450.9516129035
2019-12-31,WAB,USD,943452,2020-02-24,2020-02-24 15:43:54,2019,Q4,2368400000.0,1749000000.0,619400000.0,0.2615267691,59600000,0.0,0.0,152100000.0,6900000.0,211700000.0,1960700000.0,0.0,58300000.0,112100000.0,345100000.0,0.1457101841,407700000.0,0.1721415301,-51400000.0,174700000.0,0.0737628779,37700000.0,134800000.0,0.0569160615,0.71,0.71,191100000,191600000,https://www.sec.gov/Archives/edgar/data/943452/000162828020002098/0001628280-20-002098-index.htm,https://www.sec.gov/Archives/edgar/data/943452/000162828020002098/wab-20191231.htm,12.393511250654107,0.7053898482469911,2.3432757718472006,1.9628466771323911,3.161695447409733,52.29513343799058,-12.93040293040293,52.10099424385139,22.982208267922555,14867580000.0,18596980000.0,27.573405044510384,6.277478466475258,33.20138454667262,39.636310317248736,1.4932536533922562,1.4932536533922562,7.852128018915724,53.88866995073892,41.52965609647164,49.57872567315383,0.0090667075610153,0.0252293917369202,0.4352533520815547,0.2294585464519067,10.806722689075633,1.28670963781461,6.993138936535163,3.2686131386861312,0.0015806203834114,0.1743323442136498,0.0,0.0251646681303833,0.6599845389755483,0.1623492630638678,0.0306958284073636,1.2157190635451505,0.0058689410572538,28.75602596885952,0.020333310868543,0.0209916531705493,-32.20264259549974,934100000.0,-2471000000.0,-4700500000.0,15054500000.0,1668600000.0,1151850000.0,1865200000.0,63.2287620334403,59.562607204116645,91.24013722126932,1.42340284872889,1.5110151187904968,0.9864079860131972,0.0135388941897253,0.380429094714809,2020-02-18,1.03,bmo,2391173076.0,2025-04-24,2019-12-31,0.0097087378640776,74.0103125,1337270.015625
2019-09-30,WAB,USD,943452,2019-11-01,2019-11-01 12:05:24,2019,Q3,2001700000.0,1454800000.0,546900000.0,0.2732177649,58600000,0.0,0.0,289100000.0,1900000.0,347700000.0,1802500000.0,0.0,57700000.0,124236000.0,295236000.0,0.1474926313,199200000.0,0.0995154119,-55800000.0,113300000.0,0.0566018884,22700000.0,91100000.0,0.0455113154,0.48,0.48,189600000,191500000,https://www.sec.gov/Archives/edgar/data/943452/000162828019013038/0001628280-19-013038-index.htm,https://www.sec.gov/Archives/edgar/data/943452/000162828019013038/wab-20190930x10q.htm,10.557489451476794,0.4804852320675105,0.6528270042194093,0.3852478902953586,3.098101265822785,51.315400843881854,-13.61181434599156,51.14135021097047,24.74261603375528,13624656000.0,17670756000.0,37.38928649835346,6.806542438926912,110.07510341261631,186.5292498938981,1.4051252011055648,1.4051252011055648,8.827874306839187,59.85298540828354,142.7639930196484,241.9226483030544,0.0066864073485598,0.0053610894836537,0.4778577616434966,0.2451470564893735,13.704629516725603,1.3787239363531214,3.452339688041594,1.3652919180666012,0.001754172729205,0.2623490669593853,0.0,0.0292751161512714,0.6513023189371935,0.4098775206825232,0.0253449567867312,0.4890587645561811,0.006094819403507,23.513505253326,0.0100645533799228,0.0138225074726508,-33.4940664556962,1211500000.0,-2580800000.0,-4761100000.0,15144400000.0,1690354500.0,1189398500.0,1919545500.0,75.23455063196283,70.90871597470444,121.08674731921914,1.1962588896193151,1.269237480369918,0.7432687886374086,0.0093952394703188,0.2675791139240506,2019-10-31,1.0,bmo,1962832038.0,2025-04-24,2019-09-30,0.03,71.119375,1955606.390625
2019-06-30,WAB,USD,943452,2019-08-01,2019-08-01 13:25:23,2019,Q2,2236284000.0,1687568000.0,548716000.0,0.2453695506,57120000,0.0,0.0,294559000.0,2177000.0,351679000.0,2039247000.0,60000.0,58560000.0,109102000.0,311916000.0,0.139479601,197037000.0,0.0881091132,-52783000.0,144254000.0,0.0645061182,41400000.0,103365000.0,0.0462217679,0.58,0.54,177300000,191500000,https://www.sec.gov/Archives/edgar/data/943452/000162828019009750/0001628280-19-009750-index.htm,https://www.sec.gov/Archives/edgar/data/943452/000162828019009750/wab-20190630x10q.htm,12.612994923857867,0.582994923857868,2.3270501974055278,2.1457360406091373,2.602205301748449,55.47183869148336,-15.114890016920471,55.28347433728145,25.873254371122396,13006728000.0,17074125000.0,31.458249891162385,5.816223699673208,31.52488935640085,34.18873459345651,1.3269788282920618,1.3269788282920618,7.635043223490397,54.73949717231562,41.38319041363498,44.88005961533912,0.0079470409468084,0.0292494007716621,0.4620362057426421,0.2390785675435248,13.040039626053169,1.3169495985289514,3.364702868852459,4.011375347580065,0.0017375622831506,0.2186426740192521,0.0,0.0255423729723058,0.660681829567895,0.0779158769323244,0.0143751866936399,0.3224308439148663,0.0068864240856706,26.92906720473048,0.0088715383327362,0.0160815151489693,-36.23583051325437,1017825000.0,-2679870000.0,-4878296000.0,15178949000.0,1717116500.0,1209929000.0,1914505500.0,68.7152481527391,65.73585775506528,100.3581426052165,1.3097529648725057,1.3691157775006757,0.8967882193080953,0.0105455550839849,0.1813141567963903,2019-07-30,0.98,bmo,2046410830.0,2025-04-24,2019-06-30,0.0816326530612245,70.89634920634921,2087490.476190476
2019-03-31,WAB,USD,943452,2019-05-09,2019-05-09 12:29:40,2019,Q1,1593617000.0,1232042000.0,361575000.0,0.2268895224,34545000,0.0,0.0,200823000.0,-8228000.0,235368000.0,1467410000.0,0.0,44569000.0,55962000.0,115041000.0,0.0721886124,126207000.0,0.0791953148,-52790000.0,14510000.0,0.0091050736,18523000.0,-4472000.0,-0.002806195,-0.0377,-0.0369,118567702,121200000,https://www.sec.gov/Archives/edgar/data/943452/000162828019006382/0001628280-19-006382-index.htm,https://www.sec.gov/Archives/edgar/data/943452/000162828019006382/wab-20190331x10q.htm,13.440565795902833,-0.0377168480502388,0.2643046923520538,0.0136462120181767,4.325545585761627,82.4882816738744,-22.991488862624664,81.70729327283412,39.520501122641306,8853450308.34,12981866308.34,-494.93796446444543,5.555569693558741,282.5148480547578,5471.848151013597,0.9138719079906926,0.9138719079906926,8.146164547905801,112.84556208951592,414.25318489820665,8023.403157194067,-0.0005051138080921,0.0001827536094573,0.4790833793187877,0.2432806956529032,35.88647525664763,1.3462051016535896,2.8317216002153964,-7.80912035883379,0.0013215186839619,-2.616279069767442,0.0,0.0216771030931522,0.6555486045244485,0.9483693917927116,0.0186493994479225,0.5310746578035095,0.0053337784423735,,-0.0021619499469976,-0.0006805235587912,-54.95477174719976,1126702000.0,-2726048000.0,-4916322000.0,15268162000.0,1264008500.0,888330500.0,1396053000.0,97.52290544089328,86.72877223341412,142.24336508008656,0.9228601177653312,1.0377179070145486,0.6327184396216144,-0.0004616093195535,0.2506584803338771,2019-04-25,0.8,bmo,1277900424.0,2025-04-24,2019-03-31,0.325,72.07819672131149,2238044.295081967
2018-12-31,WAB,USD,943452,2019-02-27,2019-02-27 13:55:48,2018,Q4,1117876000.0,830492000.0,287384000.0,0.2570803917,25881000,0.0,0.0,144647000.0,422000.0,170528000.0,1001020000.0,0.0,10633000.0,26323000.0,94516000.0,0.084549628,116856000.0,0.1045339555,-35896000.0,57560000.0,0.0514905052,22654000.0,34354000.0,0.0307314944,0.36,0.36,96324000,96674000,https://www.sec.gov/Archives/edgar/data/943452/000162828019002095/0001628280-19-002095-index.htm,https://www.sec.gov/Archives/edgar/data/943452/000162828019002095/wab1231201810k.htm,11.605373530999543,0.3566504713259416,2.871901083842033,2.570075993521864,6.0307711473776,29.785671276109795,-6.824353224533865,29.744726132635687,39.48555915452016,6766761000.0,9978627000.0,49.24289020201432,6.053230411959824,24.461148886792248,27.33382210373243,2.361763214317252,2.361763214317252,8.926416704536102,105.57606119598798,36.07171595579703,40.3079132331556,0.0050768750366682,0.0365847116515567,1.3237698380981533,0.4385098148575931,33.98224639214524,2.7021886329545937,10.989936988620332,7.925084512691228,0.0017135229100008,0.337515282063224,0.0,0.0231519417180438,0.4077151803269515,0.1050959213109065,0.0260073568088052,1.1044713748432928,0.0043215884409362,15.449614505869569,0.010027996004112,0.0067060851368682,-43.352780719239234,2802977000.0,-657349000.0,-1330492000.0,6893138000.0,1020857000.0,573424500.0,855545500.0,64.5039074101242,63.872981317098784,91.5598705345747,1.395264312094589,1.4090464879538511,0.9829633820420745,0.0119903767052885,0.3018250903201694,2019-02-25,1.02,bmo,1175498474.0,2025-04-24,2018-12-31,-0.0490196078431372,87.2447619047619,1046469.253968254
2018-09-30,WAB,USD,943452,2018-10-30,2018-10-30 16:16:50,2018,Q3,1077814000.0,785664000.0,292150000.0,0.2710579005,20132000,0.0,0.0,137739000.0,4094000.0,157871000.0,943535000.0,4928000.0,28628000.0,29747000.0,161042000.0,0.1494153908,134279000.0,0.1245845758,-31612000.0,102667000.0,0.0952548399,16598000.0,87700000.0,0.0813683994,0.91,0.91,96200000,96600000,https://www.sec.gov/Archives/edgar/data/943452/000162828018013088/0001628280-18-013088-index.htm,https://www.sec.gov/Archives/edgar/data/943452/000162828018013088/wab-20180930x10q.htm,11.203887733887736,0.9116424116424116,-0.3104573804573804,-0.5652286902286903,4.276309771309771,30.25313929313929,-6.857318087318087,30.095322245322244,40.47533264033264,10002876000.0,13456594000.0,28.51446978335234,9.28070706077301,-334.92519922319696,-183.9609379310345,3.45502198489208,3.45502198489208,12.485079985971606,83.55953105401076,-450.5656599477667,-247.4775908045977,0.0087674784731911,-0.0054359366246267,1.3350162512045924,0.4518878607907706,21.44606996932477,2.844911399320261,4.690477853849378,-0.34700066225935,0.0011600663649134,0.1323147092360319,0.0,0.0186785475044859,0.4173894154088761,-0.8206321569677895,0.0227395450420944,0.8239150166403335,0.0060464978187331,24.84580192698204,0.0159222120198174,0.0175991330871729,-40.20789760914761,2823255000.0,-659674000.0,-1289326000.0,6950704000.0,1226877500.0,586563000.0,864999000.0,103.58641658022628,63.85733596041056,99.22619593108504,0.8688397858641651,1.4093917111699903,0.9070185464179956,0.0302918308769433,0.2547713097713098,2018-10-30,0.95,bmo,1077814000.0,2025-04-24,2018-09-30,0.0,107.79920634920636,894290.9841269841
2018-06-30,WAB,USD,943452,2018-07-31,2018-07-31 15:58:30,2018,Q2,1111680000.0,797612000.0,314068000.0,0.2825165515,19388000,0.0,0.0,159157000.0,2171000.0,178545000.0,976157000.0,176000.0,32096000.0,25373000.0,151923000.0,0.1366607297,135523000.0,0.121908283,-29749000.0,93774000.0,0.0843534111,10503000.0,84163000.0,0.0757079375,0.88,0.87,95992000,96575000,https://www.sec.gov/Archives/edgar/data/943452/000162828018009841/0001628280-18-009841-index.htm,https://www.sec.gov/Archives/edgar/data/943452/000162828018009841/wab-20180630x10q.htm,11.580965080423368,0.8767709809150762,0.4552879406617218,0.2234248687390616,2.558275689640803,29.946537211434286,-7.587746895574632,29.765813817818152,19.688119832902743,9462891360.0,11075123360.0,28.108822641778456,8.512243955094991,216.5223174080176,441.222145754651,3.311853007055661,3.311853007055661,9.96251021876799,72.89958307826991,253.41212154493869,516.3949904415535,0.0088940046755434,0.0022664320221044,0.6502008903572628,0.2782143780270953,10.61216537324829,1.5231470530380935,4.222426602144398,0.5248405807544043,0.0012221423199346,0.1374119268562194,0.0,0.0174402705814622,0.5395632806128424,0.5092668863261944,0.0200210492227979,0.8771922910180112,0.007454483304548,24.232221112036736,0.0236049433197779,0.0273735085531033,-23.0809025752146,840419000.0,-728363000.0,-1356091000.0,4999244000.0,1240965500.0,611996500.0,846534500.0,98.22166450777202,69.47103353510228,97.46765344553492,0.9162947955629336,1.295503973674508,0.9233832642774368,0.0294556361294657,0.2318630719226602,2018-07-24,0.93,bmo,1076959375.0,2025-04-24,2018-06-30,0.0,92.99640625,788719.28125
2018-03-31,WAB,USD,943452,2018-05-04,2018-05-04 16:52:21,2018,Q1,1056177000.0,755648000.0,300529000.0,0.2845441626,22049000,0.0,0.0,142301000.0,2586000.0,164350000.0,919998000.0,0.0,19605000.0,27854000.0,162156000.0,0.1535310843,136179000.0,0.128935775,-17698000.0,113581000.0,0.10753974,26124000.0,88101000.0,0.0834149958,0.92,0.92,95810000,96371000,https://www.sec.gov/Archives/edgar/data/943452/000162828018005984/0001628280-18-005984-index.htm,https://www.sec.gov/Archives/edgar/data/943452/000162828018005984/wab-20180331x10q.htm,11.023661413213652,0.919538670284939,0.2525832376578645,0.0702849389416553,2.6081411126187244,31.189113871203425,-8.060922659430123,30.9896461747208,19.733649932157395,7798934000.000001,9420124000.0,22.130662535045005,7.384116488050773,322.27000000000004,1158.142857142857,2.6266837491807333,2.6266837491807333,8.919077010766188,58.09297219961025,389.2613223140496,1398.889812889813,0.0112965438609943,0.0008634513383495,0.6301790632773773,0.2721255956232463,9.997718246626706,1.4962027805015388,6.946136189747514,0.2767074104988737,0.0014785353998379,0.1308838719197285,0.0,0.0208762357067044,0.5469263782543394,0.7217355371900827,0.0165370009004172,0.6270553600919078,0.0053930354476569,25.321216515253152,0.019869551679943,0.0282806915048142,-23.70843596701805,817766000.0,-772317000.0,-1421738000.0,5151713000.0,1217742000.0,580420500.0,785955000.0,108.10946460678466,72.4523058355213,98.76932116541036,0.8324895542434482,1.2421964899821802,0.9112141193040676,0.0296724481815812,0.1822982987162091,2018-04-24,0.9,bmo,1033239130.0,2025-04-24,2018-03-31,0.0999999999999999,80.49459016393443,810863.9672131147
2017-12-31,WAB,USD,943452,2018-02-26,2018-02-26 16:30:27,2017,Q4,1075538000.0,816575000.0,258963000.0,0.2407753143,23655000,0.0,0.0,132845000.0,1200000.0,156500000.0,973075000.0,1253000.0,18932000.0,26278000.0,143686000.0,0.1335945359,102463000.0,0.0952667409,-16479000.0,74684000.0,0.0694387367,24997000.0,49443000.0,0.0459704817,0.51,0.51,95714000,96368000,https://www.sec.gov/Archives/edgar/data/943452/000162828018002245/0001628280-18-002245-index.htm,https://www.sec.gov/Archives/edgar/data/943452/000162828018002245/wab1231201710k.htm,11.23699772238126,0.516570198717011,1.6956767035125475,1.390569822596485,2.438525189627432,29.551915080343523,-8.734187266230645,29.3464696909543,19.74068579309192,7793991020.000001,9431118020.0,39.40897103735615,7.246597535372995,48.022125816389405,58.55872799537181,2.7747800964659075,2.7747800964659075,8.76874459107907,65.63700026446557,58.10916833025262,70.85898269683013,0.0063437332520816,0.017076873665682,0.665936597946219,0.2842756360961583,11.393782275239063,1.4396935162998226,5.41215930699345,3.266447964256244,0.0014787032690217,0.2330966972068847,0.0,0.0219936441111332,0.5569190179909361,0.179932224276032,0.0271519927701299,1.1113098409315778,0.006274069349479,18.468595311981023,0.0134883681010784,0.0169588785867361,-23.73362047349395,691783000.0,-835984000.0,-1486335000.0,4930271000.0,1155563000.0,532715000.0,753707500.0,97.63562979643676,60.89734562042678,81.85048525854943,0.9217946377530776,1.4778969277408265,1.099565869593905,0.0176024647651651,0.3051068809160624,2018-02-20,0.9,bmo,1099400000.0,2025-04-24,2017-12-31,0.0,76.44888888888889,693143.2380952381
2017-09-30,WAB,USD,943452,2017-11-01,2017-11-01 14:59:34,2017,Q3,957931000.0,713373000.0,244558000.0,0.2552981373,24709000,0.0,0.0,56438000.0,-2933000.0,81147000.0,794520000.0,0.0,17396000.0,25919000.0,134775000.0,0.1406938496,163411000.0,0.1705874431,-20481000.0,81185000.0,0.084750363,12746000.0,67198000.0,0.0701491026,0.7,0.7,95709000,96316000,https://www.sec.gov/Archives/edgar/data/943452/000162828017010480/0001628280-17-010480-index.htm,https://www.sec.gov/Archives/edgar/data/943452/000162828017010480/wab-20170930x10q.htm,10.008787052419311,0.7021074298132882,0.4201694720454711,0.1919986626127114,2.38305697478816,0.0,-36.8321056535958,28.39546960056003,19.760942022171378,7249956750.0,8895780750.0,26.97236803922736,7.568349651488468,180.28439722484703,394.5339981497606,2.667679072245596,2.667679072245596,9.286452521110602,66.00468002225932,221.21103968767096,484.0977769917283,0.0092687449480302,0.0025346358100687,0.6895178352887844,0.2905435178653105,12.21164162493044,1.5538848400480405,9.393596229018163,0.5875889478221482,0.0015884232688698,0.1713741480401202,0.0,0.0257941333979169,0.5465667129224067,0.5430447107972348,0.0227970490567692,0.8425479378062425,0.002776817954529,21.17959109711015,0.0273652588235768,0.0229777130066616,-52.04239152012872,811685000.0,-3525164000.0,-4172525000.0,4887216000.0,1136665000.0,530527500.0,755508500.0,107.51349523086736,64.70871479576603,96.48569542160972,0.8371042147475529,1.390848207757772,0.9327807568441162,0.0247260369238422,0.2281708094327597,2017-10-24,0.84,bmo,914359090.0,2025-04-24,2017-09-30,-0.0714285714285713,76.97190476190475,867592.1111111111
2017-07-01,WAB,USD,943452,2017-08-03,2017-08-03 09:44:08,2017,Q2,932253000.0,667640000.0,264613000.0,0.2838424762,23338000,0.0,0.0,75674000.0,-1552000.0,99012000.0,766652000.0,0.0,14854000.0,25822000.0,149567000.0,0.1604360619,165601000.0,0.1776352557,-16628000.0,96729000.0,0.1037583145,24569000.0,71809000.0,0.0770273735,0.75,0.75,95641000,96284000,https://www.sec.gov/Archives/edgar/data/943452/000162828017007925/0001628280-17-007925-index.htm,https://www.sec.gov/Archives/edgar/data/943452/000162828017007925/wab-20170630x10q.htm,9.7474200395228,0.7508181637582209,0.1295783189218013,-0.0701059169184763,3.434949446367144,27.02158070283665,-9.29145450173043,26.83845840173148,20.91311257724198,8751151500.0,10407926500.0,30.466764263532426,9.38709931745996,706.136649721617,-1305.1680089485458,3.409286726919341,3.409286726919341,11.164272466808905,69.58705128805151,839.8230049221335,-1552.2634601043997,0.0082056629918931,-0.0007661848843549,0.7734349829382782,0.3083362583362583,11.077142685217996,1.5820866217438916,11.148579507203449,0.1717433481152993,0.0010975698455226,0.1337576069851968,0.0,0.0250339768281786,0.5393935770041964,1.5410312273057372,0.0204858552345768,0.7396018898613586,0.0066366104480221,21.293028113540167,0.0246713308913957,0.0242129664753137,-24.110849426501183,862710000.0,-888644000.0,-1509560000.0,4883567000.0,1090266500.0,530190000.0,725058500.0,108.99314885551456,73.8923671439698,100.59499131268348,0.8257399748979398,1.2179877770683207,0.8946767510546262,0.0279754579238344,0.1996842358402777,2017-07-25,0.94,bmo,1095397274.0,2025-04-24,2017-07-01,-0.1489361702127658,83.35777777777778,757049.2063492064
2017-03-31,WAB,USD,943452,2017-05-04,2017-05-04 16:58:20,2017,Q1,916034000.0,655371000.0,260663000.0,0.2845560318,23464000,0.0,0.0,64641000.0,2319000.0,88105000.0,743476000.0,0.0,17123000.0,25229000.0,143433000.0,0.1565804326,172558000.0,0.188375104,-15047000.0,99465000.0,0.1085822142,27461000.0,73666000.0,0.0804184124,0.77,0.77,95243000,95991000,https://www.sec.gov/Archives/edgar/data/943452/000162828017004956/0001628280-17-004956-index.htm,https://www.sec.gov/Archives/edgar/data/943452/000162828017004956/wab-20170331x10q.htm,9.617861680123474,0.7734531671618912,-0.2739938893147003,-0.4769169387776529,2.9417280010079483,24.87078315466753,-9.542150079270918,24.690433942651957,19.81373959241099,7428954000.0,9018772000.0,25.21161051231233,8.109910767504262,-284.6778816676885,-163.5504920414768,3.1591182310189145,3.1591182310189145,9.845455518026624,62.87794301171976,-345.59978540772534,-198.55077824009865,0.0099160662456652,-0.0061143197279186,0.7952050335283645,0.310069361135048,11.084046209728584,1.4722187674790184,10.07755650294925,-0.3624243097605688,0.001288472105225,0.1299378274916515,0.0,0.0256147697574544,0.5434664052573257,-0.7406115879828327,0.0210985618437743,0.7660628641642554,0.006213743158005,20.7287269859916,0.0268821266101705,0.0267554519872095,-23.53301554969919,694826000.0,-908823000.0,-1495898000.0,4496476000.0,997025000.0,521220500.0,681195500.0,103.31361063017312,70.34290501105481,96.66172290198986,0.8711340108145942,1.2794467329129493,0.931082100525515,0.0313260256566724,0.2029230494629526,2017-04-25,0.82,bmo,894190476.0,2025-04-24,2017-03-31,0.024390243902439,82.56258064516129,804348.5161290322
2016-12-31,WAB,USD,943452,2017-02-28,2017-02-28 09:55:44,2016,Q4,759982000.0,547391000.0,212591000.0,0.2797316252,19104000,0.0,0.0,101187000.0,-3076000.0,120291000.0,667682000.0,608000.0,27272000.0,20420000.0,127520000.0,0.1677934477,92300000.0,0.1214502449,-29740000.0,33060000.0,0.0435010303,-13268000.0,37699000.0,0.0496051222,0.42,0.42,89445000,90228000,https://www.sec.gov/Archives/edgar/data/943452/000162828017001863/0001628280-17-001863-index.htm,https://www.sec.gov/Archives/edgar/data/943452/000162828017001863/wab1231201610k.htm,8.496640393537929,0.4214768852367376,2.262999608698083,2.0557213930348257,4.455072949857454,33.28106657722623,-1.7426127788026162,24.662943708424173,21.46624182458494,7425723900.0,8920015900.0,49.24350712220483,9.770920758649549,36.685821632891,40.38484995159729,3.3661837362764886,3.3661837362764886,11.737141011234476,69.94993648055207,44.06817660833737,48.51156716012052,0.005076811433832,0.024761760937543,0.8580216384848981,0.287611430328864,11.718099121706398,1.9822713199353807,3.3844235846289235,4.369150405802107,0.0011994790164498,0.2362662139579299,0.0,0.0251374374656241,0.4760195155217627,0.0915944549290068,0.0243953146258727,0.9079333986287952,0.0079278193430897,15.293278446343718,0.0245700139421761,0.0109325542111024,-24.25594499413047,1420992000.0,-155868000.0,-736562000.0,5072061000.0,783367000.0,403375000.0,577254000.0,111.6154329970973,87.17532805617923,108.26977425642733,0.8063401053359759,1.0324021945979998,0.8312569285204476,0.017089480080708,0.2072782156632567,2017-02-21,0.94,bmo,881975308.0,2025-04-24,2016-12-31,-0.1382978723404254,82.41857142857143,1014572.8253968254
2016-09-30,WAB,USD,943452,2016-11-07,2016-11-07 15:09:47,2016,Q3,675574000.0,468432000.0,207142000.0,0.3066162996,16289000,0.0,0.0,67157000.0,308000.0,83446000.0,551878000.0,338000.0,6395000.0,16282000.0,136378000.0,0.2018698174,123696000.0,0.1830976325,-4869000.0,115227000.0,0.1705616261,32799000.0,82183000.0,0.1216491458,0.92,0.91,89589000,90293000,https://www.sec.gov/Archives/edgar/data/943452/000162828016020920/0001628280-16-020920-index.htm,https://www.sec.gov/Archives/edgar/data/943452/000162828016020920/wab-20160930x10q.htm,7.54081416245298,0.9173336012233644,0.3674223397961803,0.2270926118161828,2.794785074060432,19.3158869950552,4.422183526995502,19.277746151871323,9.223219368449252,7314941850.000001,7884463850.000001,22.25199204823382,10.827743296811306,222.22383115107692,359.5449422462522,4.235453634297083,4.235453634297083,11.67076271437326,57.81331189781344,239.5255901206064,387.5381592528877,0.0112349491882837,0.0027812934698858,0.4747358827705124,0.2391675760474214,4.17605478889557,2.712493299303127,19.3426114151681,0.3993424564468384,0.0012246167069667,0.1090006449022303,0.0,0.0241113482756885,0.3892213804676974,0.3819303095664854,0.0186093603365434,0.7721410146173688,0.0075713393351431,19.94725035617025,0.0315644721095815,0.0392498012030498,-8.160773085981537,1070197000.0,396179000.0,-2534000.0,2762479000.0,605288500.0,290849500.0,494720000.0,83.15941702907453,53.1315324316016,95.29626498616662,1.0822586691358578,1.6939093581737117,0.944423162996625,0.0475851063706592,0.1403297279799975,2016-10-25,0.99,bmo,711536170.0,2025-04-24,2016-09-30,-0.0505050505050505,73.4096875,905412.453125
2016-06-30,WAB,USD,943452,2016-07-28,2016-07-28 14:58:16,2016,Q2,723601000.0,486212000.0,237389000.0,0.328066158,18029000,0.0,0.0,80610000.0,-1229000.0,104105000.0,590317000.0,0.0,4969000.0,5466000.0,150145000.0,0.2074969493,133284000.0,0.1841954337,-6198000.0,127086000.0,0.1756299397,36601000.0,90215000.0,0.1246750626,1.0,1.0,89846000,90559000,https://www.sec.gov/Archives/edgar/data/943452/000162828016017885/0001628280-16-017885-index.htm,https://www.sec.gov/Archives/edgar/data/943452/000162828016017885/wab-20160630x10q.htm,8.053792044164458,1.0041070275805266,1.5405248981590722,1.422545244084322,3.371713821427776,19.208857378180443,4.8466487100149145,19.172105602920556,8.33896890234401,6309884580.0,6751203580.0,17.485685806129805,8.720115892598269,45.58835763311899,49.36925577028401,3.663134423237353,3.663134423237353,9.330008637356777,44.96455812714376,48.77684834910772,52.82218590094672,0.0142974089075968,0.0202555210605769,0.4320685128969653,0.2202458809728704,2.939285357487762,2.558653047466564,26.82310324008855,1.5296457976460187,0.001142651645777,0.0799201906556559,0.0,0.0249156648484454,0.3818621352534745,0.0765840618452424,0.0146489570909935,0.6286697111677837,0.005753170600925,20.812112682562805,0.0349559393533974,0.0431896836905624,-7.389730761525277,1035806000.0,435452000.0,47001000.0,2674843000.0,603068500.0,304703500.0,486082500.0,72.92912806919836,56.48647092214918,91.33830510147835,1.2340748118447824,1.5933018744265304,0.9853478220337952,0.0523733307325183,0.1179796540747501,2016-07-25,1.08,bmo,744274285.0,2025-04-24,2016-06-30,-0.0277777777777778,77.6978125,826480.84375
2016-03-31,WAB,USD,943452,2016-04-28,2016-04-28 12:11:12,2016,Q1,772031000.0,516851000.0,255180000.0,0.3305307688,17953000,0.0,0.0,89751000.0,154000.0,112999000.0,629850000.0,0.0,4871000.0,5295000.0,158413000.0,0.205189947,142181000.0,0.1841648846,-4717000.0,137464000.0,0.1780550263,43301000.0,93880000.0,0.1216013347,1.03,1.02,91258000,92149000,https://www.sec.gov/Archives/edgar/data/943452/000162828016014887/0001628280-16-014887-index.htm,https://www.sec.gov/Archives/edgar/data/943452/000162828016014887/wab-20160331x10q.htm,8.459872011220934,1.0287317276293586,0.8280479519603761,0.7348616011746916,2.879462622455017,18.39165881347389,4.094523219882093,18.371660566744836,8.841471432641521,7235846820.000001,7775056820.000001,19.26887201746911,9.372482218978254,95.7553240875526,107.89786794309744,4.315886400793053,4.315886400793053,10.070912722416589,49.08092656537027,102.89094063467698,115.9383379559214,0.0129742934497333,0.0092680237252451,0.4783506236874172,0.2372182791866386,3.4038241810962484,2.564462616396115,29.18928351467871,0.8025020443273897,0.0010164670677757,0.0783446953557733,0.0,0.0232542475625978,0.3859245707727643,0.1125373845380197,0.0110151017251897,0.5239034006899951,0.0071370191093362,20.62132337098108,0.035764938446941,0.0452203383625786,-8.058734576694645,1028897000.0,373658000.0,-15834000.0,2687498000.0,609287500.0,311886000.0,478648500.0,72.25194325098344,52.97896298933348,83.36071711189491,1.245641237459381,1.6987874983155131,1.0796452228115214,0.0559955766596026,0.0931863507856845,2016-04-26,1.0,bmo,735238095.0,2025-04-24,2016-03-31,0.05,69.28901639344262,1254014.4098360655
2015-12-31,WAB,USD,943452,2016-02-19,2016-02-19 14:03:28,2015,Q4,832849000.0,565221000.0,267628000.0,0.321340363,19361000,0.0,0.0,91404000.0,2379000.0,116419000.0,681640000.0,0.0,4190000.0,5654000.0,167776000.0,0.2014482817,151209000.0,0.1815563205,-1811000.0,149398000.0,0.1793818567,47619000.0,101474000.0,0.1218396132,1.06,1.05,95367000,96278000,https://www.sec.gov/Archives/edgar/data/943452/000162828016011421/0001628280-16-011421-index.htm,https://www.sec.gov/Archives/edgar/data/943452/000162828016011421/wab1231201510k.htm,8.733094256923254,1.0640368261557982,2.02327849256032,1.8518460264032632,2.3717952750951588,17.839913177514234,4.217947508047857,17.8217517589942,7.3391948997032515,6782501040.0,7252037040.0,16.709947966966908,8.14373438642539,35.15087036288442,38.40492081198154,3.9906290336530734,3.9906290336530734,8.70750525005133,43.22451983597177,37.58427936192046,41.06359978483055,0.0149611477243503,0.0260383299550515,0.4093458075896369,0.2108049637385295,2.798588594316231,2.425550862245328,36.088066825775655,1.8958134782224232,0.0011276076413251,0.0753690600547923,0.0,0.0232467109884264,0.3936224655981892,0.0847300392839744,0.0196302090775158,0.9868413110400192,0.0071165361307992,20.655931448593066,0.0390790191003293,0.0507053345185931,-7.1767618777984,947672000.0,402253000.0,13452000.0,2599951000.0,612066500.0,319375000.0,498030000.0,64.70681960355358,50.87788670272336,76.20321962559778,1.3908889441856815,1.768941397386746,1.1810524600166328,0.0597043904855651,0.1714324661570564,2016-02-18,1.05,bmo,832800000.0,2025-04-24,2015-12-31,0.0,79.8746875,1267898.96875
2015-09-30,WAB,USD,943452,2015-10-29,2015-10-29 14:18:13,2015,Q3,809527000.0,552458000.0,257069000.0,0.317554572,17239000,0.0,0.0,82206000.0,-2937000.0,104991000.0,657449000.0,0.0,4351000.0,5546000.0,168633000.0,0.208310532,152078000.0,0.1878603184,-7288000.0,144790000.0,0.1788575304,45609000.0,98885000.0,0.1221515774,1.03,1.02,96369000,97368000,https://www.sec.gov/Archives/edgar/data/943452/000162828015008000/0001628280-15-008000-index.htm,https://www.sec.gov/Archives/edgar/data/943452/000162828015008000/wab-20150930x10q.htm,8.400284323797072,1.0261079807822018,1.498199628511243,1.3714057425105584,2.160871234525626,20.60248627670724,7.216636055162967,20.5890587222032,4.725274725274725,8485290450.0,8728068450.0,21.45242061485564,10.481788068835256,58.770539202105546,64.20419374853398,4.276543245031744,4.276543245031744,10.781689122166402,51.75777250004448,60.45206018839174,66.04118045414306,0.0116536965449426,0.0155753065588933,0.2273112828837782,0.1356006857317408,1.43968262439736,2.520573620367556,34.95242472994714,1.455722366179006,0.0009115775170666,0.0782221772766344,0.0,0.0212951513661681,0.3878380027912721,0.0846308352957473,0.0150939993354143,0.7380851706433101,0.0063036810384335,21.80248708546888,0.0389890751865386,0.0485658619096007,-4.198954020483765,995442000.0,695460000.0,309450000.0,2636657000.0,652806500.0,348341000.0,526244000.0,69.52326482007395,52.00440576478212,84.30277052735231,1.2945306903080545,1.7306226016132822,1.067580572228041,0.0498375372389243,0.1267938860006848,2015-10-22,1.04,bmo,825372549.0,2025-04-24,2015-09-30,-0.0192307692307692,95.3678125,592649.015625
2015-06-30,WAB,USD,943452,2015-07-30,2015-07-30 13:59:11,2015,Q2,847028000.0,579264000.0,267764000.0,0.3161217811,17750000,0.0,0.0,88992000.0,-346000.0,111904000.0,691168000.0,0.0,4041000.0,16043000.0,171903000.0,0.2029484267,155860000.0,0.1840080847,-5928000.0,149932000.0,0.1770094967,48428000.0,101200000.0,0.1194765698,1.05,1.04,96338000,97435000,https://www.sec.gov/Archives/edgar/data/943452/000156459015005849/0001564590-15-005849-index.htm,https://www.sec.gov/Archives/edgar/data/943452/000156459015005849/wab-10q_20150630.htm,8.792252278436338,1.0504681434117378,0.6982187714089975,0.5694845232410887,2.749112499740497,20.306960908468103,6.610351055658203,20.29674687039382,4.202568041686562,9078893120.0,9214875120.0,22.428095652173912,10.718527746426329,134.97202289452167,165.48298707690066,4.643108602663055,4.643108602663055,10.879067893859473,53.60508612415141,136.99360915780866,167.96156097916628,0.011146733270498,0.0060429172669894,0.2049895977595804,0.1215315499149061,0.7910391325340453,2.2586204678304056,38.56966097500619,0.6626832440100883,0.0006388443969257,0.0573122529644268,0.0,0.0209556236629721,0.4000772560635246,0.1843752322901955,0.0146417827982073,0.7730474350183881,0.0073504063620092,21.90261251655641,0.0405972386940235,0.0511467847018551,-3.106191222570533,880439000.0,636828000.0,238175000.0,2556913000.0,672969000.0,379371000.0,525473500.0,72.2812114829734,58.64533269804441,83.12303198541598,1.2451368502754057,1.5346489798838012,1.08273240100037,0.05175549313984,0.1287342481679088,2015-07-23,1.02,bmo,830711538.0,2025-04-24,2015-06-30,0.0196078431372549,98.18539682539684,486927.5555555556
2015-03-31,WAB,USD,943452,2015-04-30,2015-04-30 12:14:06,2015,Q1,818594000.0,563239000.0,255355000.0,0.3119434054,16863000,0.0,0.0,84771000.0,-2866000.0,106935000.0,670174000.0,0.0,4306000.0,5301000.0,163989000.0,0.2003300782,148420000.0,0.1813108818,-7172000.0,141248000.0,0.1725495178,45084000.0,95780000.0,0.1170054997,1.0,0.99,96243000,97385000,https://www.sec.gov/Archives/edgar/data/943452/000156459015003068/0001564590-15-003068-index.htm,https://www.sec.gov/Archives/edgar/data/943452/000156459015003068/wab-10q_20150331.htm,8.505491308458797,0.995189260517648,0.4536537722223954,0.3657720561495381,2.5886038465135126,18.88297330714961,5.629604230957057,18.871471171929382,4.41892916887462,9144047430.0,9315897430.0,23.867319456045102,11.17043055531802,209.43284464396143,259.7519367667528,5.034583638679101,5.034583638679101,11.380363684561578,56.80806291885431,213.36885160669704,264.63362298667727,0.0104745738397815,0.0038498269250556,0.2317884076339837,0.1329073621621041,1.0479361420583089,2.161540683761421,34.46818392940084,0.4540264548063724,0.0006321052077045,0.0603466276884527,0.0,0.0205999555335123,0.4026965054852286,0.1937197956986784,0.0103323503470584,0.5432590404007964,0.0107049404222361,20.556396143551808,0.0408709063646399,0.0506246686642392,-3.5721429090946875,808164000.0,541810000.0,153780000.0,2432751000.0,648447500.0,390565000.0,513447000.0,73.18672015675659,60.92555735664612,82.44288836532982,1.2297312928797943,1.477212583762802,1.0916648092335424,0.0527351180759004,0.0878817160728572,2015-04-22,0.95,bmo,785525252.0,2025-04-24,2015-03-31,0.0421052631578947,90.18770491803278,492305.0163934426
2014-12-31,WAB,USD,943452,2015-02-20,2015-02-20 14:12:04,2014,Q4,820866000.0,566569000.0,254297000.0,0.309791123,18328000,0.0,0.0,93117000.0,-1752000.0,117334000.0,683903000.0,0.0,4005000.0,5889000.0,153247000.0,0.1866894231,136963000.0,0.166851837,-5757000.0,131206000.0,0.159838512,38520000.0,92686000.0,0.1129124607,0.96,0.95,95894000,97056000,https://www.sec.gov/Archives/edgar/data/943452/000156459015000794/0001564590-15-000794-index.htm,https://www.sec.gov/Archives/edgar/data/943452/000156459015000794/wab-10k_20141231.htm,8.560139320499719,0.966546394977788,2.525924458255991,2.351930256324692,4.44083050034413,18.8572590568753,5.455555092080839,18.84624689761612,5.476880722464387,8332229660.0,8427575660.0,22.47434795977817,10.150535726903051,34.399286849612544,36.94412271211692,4.610467032085354,4.610467032085354,10.266688667821544,54.99341363941872,34.79291911105973,37.36687562074347,0.0111237932440762,0.0270679048949786,0.2883924787051208,0.1577542623873243,0.6221720490450058,2.216918741421924,34.1980024968789,2.613350452063958,0.0006930917936316,0.0623071445525753,0.0,0.0223276393467386,0.3889845183227643,0.0688833750995991,0.0203260946366398,1.0246253991648244,0.0085604715020478,20.24487268296405,0.037708275558755,0.0459137523294717,-3.5539241245541957,899062000.0,523155000.0,142321000.0,2523316000.0,673167000.0,394564500.0,500001000.0,69.2078122373201,63.5157412424612,81.16471250633198,1.3004312243158551,1.4169715764858883,1.1088562654981222,0.0512858820235474,0.1739942019312991,2015-02-18,0.94,bmo,812258947.0,2025-04-24,2014-12-31,0.0106382978723404,84.183125,716447.46875
2014-09-30,WAB,USD,943452,2014-10-30,2014-10-30 15:53:44,2014,Q3,797271000.0,549813000.0,247458000.0,0.3103812882,16391000,0.0,0.0,88359000.0,301000.0,111481000.0,661294000.0,0.0,4594000.0,17115000.0,153092000.0,0.1920200283,135977000.0,0.1705530491,-4748000.0,131229000.0,0.164597734,41074000.0,89797000.0,0.1126304607,0.94,0.93,95935000,97004000,https://www.sec.gov/Archives/edgar/data/943452/000156459014004721/0001564590-14-004721-index.htm,https://www.sec.gov/Archives/edgar/data/943452/000156459014004721/wab-10q_20140930.htm,8.310533173502893,0.93601917965289,0.9642466253192266,0.8326992234325324,2.2154688070047426,18.654390993902123,5.042601761609423,18.64446760827644,5.489508521394694,7774572400.000001,8084073400.000001,21.644855618784597,9.751480236958326,84.04488838441166,97.32205545471616,4.346597698720325,4.346597698720325,10.139680735910376,52.805328821884885,87.39066428841686,101.19638730675346,0.0115500885939399,0.0102751631716748,0.2918625538602426,0.1617036619215726,2.0216667102134664,2.2731567933509997,29.59882455376578,1.0260662192890022,0.0007434492474467,0.0643674064835128,0.0,0.0205588814844638,0.4044889909419162,0.1364250581049673,0.015828996664873,0.7373648846041484,0.0087849677211387,19.81566384718628,0.0366851789216019,0.0467074807286194,-4.642513159952051,859060000.0,483762000.0,95030000.0,2507272000.0,716079000.0,393327500.0,485280000.0,80.72502323551214,63.72268389434226,80.05407293025084,1.114895931803308,1.4123698893352925,1.1242401130347837,0.050203588502435,0.1315474018866941,2014-10-28,0.89,bmo,763007526.0,2025-04-24,2014-09-30,0.0449438202247191,82.5271875,435766.046875
2014-06-30,WAB,USD,943452,2014-07-31,2014-07-31 15:27:13,2014,Q2,731068000.0,506410000.0,224658000.0,0.3073010992,14221000,0.0,0.0,72982000.0,243000.0,92335000.0,598745000.0,0.0,4525000.0,5132000.0,146607000.0,0.2005381168,132323000.0,0.1809995787,-4282000.0,128041000.0,0.1751423944,39336000.0,88352000.0,0.1208533269,0.92,0.91,96048000,97058000,https://www.sec.gov/Archives/edgar/data/943452/000156459014003020/0001564590-14-003020-index.htm,https://www.sec.gov/Archives/edgar/data/943452/000156459014003020/wab-10q_20140630.htm,7.611485923704814,0.9198733966350158,1.1602948525737131,1.0351074462768617,2.35202190571381,18.38343328335832,5.296632933533234,18.36910711311011,5.262212643678161,7932604320.0,8207597320.0,22.446023632741763,10.850706527983718,71.18018305157747,79.78881834640917,4.496135794268147,4.496135794268147,11.226858951561278,55.98366599139195,73.64772728904202,82.55479098772882,0.0111378302050492,0.0125330844687838,0.2839060576450024,0.158318867917372,1.8757153478346875,2.2842825426081963,29.24265193370166,1.2563440617778028,0.0004869775226605,0.0437228359290112,0.0,0.0194523628444959,0.3972861699666358,0.10789275331108,0.0164471704410533,0.8417810137216466,0.0073809823436397,19.498415100951235,0.0367259990886289,0.0463326213601397,-4.09928369148759,858435000.0,508731000.0,128675000.0,2458550000.0,676852000.0,371341500.0,450782500.0,88.27427817932121,70.62141347919669,85.57419877174621,1.0195495432675543,1.2744010005762876,1.0517188742842782,0.0500771970554027,0.1251874062968515,2014-07-24,0.87,bmo,698963736.0,2025-04-24,2014-06-30,0.0459770114942529,77.07222222222222,531694.2698412698
2014-03-31,WAB,USD,943452,2014-05-01,2014-05-01 15:33:48,2014,Q1,695249000.0,485680000.0,209569000.0,0.3014301351,12946000,0.0,0.0,70081000.0,-17000.0,87723000.0,573403000.0,0.0,4450000.0,4696000.0,135424000.0,0.19478489,121846000.0,0.1752551963,-4467000.0,117379000.0,0.1688301601,37245000.0,79734000.0,0.1146840916,0.84,0.83,95529000,96805000,https://www.sec.gov/Archives/edgar/data/943452/000156459014001692/0001564590-14-001692-index.htm,https://www.sec.gov/Archives/edgar/data/943452/000156459014001692/wab-10q_20140331.htm,7.277884202702844,0.8346575385485036,0.2744192862900271,0.208125281328183,3.0891457044457704,17.590344293355944,5.36194244679626,17.576097310764272,4.763820410555957,7403497500.0,7559027500.0,23.213113289186545,10.648699243005025,282.41455273698267,372.37186902726086,4.40939752606718,4.40939752606718,10.872403268469284,55.81748803757089,288.34741560175473,380.1945226838346,0.0107697746909484,0.0026854875010088,0.2683893707486538,0.154510565506345,1.1484670368620038,2.468868403611606,27.381123595505617,0.3271395412683754,0.0005170529199206,0.048009632026488,0.0,0.0186206668402255,0.40053467849858,0.2415792485218386,0.009108966715522,0.4664162615996465,0.0096469034835001,18.167980010737526,0.0356091723765759,0.0456052328135295,-2.653733421264747,853273000.0,512221000.0,198047000.0,2295087000.0,595578500.0,335989000.0,411643500.0,82.41487582146827,63.98879920935596,77.83977104266184,1.0920358624935993,1.4064961542025762,1.1562212837274852,0.0474882178785689,0.066294004961844,2014-04-23,0.8,bmo,670072289.0,2025-04-24,2014-03-31,0.0374999999999998,76.42049180327868,619070.4262295082
2013-12-31,WAB,USD,943452,2014-02-21,2014-02-21 16:09:45,2013,Q4,681482000.0,481357000.0,200125000.0,0.2936614613,12754000,0.0,0.0,71142000.0,951000.0,88907000.0,570264000.0,0.0,4627000.0,5011000.0,121376000.0,0.1781059514,111218000.0,0.1632002019,-3676000.0,107542000.0,0.1578060756,33501000.0,73671000.0,0.1081041025,0.77,0.76,95768000,97142000,https://www.sec.gov/Archives/edgar/data/943452/000156459014000306/0001564590-14-000306-index.htm,https://www.sec.gov/Archives/edgar/data/943452/000156459014000306/wab-10k_20131231.htm,7.115967755408905,0.7692653078272492,1.5731455183359786,1.3889190543814218,2.9838777044524267,16.573041099323365,4.333900676635202,16.553117951716647,4.754573552752485,7112689360.0,7277638360.0,24.1366662594508,10.437090576126735,47.21114425483051,53.47323860646248,4.486768004471194,4.486768004471194,10.67913512022328,59.95945129185341,48.3060087483489,54.71332611604794,0.0103576855773158,0.0187009432392812,0.284312531895419,0.1597127849533504,1.3589918929607172,2.300736969278564,24.036740868813485,2.034778028389676,0.0005404425535041,0.0521779261853375,0.0,0.0187150944559063,0.4153505478567128,0.1171070710288934,0.0258891650843309,1.2550149381135296,0.0095541775131258,16.926580752595356,0.0341377840890761,0.044652365415888,-3.462307346921728,753647000.0,415049000.0,98217000.0,2201843000.0,562389500.0,307346000.0,401762000.0,73.23050352026907,61.07720465267982,75.39229719314355,1.2289960559275603,1.4735448439690693,1.1937559054532287,0.0464725322486735,0.1842264639545568,2014-02-19,0.79,bmo,,2025-04-24,2013-12-31,0.0,67.25109375,508909.734375
2013-09-30,WAB,USD,943452,2013-10-31,2013-10-31 17:14:17,2013,Q3,631398000.0,443265000.0,188133000.0,0.2979626163,10921000,0.0,0.0,63402000.0,-1658000.0,78262000.0,521527000.0,0.0,3829000.0,3939000.0,121987000.0,0.1932014355,109871000.0,0.1740122712,-5487000.0,104384000.0,0.1653220314,30441000.0,73646000.0,0.1166395839,0.77,0.76,95848000,97174000,https://www.sec.gov/Archives/edgar/data/943452/000156459013000837/0001564590-13-000837-index.htm,https://www.sec.gov/Archives/edgar/data/943452/000156459013000837/wab-10q_20131001.htm,6.5874926967698855,0.7683624071446457,0.4162841165178199,0.3225210750354728,2.93179826391787,15.827654202487272,3.652960938152074,15.78199858108672,5.670645188214674,6025963760.0,6284647760.0,20.455842000923337,9.543843597857451,151.02666065162907,194.93299776792932,3.9836526202292233,3.9836526202292233,9.953543977016082,51.51899595858575,157.50996892230577,203.30112768091092,0.0122214475448488,0.0051299677912434,0.3567796873481578,0.1915849597796221,2.1205866198857257,2.4816135617748145,28.694437189866807,0.5396048307480086,0.0006644580285361,0.0543681937919235,0.0,0.0172965387916971,0.4142450425633124,0.2252380952380952,0.0142334945628589,0.7417464509739188,0.0103041187967019,16.517918283931436,0.0342059024230954,0.0446323164006157,-4.080100784575578,802676000.0,350129000.0,44503000.0,2236546000.0,529362500.0,280272500.0,403116500.0,81.28761890281567,58.48045751412811,81.27542215153463,1.1071796814174188,1.538975648031775,1.1073458324485692,0.048686001535031,0.093763041482347,2013-10-24,0.75,bmo,,2025-04-24,2013-09-30,0.0133333333333333,58.70015625,431012.640625
2013-06-30,WAB,USD,943452,2013-07-26,2013-07-26 17:12:20,2013,Q2,638002000.0,445121000.0,192881000.0,0.3023203689,11280000,0.0,0.0,63874000.0,406000.0,80327000.0,525448000.0,0.0,3271000.0,5173000.0,118133000.0,0.1851608616,112554000.0,0.1764163749,-2865000.0,109689000.0,0.1719257933,35051000.0,74338000.0,0.1165168761,0.78,0.77,95762000,97102000,https://www.sec.gov/Archives/edgar/data/943452/000156459013000125/0001564590-13-000125-index.htm,https://www.sec.gov/Archives/edgar/data/943452/000156459013000125/wab-10q_20130630.htm,6.662371295503435,0.7762786909212422,0.1363380046364946,0.0511267517386854,2.239980367995656,14.679162924750946,3.769167310624256,14.63273532298824,4.179413546082998,5141461780.0,5323914780.0,17.290826293416558,8.058692261152787,393.8006878063725,1050.13516748366,3.669170446598062,3.669170446598062,8.344667853705788,45.06712586660797,407.7753354779411,1087.4008946078432,0.0144585340085908,0.0009522583672692,0.2832864707477556,0.1577489975719185,1.5444710622772635,2.2697855311746573,34.40966065423418,0.1749243012942469,0.0004687382894442,0.0324194893594124,0.0,0.0176801953598891,0.4151832585569009,0.625,0.0127899285582176,0.5892122174886273,0.0086676844273215,15.986848156386,0.0384449115838527,0.0505141588187767,-3.413392055303774,665713000.0,360943000.0,79301000.0,1951442000.0,460623000.0,269982000.0,417261000.0,68.90324795220077,55.10121966835984,82.07750252178622,1.3061793554700696,1.6333576741438212,1.0965245924254443,0.0530508256854545,0.0852112528978091,2013-07-25,0.73,bmo,604857142.0,2025-04-24,2013-06-30,0.0547945205479452,52.68609375,611989.46875
2013-03-31,WAB,USD,943452,2013-05-02,2013-05-02 14:43:39,2013,Q1,615510000.0,432622000.0,182888000.0,0.2971324593,11334000,0.0,0.0,64300000.0,-581000.0,79221000.0,511843000.0,0.0,3614000.0,3587000.0,114256000.0,0.1856281783,103667000.0,0.1684245585,-4195000.0,99472000.0,0.1616090722,29859000.0,69265000.0,0.1125326965,0.73,0.72,95025000,96572000,https://www.sec.gov/Archives/edgar/data/943452/000095012313003288/0000950123-13-003288-index.htm,https://www.sec.gov/Archives/edgar/data/943452/000095012313003288/wab-10q_20130331.htm,6.477348066298343,0.7289134438305709,0.3371744277821626,0.2693186003683241,2.3713549066035253,14.009660615627466,2.925072349381741,13.958232044198896,4.432349381741647,4775006250.0,4967238250.0,17.234556594239514,7.7578045035823955,149.032654494382,186.58198851203505,3.600026123715584,3.600026123715584,8.070117869734041,43.47463809340429,155.03240480649188,194.0933983276024,0.0145057401757327,0.005359574136683,0.3148190452064678,0.1666164573503446,1.682467441534799,2.083824585859414,28.684836745987827,0.4602588596957465,0.0004996852098361,0.0344474121128997,0.0,0.0184139981478773,0.4202870908855128,0.2012484394506866,0.0104758655423957,0.5772605192479857,0.0090331594937531,15.130192241186926,0.0372956882240844,0.0476748651971075,-4.321802157327019,608005000.0,277955000.0,-5921000.0,1904034000.0,411356000.0,258019000.0,417811500.0,63.28366720280743,55.63760049188437,89.15995950275298,1.422167898576007,1.6176110976088542,1.0094217236294405,0.0522210435764686,0.0678558274138384,2013-04-24,0.7,bmo,598402777.0,2025-04-24,2013-03-31,0.0285714285714286,47.72733333333333,516987.76666666666
2012-12-31,WAB,USD,943452,2013-02-22,2013-02-22 13:30:54,2012,Q4,610400000.0,429920000.0,180480000.0,0.2956749672,10260000,0.0,0.0,64774000.0,614000.0,80018000.0,509938000.0,0.0,3948000.0,4984000.0,106060000.0,0.1737549148,100462000.0,0.1645838794,-3334000.0,97128000.0,0.1591218873,32363000.0,64765000.0,0.1061025557,0.68,0.67,95154000,96682000,https://www.sec.gov/Archives/edgar/data/943452/000119312513071115/0001193125-13-071115-index.htm,https://www.sec.gov/Archives/edgar/data/943452/000119312513071115/d448585d10k.htm,6.414864325199151,0.6806334993799525,1.3022363747188768,1.1834079492191605,2.2675452424490827,13.473075225424047,3.2337053618345,13.418563591651427,3.382348613826008,4164890580.000001,4267020580.000001,16.076934223731953,6.823215235910879,33.6114094566349,36.98640019181927,3.261899062522027,3.261899062522027,6.990531749672347,40.232138223647,34.435616763374306,37.8933678489601,0.0155502284528204,0.0270369647982444,0.2489728468159426,0.1351861884669719,0.9629455025457287,1.9761689078380429,25.446301925025328,1.913271056898016,0.0005786466543858,0.0372114568053732,0.0,0.0168086500655308,0.4143311069927732,0.0912495057015809,0.0185239187418086,0.8939753320683111,0.007930865006553,14.335106822617616,0.0372466571601676,0.0470257220134691,-3.760254429661391,539879000.0,307700000.0,23413000.0,1758284000.0,410072500.0,242080500.0,399315500.0,57.49074377457405,52.04077502791217,85.21006233717901,1.5654693971763076,1.7294131371358004,1.0562132866875165,0.0507232756122584,0.1188284254997162,2013-02-19,0.66,bmo,601289552.0,2025-04-24,2012-12-31,0.0151515151515151,41.99322580645161,588330.8387096775
2012-09-30,WAB,USD,943452,2012-11-02,2012-11-02 11:59:06,2012,Q3,587593000.0,416314000.0,171279000.0,0.2914925807,10753000,0.0,0.0,59743000.0,3941000.0,74437000.0,490751000.0,0.0,3070000.0,3941000.0,102176000.0,0.1738890695,96842000.0,0.1648113575,-4463000.0,92379000.0,0.1572159641,29385000.0,62685000.0,0.106680985,0.66,0.65,95286000,96542000,https://www.sec.gov/Archives/edgar/data/943452/000119312512448444/0001193125-12-448444-index.htm,https://www.sec.gov/Archives/edgar/data/943452/000119312512448444/d406933d10q.htm,6.166624687782045,0.6578615956174044,0.8709464139537813,0.7845433746825347,2.9600885754465502,12.919180152383351,3.0350208844950988,12.858825011019457,4.575352097894759,3765702720.000001,3916544720.000001,15.018356544627904,6.408692275095177,45.3759259660919,50.37325057520467,3.0733756751595167,3.0733756751595167,6.665403978604239,38.33135687441278,47.19354034872092,52.39104178928783,0.016646295435663,0.0198518060395378,0.3533085876862656,0.1806717077580443,1.476295803319762,2.1898770464515844,31.544625407166123,1.317411182017335,0.000630957931804,0.0379038047379755,0.0,0.0183000818593822,0.3930740780003021,0.0992059188567159,0.014011399046619,0.7289711351159908,0.008657352963701,13.796190076940466,0.0355921125131827,0.0431055823740561,-3.825341603173604,643357000.0,289195000.0,19024000.0,1814326000.0,436185500.0,242511500.0,390195000.0,65.89714309054057,50.92579159000178,84.65552443588253,1.3657648234665178,1.7672773891190654,1.0631320353837668,0.0511603194734857,0.0864030392712465,2012-10-23,0.65,bmo,587600000.0,2025-04-24,2012-09-30,0.0,39.48301587301587,521586.9206349207
2012-06-30,WAB,USD,943452,2012-08-02,2012-08-02 14:47:13,2012,Q2,609820000.0,436393000.0,173427000.0,0.2843904759,10145000,0.0,0.0,59163000.0,3254000.0,72562000.0,508955000.0,0.0,3509000.0,3254000.0,103896000.0,0.1703715851,100865000.0,0.1654012659,-3286000.0,97579000.0,0.1600127907,32867000.0,64389000.0,0.1055868945,0.67,0.67,95671000,96844000,https://www.sec.gov/Archives/edgar/data/943452/000119312512331482/0001193125-12-331482-index.htm,https://www.sec.gov/Archives/edgar/data/943452/000119312512331482/d357740d10q.htm,6.37413636316125,0.6730252636640153,0.3089232891889914,0.2433861880820729,2.446979753530328,12.063770630598611,2.430579799521276,12.031503799479466,4.668499336266998,3731169000.0,3940195000.0,14.486826165960023,6.118475943721098,126.24493317543563,160.23916684560876,3.2414900622553358,3.2414900622553358,6.461242661769047,37.9244147994148,133.3173743867366,169.21601889628516,0.017257058042667,0.0062406714892839,0.384974449770908,0.1900302629146999,2.011877261877262,2.0778391972582924,28.74465659732117,0.4567159104957349,0.0003864740514299,0.0223951296028824,0.0,0.0166360565412744,0.3952220016578777,0.212146844865505,0.0102817224754845,0.6273136568284142,0.0079941622118002,13.497921520763246,0.0375450260726963,0.0456568908301897,-4.365317076229997,593150000.0,232536000.0,-34280000.0,1741474000.0,419315500.0,242728500.0,379769000.0,65.25317306746253,51.44663182040042,80.18419177209533,1.3792432730735218,1.749385660740414,1.1224157531674546,0.0559385821490687,0.0655371011069185,2012-07-24,0.62,bmo,564292537.0,2025-04-24,2012-06-30,0.0806451612903226,37.27015873015873,686555.3333333334
2012-03-31,WAB,USD,943452,2012-05-03,2012-05-03 10:40:57,2012,Q1,583309000.0,413928000.0,169381000.0,0.2903795415,10149000,0.0,0.0,62029000.0,3093000.0,75271000.0,489199000.0,0.0,3724000.0,3093000.0,97317000.0,0.1668361023,94110000.0,0.1613381587,-3838000.0,90272000.0,0.1547584556,31011000.0,58964000.0,0.1010853596,0.62,0.61,95414000,96682000,https://www.sec.gov/Archives/edgar/data/943452/000119312512207110/0001193125-12-207110-index.htm,https://www.sec.gov/Archives/edgar/data/943452/000119312512207110/d320962d10q.htm,6.113452952396923,0.617980589850546,0.0102815100509359,-0.0965267151571048,2.822478881505859,11.778984216152766,2.8927515878173016,11.748747563250676,4.083237260779341,3596153660.0,3712723660.0,15.24724263957669,6.165092018124184,3665.803934760449,-390.4618523344191,3.208001516509886,3.208001516509886,6.364934640130703,38.1508231860826,3784.6316615698265,-403.1187470141151,0.0163964072658675,-0.0025610696512895,0.34422455051093,0.1738504776141728,1.1978379933618997,2.0801145720911647,25.27121374865736,0.0165538887295185,0.0003998716784532,0.024387762024286,0.0,0.0173990115016226,0.3819971760346805,10.388379204892969,0.0174710145051765,0.999215609373468,0.0086489322126008,12.781283341500314,0.0366854948781698,0.042985981659295,-3.601698912109334,578464000.0,276009000.0,18328000.0,1651357000.0,371385500.0,240325500.0,359457000.0,61.175294740866335,51.3137067316055,80.60967124717342,1.4711821231304698,1.753917339683562,1.1164913416410422,0.0525996993742166,0.1068082252080407,2012-04-24,0.59,bmo,564175409.0,2025-04-24,2012-03-31,0.0338983050847458,36.435967741935485,567587.5161290322
2011-12-31,WAB,USD,943452,2012-02-24,2012-02-24 13:05:42,2011,Q4,534639000.0,387305000.0,147334000.0,0.275576604,9279000,0.0,0.0,61099000.0,4447000.0,74825000.0,462130000.0,0.0,0.0,11171000.0,83680000.0,0.1565168272,72509000.0,0.1356223545,-2667000.0,69842000.0,0.1306339418,23579000.0,46263000.0,0.0865312856,0.48,0.48,95414000,96682000,https://www.sec.gov/Archives/edgar/data/943452/000119312512077488/0001193125-12-077488-index.htm,https://www.sec.gov/Archives/edgar/data/943452/000119312512077488/d260748d10k.htm,5.603360093906555,0.4848659525855744,1.557486322761859,1.39246861047645,2.993428637306894,10.979981973295324,2.125034062087325,10.95425199656235,4.149003290921668,3337581719.9999995,3447839719.9999995,18.03591271642565,6.242682857030631,22.4592662476616,25.120853523607376,3.193280564567748,3.193280564567748,6.4489117329637375,41.20267351816443,23.201214755797206,25.950728355198287,0.0138612336359512,0.0398075646219682,0.3787573347978212,0.1833634173601741,1.317614722753346,1.9501500780405807,0.0,3.212199814106305,0.0004320493461954,0.0311696171886821,0.0,0.0173556362330469,0.3913406174196474,0.10595130748422,0.0294497782615933,1.4094530480708978,0.0101451633719201,10.931845048135823,0.0296912332478665,0.0352059674278404,-4.107324396839038,514397000.0,202758000.0,-55527000.0,1581305000.0,346358500.0,212030000.0,336525000.0,58.29221212818369,56.85031176979384,80.9069338118537,1.5439455240108466,1.5831047745954407,1.112389207695003,0.0442628079706158,0.1650177122854088,2012-02-21,0.48,bmo,534600000.0,2025-04-24,2011-12-31,0.0,32.352539682539685,494568.38095238095
2011-09-30,WAB,USD,943452,2011-11-09,2011-11-09 12:42:16,2011,Q3,498840000.0,351689000.0,147151000.0,0.2949863684,9894000,0.0,0.0,57676000.0,4128000.0,71698000.0,423387000.0,0.0,3764000.0,4128000.0,81110000.0,0.1625972256,75453000.0,0.151256916,-5293000.0,70160000.0,0.1406462994,23560000.0,46600000.0,0.0934167268,0.49,0.48,95748000,96732000,https://www.sec.gov/Archives/edgar/data/943452/000119312511303968/0001193125-11-303968-index.htm,https://www.sec.gov/Archives/edgar/data/943452/000119312511303968/d233137d10q.htm,5.209926055896729,0.4866942390441576,0.3548272548773865,0.2565484396540919,2.309562601829803,10.5930149977023,2.205915528261687,10.559144838534486,4.281227806324936,2531577120.0,2716596120.0,13.581422317596568,5.07492807312966,74.51513274857244,103.06045920859796,2.503990654954368,2.503990654954368,5.445826557613664,33.49273973616077,79.96103255430623,110.59257938446508,0.0184074976945596,0.0097030423469777,0.4017291499549463,0.2025087541639306,2.2810874121563307,2.09521972340843,20.04596174282678,0.7290557939914163,0.0005696054007629,0.0309442060085836,0.0,0.0198340149146018,0.4003994780658521,0.2769765114499323,0.0188637639323229,0.7292312461252325,0.0077219148424344,10.753101257233688,0.0314778229397657,0.0387503752383439,-3.63408112963195,496784000.0,211212000.0,-40980000.0,1509750000.0,341554500.0,182641000.0,318022500.0,62.50348809237431,45.91269559184393,83.13834097739765,1.4399196388366104,1.9602421256221747,1.0825330279860623,0.0460922022082714,0.0982788152232944,2011-10-25,0.44,bmo,457233333.0,2025-04-24,2011-09-30,0.0909090909090908,29.93546875,677358.25
2011-06-30,WAB,USD,943452,2011-08-04,2011-08-04 13:41:08,2011,Q2,478899000.0,336155000.0,142744000.0,0.2980670246,9132000,0.0,0.0,73943000.0,3307000.0,86382000.0,422537000.0,0.0,3793000.0,3307000.0,60079000.0,0.1254523396,56362000.0,0.1176907866,-4203000.0,52159000.0,0.1089144058,15825000.0,36334000.0,0.0758698598,0.38,0.38,95900000,96926000,https://www.sec.gov/Archives/edgar/data/943452/000119312511209950/0001193125-11-209950-index.htm,https://www.sec.gov/Archives/edgar/data/943452/000119312511209950/d10q.htm,4.993733055265902,0.3788738269030239,0.5167883211678832,0.4603232533889468,2.309436913451512,10.61851929092805,2.053566214807091,10.582022940563087,4.171543274244004,3151274000.0,3326057000.0,21.682680134309464,6.580247609621235,63.58502824858757,71.38461886963417,3.1052663734115344,3.1052663734115344,6.945216005880154,55.36139083540006,67.1117231638418,75.34391210782648,0.0115299399544438,0.01400862000575,0.3904727556522562,0.1969984260329966,2.909219527621965,2.04306534778491,14.859477985763249,1.3640116695106512,0.0001535886755642,0.0133208564980459,0.0,0.0190687389198975,0.4083460022928414,0.1092615012106537,0.0113071858575607,0.5438931297709924,0.0124264197670072,9.497797606656048,0.0246093543016553,0.0305302331990868,-3.7914259645464026,475788000.0,196937000.0,-61230000.0,1515611000.0,321180000.0,180206500.0,298066500.0,63.27131608126139,49.76391843048594,83.31040740134759,1.422445518351635,1.8085392557203648,1.0802972018420858,0.0358035348279885,0.0564650677789363,2011-07-26,0.42,bmo,427953191.0,2025-04-24,2011-06-30,0.119047619047619,33.47793650793651,555183.4920634921
2011-03-31,WAB,USD,943452,2011-05-09,2011-05-09 09:34:49,2011,Q1,455259000.0,322064000.0,133195000.0,0.292569724,8888000,0.0,0.0,54816000.0,3114000.0,66818000.0,388882000.0,0.0,0.0,3114000.0,66377000.0,0.1458005223,66377000.0,0.1458005223,-3224000.0,63153000.0,0.1387188392,22201000.0,40952000.0,0.0899531915,0.43,0.43,95476000,96502000,https://www.sec.gov/Archives/edgar/data/943452/000119312511131663/0001193125-11-131663-index.htm,https://www.sec.gov/Archives/edgar/data/943452/000119312511131663/d10q.htm,4.768308265951653,0.4289245464828857,0.1726716661778876,0.0951548033013532,2.1019627969332606,10.1557773681344,1.7444488667309062,10.118176295613557,4.190257237420923,3238545920.0,3437927920.0,19.77037702676304,7.113634041281996,196.44218852359572,356.4717578425977,3.352382782132887,3.352382782132887,7.551586942817166,51.79396357171912,208.5362076913745,378.4180429279031,0.0126451812052737,0.0028052713237427,0.4141316690871938,0.2108813954567114,3.003781430314717,2.214939012401991,0.0,0.4025688611056847,0.0001485234459791,0.0117454580972846,0.0,0.0195229528685868,0.4233135560700174,0.4489263617614946,0.0162566802633226,0.6841375485302273,0.0075100107850695,9.881726520384657,0.0276672452501437,0.0374316300564509,-3.718848192215845,463464000.0,166553000.0,-82560000.0,1482969000.0,281918000.0,172523000.0,269227500.0,60.431161163206006,48.77533657906503,79.63249540464007,1.4892978765861813,1.8451948528147952,1.1301918838870877,0.0423914877495101,0.0775168628765344,2011-04-26,0.4,bmo,423534883.0,2025-04-24,2011-03-31,0.0749999999999999,28.11629032258065,547083.9677419355
2010-12-31,WAB,USD,943452,2011-02-25,2011-02-25 13:05:53,2010,Q4,393241000.0,275253000.0,117988000.0,0.3000399246,9721000,0.0,0.0,53414000.0,3504000.0,66639000.0,341892000.0,0.0,0.0,11699000.0,63048000.0,0.160329162,51349000.0,0.1305789579,-3557000.0,47792000.0,0.1215336142,16812000.0,30980000.0,0.0787812054,0.32,0.32,95476000,96502000,https://www.sec.gov/Archives/edgar/data/943452/000119312511046939/0001193125-11-046939-index.htm,https://www.sec.gov/Archives/edgar/data/943452/000119312511046939/d10k.htm,4.118741882776823,0.324479450333068,1.0566739285265407,0.967939586911894,2.48168126021199,9.4619276048431,1.47306129289036,9.424054212576984,4.42074448028824,2525340200.0,2710474200.0,20.37879438347321,6.421863946028008,25.03137371514665,27.32608559216577,2.806647691468162,2.806647691468162,6.892654123044139,42.99064522268747,26.866436706414103,29.32937510144457,0.0122676540768645,0.0365950694484648,0.4690915799686809,0.2340854348750832,2.9363976652709045,2.301988667351754,0.0,3.256520335700452,0.0001920533320619,0.0156552614590058,0.0,0.0247202097441518,0.4230231476012447,0.0839751405037319,0.0215440404230484,0.7241644585007265,0.0090199139967602,8.294758492152457,0.0222680594854354,0.0297788406822411,-3.5861970547572164,453579000.0,140642000.0,-97741000.0,1422549000.0,261471000.0,150240500.0,251143000.0,59.081860741886025,55.7500190733616,82.88443722684222,1.5233101813293872,1.614349223478628,1.0858492017468075,0.0344309829945619,0.0887343416146466,2011-02-22,0.32,bmo,393200000.0,2025-04-24,2010-12-31,0.0,24.54546875,476444.59375
2010-09-30,WAB,USD,943452,2010-11-08,2010-11-08 09:44:17,2010,Q3,375707000.0,266470000.0,109237000.0,0.290750505,9362000,0.0,0.0,46604000.0,2638000.0,58604000.0,325074000.0,0.0,0.0,2638000.0,50633000.0,0.1347672521,50633000.0,0.1347672521,-4787000.0,45846000.0,0.1220259404,15302000.0,30544000.0,0.081297394,0.32,0.32,95354000,96128000,https://www.sec.gov/Archives/edgar/data/943452/000119312510251301/0001193125-10-251301-index.htm,https://www.sec.gov/Archives/edgar/data/943452/000119312510251301/d10q.htm,3.940128363781278,0.3203221679216393,0.4801791220085156,0.4239255825660171,1.8542274052478136,9.156836629821507,1.566268850808566,9.116639050275817,4.298110199886738,2278007060.0,2511041060.0,18.645290891828186,6.063254238009939,49.75226723742547,56.35423051233209,2.6204832579477007,2.6204832579477007,6.683508851312326,49.59297414729525,54.841790464542335,62.1191168394231,0.0134082112985198,0.0177448967168697,0.4714577572045811,0.2402807091599831,4.60241344577647,2.3306207756640647,0.0,1.4990505500261917,0.0002107104970956,0.0157150340492404,0.0,0.0249183539300572,0.4243416115566812,0.1171511564417847,0.0142770829396311,0.5523632993512512,0.0068617300183387,8.105916706747427,0.0236456211006423,0.0311073858654084,-3.4895101411582106,424645000.0,149350000.0,-88761000.0,1351578000.0,269997000.0,126870500.0,244117000.0,63.43073192674079,43.89961346493038,84.03028483506586,1.4188705894793292,2.0501319464212897,1.0710424244860226,0.0351359932267964,0.0562535394424984,2010-10-27,0.31,bmo,363959375.0,2025-04-24,2010-09-30,0.032258064516129,22.10515625,504725.8125
2010-06-30,WAB,USD,943452,2010-08-05,2010-08-05 15:05:11,2010,Q2,374137000.0,260673000.0,113464000.0,0.3032685888,10425000,0.0,0.0,51243000.0,2144000.0,63812000.0,324485000.0,0.0,0.0,2144000.0,49652000.0,0.132710745,49652000.0,0.132710745,-3006000.0,46646000.0,0.124676255,15435000.0,31211000.0,0.0834213136,0.33,0.33,95450000,96178000,https://www.sec.gov/Archives/edgar/data/943452/000119312510179157/0001193125-10-179157-index.htm,https://www.sec.gov/Archives/edgar/data/943452/000119312510179157/d10q.htm,3.919717129387114,0.3269879518072289,0.1790990047145102,0.1434154007333682,1.7444630696699843,8.454059717129388,1.3061498166579362,8.424683080146673,4.273902566788895,1904227500.0,2145662500.0,15.252855563743552,5.08965298807656,111.39090377303305,139.106399298707,2.3680415999283704,2.3680415999283704,5.734964732170301,43.21401957625071,125.51403919274642,156.7435532179122,0.0163903735241718,0.0071887418913969,0.5073072216639971,0.2499375070457742,4.862543301377588,2.356685230936728,0.0,0.547723559001634,0.0002525958689284,0.0154112332190573,0.0,0.0278641246388355,0.4180092440558172,0.1992395437262357,0.0091036171242085,0.3881039197812215,0.0084167029724405,7.872885237481173,0.0244294016179278,0.0328565894247491,-3.484701414353065,421187000.0,124672000.0,-93604000.0,1295932000.0,261575000.0,123056500.0,240262500.0,66.20058962358708,42.73077764095246,82.66874590003569,1.3595045076144343,2.1062102065220905,1.0886822948642452,0.0388130863436035,0.0356836039811419,2010-07-27,0.31,bmo,351427272.0,2025-04-24,2010-06-30,0.0645161290322581,22.314126984126982,757034.5396825396
2010-03-31,WAB,USD,943452,2010-05-06,2010-05-06 16:43:43,2010,Q1,363927000.0,255538000.0,108389000.0,0.297831708,10695000,0.0,0.0,44631000.0,1887000.0,57213000.0,312751000.0,0.0,3912000.0,1887000.0,51176000.0,0.1406216082,51176000.0,0.1406216082,-4633000.0,46543000.0,0.1278910331,16179000.0,30364000.0,0.0834343151,0.32,0.32,94922000,95790000,https://www.sec.gov/Archives/edgar/data/943452/000119312510111008/0001193125-10-111008-index.htm,https://www.sec.gov/Archives/edgar/data/943452/000119312510111008/d10q.htm,3.833958407956006,0.3198836939803207,0.130285918965045,0.0923495080171087,1.884705337013548,8.441214892227302,1.1009671098375509,8.418680600914435,4.460072480562989,1999057320.0,2239604320.0,16.45910716638124,5.493017335894286,161.64448289803508,228.0466940451745,2.501579641554814,2.501579641554814,6.153993300854292,43.76278568078787,181.09519851216947,255.48760209901897,0.0151891592583248,0.0043850668574125,0.524887438400837,0.2560351352671159,4.700386900109426,2.311192905600485,13.081799591002046,0.4072915294427611,0.0002341103455702,0.0154129890659992,0.0,0.0293877618313562,0.4253045951753101,0.2911781353602329,0.0098948415478928,0.4286904761904762,0.0068447793101363,7.784116494752115,0.0245001520349446,0.0322510406388178,-3.7038647521122607,406458000.0,104506000.0,-120534000.0,1303364000.0,228104500.0,121122000.0,240209500.0,61.3183687937416,43.09108625722985,84.91003295008962,1.4677494162105915,2.0885990077565,1.0599454136698108,0.0379968915729591,0.0379364109479362,2010-04-27,0.3,bmo,341156250.0,2025-04-24,2010-03-31,0.0666666666666667,20.17852459016393,736832.262295082
2009-12-31,WAB,USD,943452,2010-02-24,2010-02-24 11:49:42,2009,Q4,359188000.0,258806000.0,100382000.0,0.2794692473,10966000,0.0,0.0,42470000.0,5148000.0,58584000.0,317390000.0,0.0,0.0,11666000.0,52815000.0,0.1470399902,41798000.0,0.1163680301,-5174000.0,36624000.0,0.1019633173,12419000.0,24205000.0,0.0673881087,0.25,0.25,94922000,95790000,https://www.sec.gov/Archives/edgar/data/943452/000119312510038499/0001193125-10-038499-index.htm,https://www.sec.gov/Archives/edgar/data/943452/000119312510038499/d10k.htm,3.784033206211415,0.2549988411537894,0.750953414382335,0.6725732706854048,1.9875160658224649,8.205821621963295,1.1409894439645183,8.184688481068667,4.127388803438612,1938307240.0,2141428240.0,20.019698822557327,5.396358564317294,27.19209954827306,30.36100435450017,2.494902530161268,2.494902530161268,5.961859082151966,40.54583432736912,30.041640806935835,33.542624604492346,0.0124877003503324,0.0329369868112343,0.504281722265342,0.247049661534775,3.845896052257882,2.258108780800922,0.0,2.9449287337327,0.0002471228451893,0.0197892997314604,0.0,0.0305299731616869,0.4228737542051979,0.1043741758087595,0.0207133868614764,0.6377507286130636,-3.3408688486252326e-05,6.852695582924925,0.021035589119832,0.0264469907465579,-3.607188006995217,384161000.0,108305000.0,-117413000.0,1256476000.0,219620500.0,116498000.0,242100500.0,52.18270098110182,41.69358515644924,83.22824818589987,1.7247094977432056,2.158605446432295,1.0813636230691128,0.0311555951999402,0.0783801436969301,2010-02-23,0.28,bmo,359200000.0,2025-04-24,2009-12-31,0.0,19.81015625,765932.9375
2009-09-30,WAB,USD,943452,2009-10-29,2009-10-29 10:52:55,2009,Q3,330455000.0,235629000.0,94826000.0,0.2869558639,10157000,0.0,0.0,37395000.0,1515000.0,49067000.0,284696000.0,0.0,3687000.0,6816000.0,45759000.0,0.1384727119,45759000.0,0.1384727119,-3293000.0,42466000.0,0.1285076637,15118000.0,27348000.0,0.0827586207,0.29,0.28,94578000,95504000,https://www.sec.gov/Archives/edgar/data/943452/000119312509217097/0001193125-09-217097-index.htm,https://www.sec.gov/Archives/edgar/data/943452/000119312509217097/d10q.htm,3.4939943750132167,0.2891581551735075,0.5415952970035315,0.5190001903191017,2.6981433314301424,7.956861003616063,1.766108397301698,7.941889234282814,4.610258199581298,1775229060.0,1952386060.0,16.22814337428697,5.372075048039824,34.65687406048064,36.16569001344579,2.36341750007988,2.36341750007988,5.908175273486556,42.66671168513298,38.11541807391211,39.77480462861101,0.0154053359176082,0.0276505162663346,0.5755903121704956,0.2745351041233415,3.871522542013593,2.4952892153856583,12.410903173311636,1.873007166886061,0.0002681344119051,0.0174052947199063,0.0,0.0307364088907718,0.3717954172394853,0.041719540050368,0.0064668411735334,0.3135269953051643,0.0067119577552162,7.188212287522892,0.0227211587116316,0.0276436208817089,-2.869760938061705,463272000.0,167035000.0,-49178000.0,1244832000.0,241389500.0,114895000.0,247234000.0,62.90808128186895,43.19964860012986,93.52889500019096,1.430658798775657,2.0833502798383745,0.9622694676315404,0.0364092405022845,0.0225951066844297,2009-10-29,0.28,bmo,330500000.0,2025-04-24,2009-09-30,0.0,17.83125,1046989.09375
2009-06-30,WAB,USD,943452,2009-08-07,2009-08-07 09:53:58,2009,Q2,334013000.0,242380000.0,91633000.0,0.2743396215,10765000,0.0,0.0,42346000.0,1795000.0,54906000.0,297286000.0,0.0,3525000.0,8635000.0,36727000.0,0.1099567981,36727000.0,0.1099567981,-3659000.0,33068000.0,0.0990021346,2232000.0,30836000.0,0.09231976,0.33,0.32,94974000,96026000,https://www.sec.gov/Archives/edgar/data/943452/000119312509168339/0001193125-09-168339-index.htm,https://www.sec.gov/Archives/edgar/data/943452/000119312509168339/d10q.htm,3.516888832733169,0.3246783330174574,0.460694505864763,0.4051845768315539,1.277539115968581,7.406448080527302,1.3266788805357257,7.390959631056921,3.7422031292774864,1528131660.0,1758685660.0,12.38918520560384,4.575066419570496,34.92553046578598,39.71029728184606,2.176983883444524,2.176983883444524,5.26532099050037,47.88536117842459,40.19485441331079,45.70151395457616,0.0201788895598171,0.0251823851355844,0.5012999519908141,0.2409881220448929,6.277507011190677,2.1022239070002526,10.419007092198582,1.4189259307303153,0.0003154178482238,0.0156310805551952,0.0,0.032229284488927,0.3954433139933049,0.1204918407459889,0.0157838167975497,0.6105385060799073,0.001847233490912,7.347986130855506,0.0291478527719461,0.0349311933880402,-3.388111483142755,348920000.0,126000000.0,-91284000.0,1120816000.0,255702500.0,121488000.0,251464500.0,67.84711972288504,43.3286987375196,92.6809142668537,1.3265117276547074,2.077145232198408,0.971073717948718,0.0439291173575288,0.055509929033209,2009-07-24,0.31,bmo,323562500.0,2025-04-24,2009-06-30,0.032258064516129,17.16269841269841,1533693.4603174604
2009-03-31,WAB,USD,943452,2009-05-07,2009-05-07 16:18:54,2009,Q1,377960000.0,271475000.0,106485000.0,0.2817361626,10559000,0.0,0.0,38787000.0,1391000.0,50737000.0,322212000.0,0.0,4936000.0,8402000.0,65463000.0,0.1732008678,55748000.0,0.1474970896,-4547000.0,51201000.0,0.1354667161,18535000.0,32666000.0,0.0864271351,0.34,0.34,95290000,96262000,https://www.sec.gov/Archives/edgar/data/943452/000119312509103388/0001193125-09-103388-index.htm,https://www.sec.gov/Archives/edgar/data/943452/000119312509103388/d10q.htm,3.966418302025396,0.3428061706370028,-0.0602161821807115,-0.0963060132227935,1.0294049742890126,6.920170007345996,1.0773638367089935,6.920170007345996,3.855766607199077,1256875100.0,1521263100.0,9.619138400783688,3.3254182982326173,-219.0441094457999,-136.95925683774655,1.9060225378853937,1.9060225378853937,4.024931474230077,23.23851794143257,-265.1207912164517,-165.76910755148742,0.0259898537253224,-0.0073014414877023,0.5496926858784119,0.2550996350994239,4.038739440600033,2.0895467824536538,11.29416531604538,-0.1756566460540011,0.0003818995220766,0.0146941774321924,0.0,0.0279368187109747,0.3918272123636901,-0.5993377483443708,0.0090988464387765,0.409307307783861,0.0021086887501322,7.30590391795873,0.0312038820555501,0.0378002578184486,-3.589571308636793,339761000.0,102662000.0,-109914000.0,1089851000.0,266583500.0,144460000.0,258743500.0,61.81773203513599,41.86694907450041,83.9841974399116,1.4558929458758816,2.1496670282768613,1.0716301726213735,0.0495372469568092,0.036089831042082,2009-04-22,0.29,bmo,322411764.0,2025-04-24,2009-03-31,0.1724137931034484,14.857704918032788,1797390.0983606558
2008-12-31,WAB,USD,943452,2009-02-27,2009-02-27 12:19:41,2008,Q4,405211000.0,299415000.0,105796000.0,0.2610886674,9656000,0.0,0.0,44275000.0,1611000.0,55542000.0,354957000.0,0.0,0.0,7791000.0,58045000.0,0.1432463581,50254000.0,0.1240193381,-2320000.0,47934000.0,0.1182939259,16825000.0,31109000.0,0.0767723482,0.33,0.32,95290000,96262000,https://www.sec.gov/Archives/edgar/data/943452/000119312509040484/0001193125-09-040484-index.htm,https://www.sec.gov/Archives/edgar/data/943452/000119312509040484/d10k.htm,4.252397943120999,0.3264665757162346,0.8614650015741421,0.7855703641515374,1.488141462902718,6.772704376115017,0.935900933990975,6.772704376115017,4.062126141253017,1894365200.0,2139640200.0,15.223610530714582,4.675009316134063,23.076967681418942,25.306453638270305,2.935311936854925,2.935311936854925,5.280311245252474,36.86174864329399,26.064883236487223,28.583034318767783,0.0164218599454846,0.0395156118788499,0.5997790418224556,0.2567660793886648,4.225600826944612,1.869210490373688,0.0,2.6419812687071547,0.0002565503209201,0.0156224886688739,0.0,0.0238295604018647,0.3689430322649119,0.0880995017602845,0.017847491800568,0.9282505455012192,0.025850729619877,7.053289029608393,0.0283642840071482,0.0327005006669602,-4.020306432994018,337298000.0,89182000.0,-136800000.0,1101035000.0,286121500.0,158720500.0,243762500.0,60.75945618455571,48.88522619107259,79.40223435699613,1.4812509138762977,1.841047019977495,1.1334693630327304,0.0482032815233408,0.0758946374226046,2009-02-24,0.33,bmo,417862500.0,2025-04-24,2008-12-31,-0.0303030303030303,20.02453125,2106414.8125
2008-09-30,WAB,USD,943452,2008-11-06,2008-11-06 15:20:19,2008,Q3,396017000.0,288343000.0,107674000.0,0.2718923683,9713000,0.0,0.0,43841000.0,1666000.0,55220000.0,343563000.0,0.0,1943000.0,7567000.0,60121000.0,0.1518141898,52454000.0,0.1324539098,-2043000.0,50411000.0,0.1272950404,17241000.0,33170000.0,0.0837590305,0.34,0.34,96322000,97654000,https://www.sec.gov/Archives/edgar/data/943452/000119312508227810/0001193125-08-227810-index.htm,https://www.sec.gov/Archives/edgar/data/943452/000119312508227810/d10q.htm,4.111386806752352,0.3443657731359398,0.489171736467266,0.4410934158343888,1.93507194618052,7.108459126679263,3.642303938871702,7.108459126679263,1.5787047611137643,2467769640.0,2431500640.0,18.59940940608984,6.231474002378686,52.37424423787088,58.08293454468426,3.604156617267975,3.604156617267975,6.139889550196077,40.443449709752,51.60449594634747,57.229285193117896,0.0134412870076479,0.0172167609615296,0.2192504465452803,0.1168065010336824,-0.6032667453967832,2.115734583688548,26.9963973237262,1.4205004522158575,0.0001965337412936,0.014621646065722,0.0,0.0245267248628215,0.2597760212136373,0.0982851564158071,0.0116939424317642,0.6119994713889256,0.0067168833661181,7.421453733379531,0.0369804665853411,0.0348664626044837,-0.8141883474180354,392627000.0,350834000.0,144017000.0,910504000.0,291414000.0,148866500.0,209849000.0,67.87958597736966,48.319952279056544,69.7191539243193,1.3258772678726276,1.8625846209498216,1.290893462328813,0.0484445035132123,0.0480783206328772,2008-10-22,0.33,bmo,384352941.0,2025-04-24,2008-09-30,0.0303030303030303,26.84390625,1873503.9375
2008-06-30,WAB,USD,943452,2008-08-08,2008-08-08 06:49:05,2008,Q2,390194000.0,281693000.0,108501000.0,0.2780693706,9631000,0.0,0.0,42036000.0,912000.0,52579000.0,334272000.0,0.0,1293000.0,7136000.0,63754000.0,0.1633905186,55922000.0,0.1433184518,-1989000.0,53933000.0,0.1382209875,20171000.0,33762000.0,0.0865261895,0.35,0.35,96190000,97310000,https://www.sec.gov/Archives/edgar/data/943452/000119312508170944/0001193125-08-170944-index.htm,https://www.sec.gov/Archives/edgar/data/943452/000119312508170944/d10q.htm,4.056492358873064,0.3509928266971618,0.6660359704751013,0.6248570537477909,2.512527289739058,7.055317600582181,3.982732092733132,7.055317600582181,1.5742592785112797,2338378900.0,2246833900.0,17.315168680765357,5.992862268512586,36.49953017201012,38.90489809500042,3.4456280179355807,3.4456280179355807,5.758248204739181,35.242242055400446,35.070613117722345,37.38181349305382,0.0144382075975796,0.0257037043911061,0.2212256373305277,0.1195247193694769,-1.4359099036923173,2.3291147024819816,43.24980665119876,1.897577157751318,0.0002056980585994,0.0142467863278241,0.0,0.0246825937866804,0.2352933683623915,0.0618268660443917,0.0101513606052373,0.5550728699551569,0.0,7.464464617584974,0.0376066327427205,0.035148685958432,-0.2546496517309491,432260000.0,383099000.0,180035000.0,906968000.0,285247500.0,136487500.0,191189000.0,65.53932146573243,45.66407400964881,62.727117819754135,1.3732214186418903,1.9709148154626552,1.4347861519576632,0.0497486926269909,0.0411789167273105,2008-07-22,0.33,bmo,367902857.0,2025-04-24,2008-06-30,0.0606060606060604,21.9084375,1205049.28125
2008-03-31,WAB,USD,943452,2008-05-09,2008-05-09 12:13:16,2008,Q1,383327000.0,278112000.0,105215000.0,0.2744784479,9981000,0.0,0.0,40445000.0,903000.0,51329000.0,329441000.0,0.0,0.0,7332000.0,61218000.0,0.159701769,53886000.0,0.1405744964,-1864000.0,52022000.0,0.1357118074,19509000.0,32510000.0,0.0848100969,0.34,0.33,96758000,98074000,https://www.sec.gov/Archives/edgar/data/943452/000119312508109270/0001193125-08-109270-index.htm,https://www.sec.gov/Archives/edgar/data/943452/000119312508109270/d10q.htm,3.961708592571157,0.3359928894768391,-0.3502449409867917,-0.3904586700841274,1.8069100229438395,6.5698960292688975,3.515636949916286,6.5698960292688975,1.551923355174766,1821953140.0,1797281139.9999998,14.010713165179943,4.752999762604773,-53.76237540204786,-48.22533456855479,2.866103194953515,2.866103194953515,4.688636960088905,29.358703975954786,-53.03435155950308,-47.572290629962936,0.0178434885542665,-0.0207359888520513,0.2362173386399031,0.1274933243900678,-0.4030187199843183,2.343072274645027,0.0,-1.042417717625346,0.0002678444298518,0.015010765918179,0.0,0.026037821494442,0.2509129347636897,-0.1148160169966655,0.010150602488215,0.5306873977086743,0.0045652928178813,7.047507565431949,0.0379594583990402,0.0368480886258303,-0.6147915417846587,390278000.0,340166000.0,138759000.0,867820000.0,254292500.0,133638000.0,181012000.0,67.23111077487367,42.08556265101829,60.2067871936486,1.338665968220709,2.1385005767012686,1.4948480760238003,0.0511412795544998,0.0402137290973356,2008-04-24,0.3,bmo,348454545.0,2025-04-24,2008-03-31,0.1,16.927049180327867,1018710.131147541
2007-12-31,WAB,USD,943452,2008-02-29,2008-02-29 14:01:14,2007,Q4,365268000.0,268782000.0,96486000.0,0.2641512533,10355000,0.0,0.0,38898000.0,1022000.0,50275000.0,319057000.0,0.0,0.0,7476000.0,53687000.0,0.1469797519,46211000.0,0.126512588,-1451000.0,44760000.0,0.1225401623,15812000.0,28676000.0,0.0785067403,0.3,0.29,96758000,98074000,https://www.sec.gov/Archives/edgar/data/943452/000119312508043352/0001193125-08-043352-index.htm,https://www.sec.gov/Archives/edgar/data/943452/000119312508043352/d10k.htm,3.7750676946609065,0.2963682589553318,1.0125571012216044,0.9343516815147068,2.425525537940015,6.379503503586267,3.369251121354307,6.379503503586267,1.5520887161785073,1666172760.0,1581660760.0,14.52584704979774,4.561507605374684,17.006448307186673,18.429891378890783,2.699269620326989,2.699269620326989,4.330137761862523,29.460777469406,16.143843303767365,17.495086166847333,0.017210700287766,0.0542596795304707,0.2432930266918097,0.1296079578700994,-1.5741613425969043,2.2550408996223346,0.0,3.416550425442879,0.0002886855502306,0.0167736085925512,0.0,0.0283490478224207,0.251372656645108,0.0772355649005338,0.020716295979938,1.0121722846441947,0.0308047789568207,6.522296588858811,0.0346091866836642,0.0330583466676504,-0.5382526509435912,370532000.0,326002000.0,124333000.0,844235000.0,218961500.0,127804500.0,180930500.0,54.75746575117448,45.94928231801237,58.92481639395496,1.6436114923391905,1.958681299462201,1.527370054041153,0.0464563204313199,0.0782054197068976,2008-02-21,0.3,bmo,365300000.0,2025-04-24,2007-12-31,0.0,17.77453125,1142754.78125
2007-09-30,WAB,USD,943452,2007-11-09,2007-11-09 12:04:39,2007,Q3,354834000.0,259117000.0,95717000.0,0.2697514894,9237000,0.0,0.0,39679000.0,1157000.0,50073000.0,309190000.0,0.0,0.0,7693000.0,45644000.0,0.1286347982,45644000.0,0.1286347982,-2216000.0,43428000.0,0.1223896244,16668000.0,27242000.0,0.0767739281,0.28,0.28,97472000,98762000,https://www.sec.gov/Archives/edgar/data/943452/000119312507241814/0001193125-07-241814-index.htm,https://www.sec.gov/Archives/edgar/data/943452/000119312507241814/d10q.htm,3.6403685160866712,0.2794853906762968,0.1878795961917268,0.1416098982271832,1.621245075508864,6.009223161523309,3.1363878857518057,6.009223161523309,1.538903479973736,1887057920.0,1879031920.0,17.317542030687907,5.318142906260392,103.04471795991915,136.71360718684343,3.221714268153811,3.221714268153811,5.295523878771482,41.16711769345368,102.60645006279692,136.13213938998769,0.0144362288572467,0.0073145608588421,0.2560902530342426,0.1360220972431041,-0.1758391026202787,2.464366314780064,0.0,0.6722340503634094,0.0002527744352436,0.0175097276264591,0.0,0.0260318909687346,0.2539269579474084,0.2462731392999508,0.0127101686986027,0.5862472377486027,0.0,6.147237336119889,0.0326725921756693,0.0331112707401235,-1.070020108338805,354280000.0,305710000.0,79183000.0,815787000.0,208549500.0,114456000.0,185244500.0,54.70704611170294,41.11837509696392,64.56372989807693,1.6451262935351063,2.188802446297188,1.3939715091132103,0.0465094044877255,0.0462696979645436,2007-10-24,0.26,bmo,341659259.0,2025-04-24,2007-09-30,0.0384615384615384,19.167301587301587,1134168.253968254
2007-06-30,WAB,USD,943452,2007-08-09,2007-08-09 12:02:24,2007,Q2,325722000.0,234872000.0,90850000.0,0.2789188326,9026000,0.0,0.0,34915000.0,1140000.0,45081000.0,279953000.0,0.0,0.0,7211000.0,45769000.0,0.1405155316,45769000.0,0.1405155316,-2175000.0,43594000.0,0.1338380582,15469000.0,28130000.0,0.0863619897,0.29,0.28,97332000,98588000,https://www.sec.gov/Archives/edgar/data/943452/000119312507176979/0001193125-07-176979-index.htm,https://www.sec.gov/Archives/edgar/data/943452/000119312507176979/d10q.htm,3.346504746640365,0.2890108083672379,0.0767579007931615,0.0260551514404306,1.450971931122344,5.561829614104303,2.7688735462129617,5.561829614104303,1.5411170016027618,1778255640.0,1787029640.0,15.803907216494844,5.459427487243723,238.02110025431668,701.204905362776,3.2848902730980667,3.2848902730980667,5.486364568558464,39.04454193886692,239.195507964128,704.6646845425868,0.0158188729265045,0.0014261166634061,0.2770881361943607,0.1416980527853586,0.1917018068998667,2.330874790511664,0.0,0.2655883398506932,0.0002783626768083,0.0175968716672591,0.0,0.0277107472016013,0.2567984364092202,0.6605541426850489,0.0151509569510195,0.6843710997087783,0.0,6.0139130054728405,0.0362513139400112,0.035754914235235,-1.3629458965191303,324796000.0,269500000.0,51598000.0,776284000.0,199618000.0,105232500.0,170482500.0,55.65172140659826,42.35332436390885,70.73831704077114,1.6172006494183535,2.1249807742764344,1.2722948999214538,0.0519632618076491,0.0507027493527308,2007-07-26,0.27,bmo,314067857.0,2025-04-24,2007-06-30,0.037037037037037,18.630000000000003,856641.2698412698
2007-03-31,WAB,USD,943452,2007-05-10,2007-05-10 14:36:07,2007,Q1,314264000.0,227698000.0,86566000.0,0.2754563043,8816000,0.0,0.0,34945000.0,688000.0,44449000.0,272147000.0,0.0,0.0,6760000.0,49024000.0,0.1559962325,42117000.0,0.1340178958,-1592000.0,40672000.0,0.1294198508,15118000.0,25522000.0,0.0812119746,0.27,0.26,96604000,97790000,https://www.sec.gov/Archives/edgar/data/943452/000119312507109972/0001193125-07-109972-index.htm,https://www.sec.gov/Archives/edgar/data/943452/000119312507109972/d10q.htm,3.253115813009813,0.2641919589250963,0.1941120450498944,0.1588443542710446,2.137375263964225,5.174847832387893,2.9314210591693928,5.174847832387893,1.552730735787338,1666419000.0,1609940000.0,16.323358279131728,5.3026086347784025,88.86620093856656,108.59687194525904,3.333431350780439,3.333431350780439,5.122890308784971,32.83983355091384,85.85430887372014,104.91625936787229,0.0153154758797157,0.0092083683635388,0.3000534095068922,0.1466747370366422,-1.152068374673629,2.412822399960964,0.0,0.7347386568450749,0.0002946437840663,0.0192383042081341,0.0,0.0280528472876307,0.2119195713968617,0.1816872866894198,0.0108412035740651,0.5039940828402367,0.0067936511977191,5.546255194678796,0.034067793127035,0.0316670947345172,-0.9288668171090224,347454000.0,283187000.0,70623000.0,740294000.0,187585000.0,96280000.0,150920500.0,56.653800626225085,39.50074221117445,61.80291438659979,1.5885959812966006,2.278438200448287,1.4562420056280378,0.051053087449566,0.0352676907788497,2007-04-26,0.24,bmo,290123076.0,2025-04-24,2007-03-31,0.0833333333333334,16.112950819672132,771768.9836065574
2006-12-31,WAB,USD,943452,2007-03-01,2007-03-01 08:48:24,2006,Q4,294420000.0,215672000.0,78748000.0,0.2674682426,8495000,0.0,0.0,32703000.0,1134000.0,42332000.0,258004000.0,0.0,0.0,4264000.0,40680000.0,0.1381699613,36416000.0,0.1236872495,-370000.0,36046000.0,0.1224305414,9143000.0,26242000.0,0.0891311732,0.27,0.27,96604000,97790000,https://www.sec.gov/Archives/edgar/data/943452/000119312507043570/0001193125-07-043570-index.htm,https://www.sec.gov/Archives/edgar/data/943452/000119312507043570/d10k.htm,3.047699888203387,0.2716450664568755,0.4256449008322637,0.3486398078754503,1.9458718065504537,4.864073951389177,2.6100782576290835,4.864073951389177,1.552730735787338,1467414760.0,1429435760.0,13.979639128115236,4.9840865430337615,35.68702448989518,43.56932185273159,3.122896598984015,3.122896598984015,4.855090550913661,35.13853883972468,34.76338821469394,42.44167933491686,0.0178831511821511,0.0229519294190553,0.3192243274475461,0.1541874220068623,-0.9336037364798426,2.244508615986644,0.0,1.5669156314305313,0.000331876176576,0.0185580367350049,0.0,0.0288533387677467,0.2238236013658949,0.1809139327318271,0.0252666259085659,1.7446060037523452,0.0312173086067522,5.45245706676963,0.0372801768284667,0.0347531509196831,-1.130644176224587,303400000.0,252144000.0,44238000.0,699454000.0,167280000.0,85688000.0,140687000.0,54.21184022824536,38.65202715234245,60.7092714863311,1.660153937240971,2.3284677837277594,1.4824753747912098,0.0558472320058567,0.0770050929568133,2007-02-22,0.22,bmo,269866666.0,2025-04-24,2006-12-31,0.0909090909090908,15.585079365079364,811441.2698412698
2006-09-30,WAB,USD,943452,2006-11-09,2006-11-09 14:09:39,2006,Q3,268889000.0,202691000.0,66198000.0,0.2461908074,8068000,0.0,0.0,31293000.0,1362000.0,40723000.0,243414000.0,0.0,196000.0,9771000.0,35253000.0,0.1311061442,25475000.0,0.0947416964,57000.0,25532000.0,0.0949536798,7791000.0,17371000.0,0.0646028659,0.18,0.18,97378000,98586000,https://www.sec.gov/Archives/edgar/data/943452/000119312506230039/0001193125-06-230039-index.htm,https://www.sec.gov/Archives/edgar/data/943452/000119312506230039/d10q.htm,2.7612910513668387,0.1783873154100515,0.3739140257553041,0.3273532009283411,2.542514736388096,4.7436279241717845,3.1402164760007394,4.7436279241717845,1.5424017745281275,1321419460.0,1223834460.0,19.0176077946002,4.914367861831462,36.29176512592348,41.453695768108666,2.860679677436813,2.860679677436813,4.5514485903105,34.71575355288912,33.611668451841474,38.392397653480565,0.0131457122630841,0.0241233014685586,0.324728040266277,0.1647879014919896,-2.7681332085212604,2.3822867360891973,129.97448979591837,2.0960796730182487,0.0003700566056443,0.0281503655517817,0.0,0.0300049462789478,0.1715299238350319,0.1245228090412238,0.0168619765033154,0.4640261999795312,0.0,4.3634354172699865,0.0263184088719095,0.0230346733428454,-0.152942656452176,328535000.0,305788000.0,117874000.0,644878000.0,160104000.0,79653500.0,137815000.0,52.621527842343866,34.96790681382006,60.33997562792626,1.7103266227777247,2.57378860219423,1.491548497715114,0.0376056719164366,0.0465608248269629,2006-10-25,0.2,bmo,244454545.0,2025-04-24,2006-09-30,0.0999999999999999,14.363968253968252,1235933.3015873015
2006-06-30,WAB,USD,943452,2006-08-07,2006-08-07 14:34:05,2006,Q2,261902000.0,185161000.0,76741000.0,0.2930141809,0,0.0,0.0,40336000.0,859000.0,41195000.0,226356000.0,0.0,0.0,5804000.0,35546000.0,0.1357225222,35546000.0,0.1357225222,-2043000.0,33503000.0,0.1279218944,11721000.0,21145000.0,0.0807363059,0.22,0.22,96902000,98184000,https://www.sec.gov/Archives/edgar/data/943452/000119312506163547/0001193125-06-163547-index.htm,https://www.sec.gov/Archives/edgar/data/943452/000119312506163547/d10q.htm,2.702751233204681,0.2182101504612907,0.293585271717818,0.234948711068915,2.4654496295226105,4.683546263235021,3.059534374935502,4.683546263235021,1.54795566654971,1812067400.0,1723160400.0,21.42430125325136,6.918875762689861,63.6952933319273,79.59183906531383,3.99270103229076,3.99270103229076,6.579409091950424,48.476914420750575,60.570157123273226,75.68675714850441,0.0116689920032775,0.0125641021961986,0.3305093148541903,0.1629639447704327,-2.501181567546278,2.230198281430445,0.0,1.3454244502246393,0.0002682019443647,0.0229841570111137,0.0,0.0,0.1709709065901533,0.199725825160814,0.0216951378759994,0.9789800137835976,0.0,4.795303956251463,0.0347520585546094,0.0277101060309614,-0.3672137829972549,314248000.0,296475000.0,103089000.0,636114000.0,165719000.0,86681000.0,134199000.0,56.010912478713415,39.154843622577104,67.92105248945512,1.606829741154528,2.298566197008255,1.3250678059497485,0.046590796417279,0.058636560648903,2006-07-25,0.21,bmo,249995454.0,2025-04-24,2006-06-30,0.0476190476190476,17.686190476190475,1000549.2063492064
2006-03-31,WAB,USD,943452,2006-05-10,2006-05-10 15:02:04,2006,Q1,262409000.0,187319000.0,75090000.0,0.2861563437,8115000,0.0,0.0,41743000.0,867000.0,42610000.0,229929000.0,0.0,0.0,6055000.0,38383000.0,0.1462716599,32480000.0,0.1237762424,-852000.0,31476000.0,0.1199501541,11408000.0,20046000.0,0.0763921969,0.21,0.21,96182000,97482000,https://www.sec.gov/Archives/edgar/data/943452/000119312506107416/0001193125-06-107416-index.htm,https://www.sec.gov/Archives/edgar/data/943452/000119312506107416/d10q.htm,2.728254767004221,0.2084173753924851,0.4683620635877815,0.4341872699673536,1.990559564159614,4.2920296937056825,2.661194402279013,4.2920296937056825,1.5595433657025224,1567766600.0,1526310600.0,19.55211264092587,5.974515355799534,34.80213549991121,37.5414046598501,3.7977370063175857,3.7977370063175857,5.8165329695246735,39.765276294192745,33.881872669152905,36.54870812480544,0.0127863420486187,0.026637255826218,0.3633580093794814,0.1739255459522887,-1.0800614855535002,2.171772825839331,0.0,2.247231367853936,0.0003080815728565,0.0240945824603412,0.0,0.0309250063831652,0.1818762624095877,0.0729666133901616,0.0125262471942654,0.5428571428571428,0.0166610139133947,4.486313095075608,0.0331115812970545,0.0284106289710182,-0.7018127092387348,277750000.0,255959000.0,65162000.0,595987000.0,187668000.0,93179000.0,119767000.0,57.7725992629826,44.590404603910976,61.81695396622873,1.557831933271988,2.0183714590494253,1.455911270703632,0.0485591643734739,0.0341747936204279,2006-04-25,0.15,bmo,187428571.0,2025-04-24,2006-03-31,0.4,15.537258064516127,878274.1935483871
2005-12-31,WAB,USD,943452,2006-03-16,2006-03-16 16:52:41,2005,Q4,269369000.0,199932000.0,69437000.0,0.2577765073,0,0.0,0.0,38868000.0,969000.0,39837000.0,239769000.0,0.0,0.0,5986000.0,35586000.0,0.132108743,29600000.0,0.1098864383,-1869000.0,27731000.0,0.1029480007,9615000.0,16301000.0,0.060515501,0.17,0.17,96182000,97482000,https://www.sec.gov/Archives/edgar/data/943452/000119312506056807/0001193125-06-056807-index.htm,https://www.sec.gov/Archives/edgar/data/943452/000119312506056807/d10k.htm,2.800617579172818,0.1694807760287787,0.3822752698010023,0.3177933501070886,1.4697656526169138,3.942598407186376,2.307053294795284,3.942598407186376,1.5595433657025224,1293647900.0,1302282900.0,19.840008281700506,4.802512167324377,35.184070387293296,42.32310083098868,3.411455748443462,3.411455748443462,4.834568565796361,36.5953717754173,35.41892134464752,42.605604266178105,0.0126008011917307,0.0236277583722742,0.3955623182061512,0.1793492491842598,0.2426516045635924,1.9998674833008256,0.0,2.255567143120054,0.0003741358061957,0.0296914299736212,0.0,0.0,0.1880895359278394,0.1686792863359443,0.0230241787288069,1.0360841964584029,0.0,3.877419160529968,0.0325057794415619,0.024005702108985,-1.0935544072695516,241447000.0,221897000.0,25776000.0,560358000.0,190121500.0,101251500.0,118170500.0,69.12521485397355,42.1122681711782,49.90981933857512,1.3019851032669376,2.137144445275839,1.8032523698285423,0.0429870756605231,0.0644819196939136,2006-02-22,0.16,bmo,227621052.0,2025-04-24,2005-12-31,0.1875,13.29952380952381,739901.5873015873
2005-09-30,WAB,USD,943452,2005-11-09,2005-11-09 12:34:11,2005,Q3,255865000.0,188899000.0,66966000.0,0.261723956,0,0.0,0.0,38892000.0,918000.0,39810000.0,228709000.0,0.0,0.0,6262000.0,33490000.0,0.1308893362,27156000.0,0.1061340942,-3360000.0,23717000.0,0.0926934125,8366000.0,15076000.0,0.058921697,0.16,0.16,95148000,96622000,https://www.sec.gov/Archives/edgar/data/943452/000119312505221123/0001193125-05-221123-index.htm,https://www.sec.gov/Archives/edgar/data/943452/000119312505221123/d10q.htm,2.6891264135872537,0.1584478917055534,0.1853953840332955,0.1327405725816622,1.1150208096859628,3.824988439063354,2.1097343086559888,3.824988439063354,1.5797704628578637,1297818720.0,1342038720.0,21.52127089413637,5.072279209739511,73.57248979591837,102.75682660332542,3.566023850085179,3.566023850085179,5.245104723193871,40.07281934905942,76.0792925170068,106.25801425178147,0.0116164143479144,0.0097317135323799,0.4130131340330824,0.1860138181269174,1.3203941475067185,1.925485338115533,0.0,1.1700716370390023,0.0003729334401957,0.0321040063677368,0.0,0.0,0.2019666637378738,0.2840136054421768,0.0195806382271901,0.8000638773554775,0.0,3.6927470078890248,0.0300736705791025,0.0233785003396054,-1.5269790221549586,206945000.0,200737000.0,-13577000.0,533304000.0,170701000.0,110605000.0,121612000.0,60.97621792742266,51.909644836658735,59.7786118507774,1.4759852785084684,1.7337818488875836,1.5055552013262343,0.0414244106171346,0.0526548114516332,2005-10-25,0.14,bmo,223737500.0,2025-04-24,2005-09-30,0.1428571428571427,12.30265625,559768.75
2005-06-30,WAB,USD,943452,2005-08-09,2005-08-09 11:50:44,2005,Q2,270241000.0,202870000.0,67371000.0,0.2492996992,0,0.0,0.0,39659000.0,1073000.0,40732000.0,243602000.0,0.0,0.0,6691000.0,32952000.0,0.1219356056,26639000.0,0.0985749757,-2475000.0,23821000.0,0.0881472463,8670000.0,15151000.0,0.0560647718,0.16,0.16,93724000,95088000,https://www.sec.gov/Archives/edgar/data/943452/000119312505162105/0001193125-05-162105-index.htm,https://www.sec.gov/Archives/edgar/data/943452/000119312505162105/d10q.htm,2.883370321369126,0.1616554991250907,0.185171354188895,0.1269578763176987,1.033993427510563,3.6665635269514745,1.9138427723955445,3.6665635269514745,1.6039221544108233,1006595760.0,1070069760.0,16.60939475942182,3.7248077086748497,58.000331892826274,84.59498781410203,2.9291733038455385,2.9291733038455385,3.9596869460962623,32.473590677348874,61.6577216940363,89.92938566266072,0.0150517224511257,0.011821031314497,0.4374456197529427,0.1919769309947614,1.926256372906045,1.8931262930333108,0.0,1.145468945944162,0.0004629465158883,0.0307570457395551,0.0,0.0,0.2097869590647755,0.3143762604436761,0.020189386510559,0.8154237034822897,0.0,3.651876713831103,0.029832621431822,0.0244856731903615,-1.6812289274892236,192107000.0,179373000.0,-32195000.0,518391000.0,164037500.0,111772000.0,113012000.0,55.9667111948224,49.801449203923696,52.24054813427318,1.6080987801249629,1.8071763259634053,1.7227996874893847,0.0440891035807301,0.0582134778711962,2005-07-26,0.12,bmo,199725000.0,2025-04-24,2005-06-30,0.3333333333333334,10.2778125,576209.375
2005-03-31,WAB,USD,943452,2005-05-10,2005-05-10 11:53:43,2005,Q1,244884000.0,187354000.0,57530000.0,0.2349275575,0,0.0,0.0,38342000.0,971000.0,39313000.0,226667000.0,0.0,0.0,6731000.0,25055000.0,0.1023137486,18217000.0,0.0743903236,-3491000.0,14602000.0,0.0596282321,5354000.0,9248000.0,0.0377648193,0.1,0.1,92518000,93970000,https://www.sec.gov/Archives/edgar/data/943452/000119312505102234/0001193125-05-102234-index.htm,https://www.sec.gov/Archives/edgar/data/943452/000119312505102234/d10q.htm,2.646879526146264,0.0999589269115199,0.1330443805529734,0.0682137529994163,0.7366134157677425,3.4952117425798224,1.6894334075531248,3.4952117425798224,1.6257268855790226,948309500.0,1030568500.0,25.63552930363322,3.872484523284494,77.04196116662605,150.26295357312628,2.932583418375236,2.932583418375236,4.208394586824783,41.13224905208541,83.72479486554553,163.2971795278086,0.0097520904303921,0.0066550002926259,0.4651297275566688,0.201590648040305,3.2831370983835564,1.8271875973353964,0.0,1.3309904844290656,0.0004914007504933,0.0503892733564013,0.0,0.0,0.2239170847233186,0.487285725891624,0.0244932294474118,0.8911008765413757,0.0,2.803746839521805,0.0210901542336327,0.0159711524512817,-1.9503042651159777,164655000.0,156303000.0,-59032000.0,496421000.0,149934000.0,101737500.0,102630000.0,58.81253981476944,53.45890666865933,52.00913778195288,1.530285892829245,1.683536114156318,1.7304651420549009,0.0285988186906639,0.0648306275535571,2005-04-26,0.1,bmo,241800000.0,2025-04-24,2005-03-31,0.0,9.526065573770492,603524.5901639344
2004-12-31,WAB,USD,943452,2005-03-16,2005-03-16 14:59:01,2004,Q4,224388000.0,169299000.0,55089000.0,0.2455077812,0,0.0,0.0,37822000.0,1044000.0,38866000.0,208165000.0,0.0,0.0,7087000.0,23310000.0,0.1038825606,16223000.0,0.0722988752,-2211000.0,14012000.0,0.0624454071,5114000.0,9247000.0,0.0412098686,0.1,0.098,92518000,93970000,https://www.sec.gov/Archives/edgar/data/943452/000119312505052564/0001193125-05-052564-index.htm,https://www.sec.gov/Archives/edgar/data/943452/000119312505052564/d10k.htm,2.425344257333708,0.0999481182040251,0.298795909985084,0.2317170712726172,1.0296050498281415,3.3769212477571933,1.7194491882660672,3.3769212477571933,1.627726496465553,986241880.0,1041578880.0,26.663833675786744,4.395252330784177,35.67652582838952,46.004379139845135,3.156721527657749,3.156721527657749,4.641865340392535,44.68377863577864,37.67829836492548,48.58563671984327,0.0093759960791768,0.0217370610949922,0.4820149411380615,0.2110945393582246,2.373959673959674,1.9879970365783537,0.0,2.989510111387477,0.0004664170213497,0.0497458635233048,0.0,0.0,0.2149521443910535,0.2244971784112285,0.0276574504875483,0.875687879215465,0.0,2.7557450518547078,0.0193456913894239,0.0165110258012677,-1.6465417540370522,178701000.0,159080000.0,-41397000.0,483008000.0,137998500.0,90652000.0,97318500.0,56.08976415851115,49.00802721811706,51.561320503960445,1.6045708401564611,1.836433847856035,1.7454944737710327,0.0295974086663721,0.0670788387124667,2005-02-22,0.11,bmo,246839999.0,2025-04-24,2004-12-31,-0.0909090909090908,10.15328125,472381.25
2004-09-30,WAB,USD,943452,2004-11-09,2004-11-09 16:08:02,2004,Q3,202894000.0,152990000.0,49904000.0,0.2459609451,0,0.0,0.0,39495000.0,771000.0,40266000.0,193256000.0,0.0,0.0,6663000.0,9638000.0,0.0475026368,9638000.0,0.0475026368,-2478000.0,7160000.0,0.0352893629,-2268000.0,9428000.0,0.0464676136,0.11,0.1,91006000,92552000,https://www.sec.gov/Archives/edgar/data/943452/000119312504191275/0001193125-04-191275-index.htm,https://www.sec.gov/Archives/edgar/data/943452/000119312504191275/d10q.htm,2.2294573984132917,0.1035975649957145,0.0413599103355822,-0.0098784695514581,1.0691163220007471,3.1442981781421007,1.5429422235896535,3.1442981781421007,2.089005120541503,850906100.0,943722100.0,22.563271637675008,4.1938455548217295,226.0643198724761,-946.502892102336,2.973636554254761,2.973636554254761,4.651306100722545,97.91679809089024,250.72319341126465,-1049.7464961067851,0.0110799534754774,-0.0010565208076425,0.6643788222959987,0.2743239733341029,9.630213737289894,2.234249471458774,0.0,0.3992363173525668,0.0005335488839485,0.0481544336020364,0.0,0.0,0.210286860408069,1.2388416578108394,0.0229824440348162,0.6998349092000601,0.0,2.707247086009997,0.0240600047893851,0.0172267932547274,-1.743137815089115,204330000.0,140417000.0,-36990000.0,500933000.0,133243000.0,85204000.0,96011500.0,60.39537886778317,52.42401464147983,57.44198967252761,1.490180237084478,1.7167704651293272,1.5667980951405602,0.0329477546741219,0.0512383798870404,2004-10-21,0.1,bmo,202900000.0,2025-04-24,2004-09-30,0.0,8.8575,349446.875
2004-06-30,WAB,USD,943452,2004-08-09,2004-08-09 14:41:22,2004,Q2,206508000.0,153855000.0,52653000.0,0.2549683305,0,0.0,0.0,33847000.0,745000.0,34592000.0,188447000.0,0.0,0.0,6109000.0,18061000.0,0.0874590815,18061000.0,0.0874590815,-3946000.0,14115000.0,0.0683508629,5152000.0,8963000.0,0.0434026769,0.1,0.1,89594000,91052000,https://www.sec.gov/Archives/edgar/data/943452/000119312504135713/0001193125-04-135713-index.htm,https://www.sec.gov/Archives/edgar/data/943452/000119312504135713/d10q.htm,2.30493113378128,0.1000401812621381,0.3371431122619818,0.2904882023349778,1.058430252025805,3.0002790365426257,1.367223251557024,3.0002790365426257,2.122898854834029,808137880.0,903507880.0,22.54094276469932,3.913349022798149,26.754217042971597,31.051174978867287,3.0063870360518883,3.0063870360518883,4.375171325081837,50.0253518631305,29.911536780772032,34.715587489433645,0.0110909291864898,0.0322049004805962,0.7075671392486059,0.2792379201804045,5.280438513925032,2.214969379380012,0.0,3.3700769831529622,0.0005543608474336,0.0499832645319647,0.0,0.0,0.2148058537502055,0.1383831026948288,0.0202413465822147,0.684236372565068,0.0,2.598718976666415,0.0219393414985121,0.0167587841981661,-1.926044154742505,192439000.0,122495000.0,-61500000.0,490161000.0,130213000.0,80442000.0,96231500.0,56.80109245162414,47.55367066393682,55.20795554255631,1.5844765675352177,1.8925983787041936,1.630199834707241,0.0333436257240324,0.046654909927004,2004-07-23,0.08,bmo,165200000.0,2025-04-24,2004-06-30,0.25,8.16241935483871,511158.064516129
2004-03-31,WAB,USD,943452,2004-05-10,2004-05-10 12:26:59,2004,Q1,188228000.0,140710000.0,47518000.0,0.2524491574,0,0.0,0.0,35252000.0,783000.0,36035000.0,176745000.0,0.0,0.0,6253000.0,11483000.0,0.0610058015,11483000.0,0.0610058015,-3913000.0,7570000.0,0.0402171834,2763000.0,4807000.0,0.0255381771,0.055,0.055,89322000,90672000,https://www.sec.gov/Archives/edgar/data/943452/000119312504083308/0001193125-04-083308-index.htm,https://www.sec.gov/Archives/edgar/data/943452/000119312504083308/d10q.htm,2.1072971944201875,0.0538165289626295,-0.0979266026286917,-0.1450930341909048,0.6500638140659636,2.820772038243658,1.1789368800519469,2.820772038243658,2.129497772105416,635972640.0,768118640.0,33.075340128978574,3.37873557600357,-72.70751571967531,-49.07196296296296,2.5241316573859827,2.5241316573859827,4.080788405550715,66.8918087607768,-87.81509546130101,-59.268413580246914,0.0075585012587962,-0.020378235139172,0.7549343737225003,0.2908260541834789,11.507968300966647,2.1876437368170376,0.0,-1.8196380278760145,0.0007060052143123,0.0934054503848554,0.0,0.0,0.2242258465499658,-0.4816508517205899,0.0223824298191554,0.67375659683352,0.0,1.848132463351883,0.0143803103839187,0.0094740680154123,-2.2100042542710643,174548000.0,105305000.0,-80562000.0,474386000.0,129584000.0,79669000.0,94947000.0,62.20360413966041,50.90746926302324,62.736479283633,1.4468615001460483,1.7679134575517332,1.4345720548503849,0.0190786523097195,0.0471664315622131,2004-04-23,0.07,bmo,219566666.0,2025-04-24,2004-03-31,-0.1428571428571429,7.914354838709677,303145.1612903226
2003-12-31,WAB,USD,943452,2004-03-15,2004-03-15 13:26:21,2003,Q4,206356000.0,153169000.0,53187000.0,0.2577438989,0,0.0,0.0,37088000.0,1180000.0,38268000.0,191437000.0,0.0,0.0,6947000.0,21866000.0,0.1059625114,14919000.0,0.072297389,-6154000.0,8765000.0,0.04247514,3199000.0,5891000.0,0.0285477524,0.066,0.065,89322000,90672000,https://www.sec.gov/Archives/edgar/data/943452/000119312504041920/0001193125-04-041920-index.htm,https://www.sec.gov/Archives/edgar/data/943452/000119312504041920/d10k.htm,2.310248315084749,0.0659523969458811,0.3823246232731018,0.2947090302501063,0.7873536194890397,2.7797519088242537,1.1314905622355076,2.7797519088242537,2.165457558048409,761023440.0,884118440.0,32.296021049057885,3.687915253251662,22.28472737920937,28.909870840297827,3.06502172836125,3.06502172836125,4.284432921746884,40.433478459709136,25.88926617862372,33.586021881173075,0.0077408916603146,0.0345902617664444,0.7790110877068624,0.2947151095908152,5.629516143784872,2.1082078806126456,0.0,5.796978441690714,0.0005729127081814,0.0740112035308097,0.0,0.0,0.224325580332315,0.2291654465592972,0.0379247514004923,1.1265294371671224,0.0,2.0309983454674656,0.0188152484482402,0.0115718778421423,-2.1828217012606075,169312000.0,101067000.0,-85920000.0,470377000.0,130755500.0,78817000.0,96083500.0,56.29426815794064,46.85824155018313,53.9457070294903,1.5987418070254271,1.920686671598932,1.6683440621289851,0.0237260011357549,0.0876155930229954,2004-02-18,0.07,bmo,240800000.0,2025-04-24,2003-12-31,-0.1428571428571429,8.19890625,598728.125
2003-09-30,WAB,USD,943452,2003-11-14,2003-11-14 13:27:14,2003,Q3,167189000.0,123764000.0,43425000.0,0.2597359874,0,0.0,0.0,31694000.0,1084000.0,32778000.0,156542000.0,0.0,0.0,6488000.0,10647000.0,0.0636824193,10647000.0,0.0636824193,-1907000.0,8740000.0,0.0522761665,3190000.0,5603000.0,0.0335129704,0.065,0.065,87106000,88350000,https://www.sec.gov/Archives/edgar/data/943452/000095012803001239/0000950128-03-001239-index.htm,https://www.sec.gov/Archives/edgar/data/943452/000095012803001239/j0392101e10vq.htm,1.919374095929098,0.0643239271691961,0.1187403852777076,0.0696048492641149,0.3029871650632562,2.6030927835051547,0.9003053750602714,2.6030927835051547,2.183776088903175,690750580.0,854578580.0,30.82056844547564,4.131555186046929,66.7843546359857,113.92884380669636,3.046376237623762,3.046376237623762,5.111452188840175,80.26472997088382,82.62385961519868,140.94979053273957,0.0081114662256237,0.0087774084822339,0.8389159628657743,0.2993266644951242,15.38724523339908,1.8515354747617367,0.0,1.8459753703373192,0.0006340928443375,0.0781724076387649,0.0,0.0,0.2333983222474519,0.413806439137581,0.0255997703198176,0.6596794081381011,0.0,1.9409858033919327,0.0140948028035931,0.0115011187059958,-2.673171193717999,132682000.0,78422000.0,-120251000.0,429506000.0,132053000.0,75052500.0,96912500.0,71.2925491509609,56.6386833004751,72.97938011053296,1.2624040109637036,1.5890199904990563,1.233225054305586,0.0247105779620278,0.0491355360135926,2003-10-15,0.08,bmo,188087625.0,2025-04-24,2003-09-30,-0.1249999999999999,7.50515625,270065.625
2003-06-30,WAB,USD,943452,2003-08-14,2003-08-14 12:30:43,2003,Q2,174856000.0,127294000.0,47562000.0,0.2720066798,0,0.0,0.0,32675000.0,1045000.0,33720000.0,161014000.0,0.0,0.0,6132000.0,19974000.0,0.1142311388,13842000.0,0.0791622821,-5071000.0,8771000.0,0.0501612756,3201000.0,5526000.0,0.0316031477,0.065,0.065,86956000,87580000,https://www.sec.gov/Archives/edgar/data/943452/000095015203007709/0000950152-03-007709-index.htm,https://www.sec.gov/Archives/edgar/data/943452/000095015203007709/j0238801e10vq.txt,2.010856065136391,0.0635493812962877,0.1439348636091816,0.1144946869681218,0.1001081006486039,2.5237016422098533,0.8094783568701412,2.5237016422098533,2.090747044482267,605213760.0,778311760.0,27.38028230184582,3.461212426225008,48.35520613614574,60.788846926476495,2.757853735002347,2.757853735002347,4.451158438944045,38.96624411735256,62.18534356024289,78.17514664523905,0.0091306582322252,0.0164503860586381,0.8284446186164566,0.2979527151271604,8.666166015820567,1.8085212587010928,0.0,2.264929424538545,0.0007303204738768,0.0799855229822656,0.0,0.0,0.2442942504924824,0.2045381911153723,0.0146406185661344,0.4174820613176777,0.0,1.899616475403492,0.0189146225380011,0.0119840732837141,-2.720142945857676,118243000.0,70389000.0,-126234000.0,416770000.0,130878500.0,72059000.0,92609500.0,67.7712517728874,51.059908558141,66.0834760475749,1.327996719045485,1.7626353540668531,1.3619138305498195,0.0251810199087723,0.0294401766410598,2003-07-17,0.07,bmo,174856000.0,2025-04-24,2003-06-30,0.0,6.49984126984127,194800.0
2003-03-31,WAB,USD,943452,2003-05-15,2003-05-15 11:34:03,2003,Q1,169523000.0,124247000.0,45276000.0,0.2670788035,0,0.0,0.0,31975000.0,1000000.0,32975000.0,157222000.0,0.0,0.0,5717000.0,18018000.0,0.1062864626,12301000.0,0.0725624252,-3535000.0,8766000.0,0.0517097975,3200000.0,5683000.0,0.0335234747,0.065,0.065,86906000,87198000,https://www.sec.gov/Archives/edgar/data/943452/000095012803000666/0000950128-03-000666-index.htm,https://www.sec.gov/Archives/edgar/data/943452/000095012803000666/j0101701e10vq.txt,1.950647826387131,0.0653924930384553,-0.01271488734955,-0.0449796331668699,0.1478378938163072,2.4004441580558304,0.6729339746392654,2.4004441580558304,2.2123328653947945,504923860.0,684340860.0,22.21202973781453,2.978497666983241,-456.9446696832579,-129.16957278076234,2.420385402635502,2.420385402635502,4.036861428832665,37.98095571095571,-619.3129954751131,-175.06801227935534,0.0112551623129871,-0.0077417613023872,0.921634797447906,0.315369991585322,9.957653457653455,1.8028140335159129,0.0,-0.1944395565722329,0.0008615160313477,0.076544078831603,0.0,0.0,0.2462580927714143,-2.5375565610859727,0.0165405284238716,0.4904670281616232,0.0,1.879321187991691,0.0168638137606886,0.012367306612581,-2.8162152210434264,118281000.0,58482000.0,-135422000.0,416917000.0,119053500.0,67002000.0,90111000.0,69.06390283324386,52.08174040419487,66.46180591885518,1.3031409507410368,1.7280528511821975,1.3541612171941757,0.0272418305666473,0.0322647458173198,2003-04-17,0.06,bmo,141269166.0,2025-04-24,2003-03-31,0.1666666666666668,5.908688524590164,214806.5573770492
2002-12-31,WAB,USD,943452,2003-03-31,2003-03-31 15:07:43,2002,Q4,177640000.0,131589000.0,46051000.0,0.2592377843,0,0.0,0.0,32378000.0,1076000.0,33454000.0,165043000.0,0.0,0.0,6246000.0,18843000.0,0.1060740824,12597000.0,0.0709130826,-5976000.0,6621000.0,0.0372720108,1545000.0,5250000.0,0.0295541545,0.06,0.06,86906000,87198000,https://www.sec.gov/Archives/edgar/data/943452/000095012803000469/0000950128-03-000469-index.htm,https://www.sec.gov/Archives/edgar/data/943452/000095012803000469/j9924801e10vk.txt,2.044047591650749,0.0604100982670931,0.1759142061537753,0.1526476883069063,0.22104342623064,2.2928451430280994,0.5556348238326467,2.2928451430280994,2.245541159413619,610080120.0,786021120.0,29.051434285714283,3.4343623057869848,39.90581632653061,45.98824966078698,3.061698266603768,3.061698266603768,4.42479801846431,41.71422384970546,51.41425431711146,59.25080054274084,0.0086054271035745,0.0217446849440037,0.9793688711344862,0.3314019342294074,9.337207451042827,1.8129348010912072,0.0,2.912,0.0007507210692261,0.0872380952380952,0.0,0.0,0.2563813437714926,0.1322605965463108,0.011382571492907,0.3237271853986551,0.0,1.7653604473407076,0.0212516855914066,0.0119892850047157,-2.820792005154995,109960000.0,48288000.0,-144380000.0,409526000.0,105895500.0,63303500.0,92799000.0,54.72703219995496,42.47589084193967,60.50885712331578,1.6445255001434933,2.118849027437846,1.4873855544252288,0.0263472212463992,0.023266517846869,2003-02-19,0.06,bmo,148033333.0,2025-04-24,2002-12-31,0.1666666666666668,6.94015625,141006.25
2002-09-30,WAB,USD,943452,2002-11-14,2002-11-14 20:49:48,2002,Q3,161422000.0,118138000.0,43284000.0,0.268141889,0,30702000.0,0.0,30702000.0,1412000.0,32114000.0,150252000.0,0.0,0.0,6254000.0,17424000.0,0.1079406772,11170000.0,0.0691975072,-3409000.0,7761000.0,0.0480789483,2716000.0,3890000.0,0.0240983261,0.045,0.045,86722000,87230000,https://www.sec.gov/Archives/edgar/data/943452/000095015202008597/0000950152-02-008597-index.htm,https://www.sec.gov/Archives/edgar/data/943452/000095015202008597/j9708401e10vq.txt,1.8613731233135768,0.044855976568806,0.1183782661838979,0.082458891630728,0.20802103272526,2.272675906920966,0.5310647817162888,2.272675906920966,2.44002675215055,610522880.0,804086880.0,39.23668894601543,3.782154105388361,59.470375998441455,85.37587470283876,3.0976700102998107,3.0976700102998107,4.981271945583625,46.14823691460055,78.32523670368205,112.4439770661446,0.0063715875807963,0.0117129107430011,1.0736360361457398,0.3495073789919644,11.109044995408633,1.7079782367952236,0.0,-0.1776954632786942,0.0005781929090028,0.090745501285347,0.1901971230687267,0.0,0.2494669122201392,0.3034287940775375,0.0192972457285871,0.498081228014071,0.0,1.5145031157644018,0.0157549590593287,0.0085607582763166,-3.043183967159429,102928000.0,46055000.0,-160033000.0,413233000.0,105877000.0,69561500.0,98698500.0,57.85754110344315,49.13973488631939,73.99414244358293,1.55554484832132,1.831511712633521,1.2163124948521538,0.0197370757670314,0.0359193745531699,2002-10-17,0.07,bmo,184482285.0,2025-04-24,2002-09-30,-0.1428571428571429,6.53140625,202453.125
2002-06-30,WAB,USD,943452,2002-08-14,2002-08-14 12:45:44,2002,Q2,179808000.0,134452000.0,45356000.0,0.2522468411,0,30707000.0,0.0,30707000.0,1349000.0,32056000.0,166508000.0,0.0,0.0,6455000.0,19755000.0,0.1098671917,13300000.0,0.0739677879,-5971000.0,7329000.0,0.0407601442,2565000.0,4821000.0,0.0268119327,0.055,0.055,86642000,87468000,https://www.sec.gov/Archives/edgar/data/943452/000095012802000610/0000950128-02-000610-index.htm,https://www.sec.gov/Archives/edgar/data/943452/000095012802000610/j9588301e10vq.txt,2.0752983541469496,0.0556427598624223,0.1613766995221717,0.1296022714157106,0.4412178850903718,2.9679139447381178,0.1784007756053646,2.9679139447381178,2.780222063202604,575302880.0,777958880.0,29.83317154117403,3.1995399537284213,41.14596481190101,51.2336699617063,2.237261633468924,2.237261633468924,4.326608827193451,39.380353328271326,55.64002860821056,69.28122539852168,0.0083799337142202,0.0195184143698359,0.9367596618263556,0.3415689677664528,10.258466211085802,1.8101669077121525,0.0,2.900829875518672,0.001001211744325,0.119477286869944,0.1707766061576793,0.0,0.3427104425802719,0.1968960091546273,0.0153107759387791,0.4264910921766073,0.0,1.927619196233128,0.0156465036844658,0.0104004193821879,-3.2170656263705824,124359000.0,15457000.0,-170225000.0,530458000.0,106231000.0,74250000.0,102787500.0,54.04865189535504,49.94942432987237,67.11845119447833,1.665166416624993,1.8018225676762265,1.3409129441801553,0.0187481041898376,0.031774428106461,2002-07-16,0.06,bmo,179800000.0,2025-04-24,2002-06-30,0.0,7.135,213103.125
2002-03-31,WAB,USD,943452,2002-05-14,2002-05-14 12:53:54,2002,Q1,177325000.0,132545000.0,44780000.0,0.252530664,0,32828000.0,0.0,32828000.0,1485000.0,34313000.0,166858000.0,0.0,0.0,6558000.0,17025000.0,0.0960101509,10467000.0,0.0590272099,-6423000.0,4044000.0,0.022805583,1415000.0,2224000.0,0.0125419428,0.025,0.025,86396000,87024000,https://www.sec.gov/Archives/edgar/data/943452/000095012802000405/0000950128-02-000405-index.htm,https://www.sec.gov/Archives/edgar/data/943452/000095012802000405/j9449901e10-q.txt,2.0524677068382795,0.0257419324968748,-0.2763785360433353,-0.306171582017686,0.3188110560674105,2.883582573267281,0.0745867864252974,2.883582573267281,2.795094680309273,639330400.0,853271400.0,71.86717625899281,3.6054160439870295,-26.77487226735908,-24.16945410554968,2.5662521575081283,2.5662521575081283,4.811906950514592,50.11873127753304,-35.734626015579195,-32.25734916074399,0.0034786395266047,-0.0413745381104981,0.969313209970698,0.3467420021825282,12.566284875183554,1.7583060564516657,0.0,-10.736510791366907,0.0006585014571495,0.1892985611510791,0.1851290004229522,0.0,0.3484664867038079,-0.1077979730295669,0.0145157197236712,0.3924977127172918,0.0,1.292343696111738,0.0124905426082369,0.0049013342031144,-3.342203342747349,115603000.0,6444000.0,-179258000.0,523205000.0,105503500.0,74515000.0,105118000.0,53.02805582969125,50.165604134444905,71.50431928778904,1.6972147779479323,1.7940579317812668,1.2586652232541355,0.0089270661903423,0.0297930459743506,2002-04-17,0.025,bmo,177325000.0,2025-04-24,2002-03-31,0.1999999999999999,6.8261666666666665,263096.6666666667
2001-12-31,WAB,USD,943452,2002-04-01,2002-04-01 00:00:00,2001,Q4,46953000.0,27016000.0,19937000.0,0.4246161055,0,20208000.0,0.0,20208000.0,11058000.0,31266000.0,58282000.0,0.0,0.0,1699000.0,-9524000.0,-0.202841139,-10634000.0,-0.2264818009,-5910000.0,-16544000.0,-0.3523523524,-5791000.0,37065000.0,0.7894064277,0.43,0.43,86396000,87024000,https://www.sec.gov/Archives/edgar/data/943452/000095012802000341/0000950128-02-000341-index.htm,https://www.sec.gov/Archives/edgar/data/943452/000095012802000341/j9354401e10-k.txt,0.5434626603083476,0.4290129172646881,0.3723667762396407,0.3319250891244965,0.6244386314181212,2.838916153525626,0.0247117922126024,2.838916153525626,2.799550905134497,531335400.00000006,719256400.0,3.5838081748280053,11.316324835473774,16.51597401386342,18.528277016424315,2.166319703511626,2.166319703511626,15.318646305880348,-75.52041159176817,22.35729072767399,25.08129860166684,0.0697581979292175,0.0539715592072352,0.9861337051669378,0.3313505545570119,-19.731310373792525,1.5878660301469758,0.0,0.8679616889248617,0.0007961073175248,0.0114123836503439,0.4303878346431538,0.0,0.3330849151725045,0.1086071306456125,0.0744148403722871,2.0565038257798705,0.0,5.234831732741007,-0.0126933871873108,0.0761375961348846,-3.4535366220658363,109473000.0,2135000.0,-188987000.0,520304000.0,134378000.0,76099000.0,145773500.0,204.1920644048304,250.351643470536,349.559520284276,0.440761497085246,0.3594943446440452,0.2574668826836939,0.1511185586555279,0.0404416871151442,2002-02-20,0.025,bmo,46953000.0,2025-04-24,2001-12-31,0.1999999999999999,6.07046875,177259.375
2001-09-30,WAB,USD,943452,2001-11-14,2001-11-14 00:00:00,2001,Q3,228532000.0,171814000.0,56718000.0,0.2481840618,0,36590000.0,0.0,36590000.0,3660000.0,40250000.0,212064000.0,0.0,0.0,10682000.0,21207000.0,0.0927966324,14749000.0,0.0645380078,-8111000.0,6784000.0,0.0296851207,391000.0,6393000.0,0.0279742005,0.075,0.075,85998000,86608000,https://www.sec.gov/Archives/edgar/data/943452/000095012801500703/0000950128-01-500703-index.htm,https://www.sec.gov/Archives/edgar/data/943452/000095012801500703/j9138201e10-q.txt,2.657410637456685,0.0743389381148398,0.138096234796158,0.0878625084304286,0.0007093188213679,2.4987325286634574,-0.5665596874345915,2.4987325286634574,5.290960254889648,492768540.00000006,947719540.0,19.269847489441577,2.1562343129189787,41.492803974402165,65.21552938062467,2.2931626071498377,2.2931626071498377,4.146988342989165,44.68899608619795,79.80124115863927,125.42609052408682,0.0129736366692565,0.0153337711047868,2.1174576286961457,0.5071444175460653,21.452869335596738,2.202746031656271,0.0,1.857656812138276,0.0008502977888969,0.0655404348506178,0.1601088687798645,0.0,0.2938116637910665,0.3637588413607275,0.0189032608124901,0.4044186481932222,0.0,2.0443691602329626,0.0192735027786509,0.0100900417459102,-5.433576943649852,212690000.0,-48723000.0,-292791000.0,678401000.0,158106000.0,75993000.0,188230500.0,63.88868954894719,40.359458484174745,97.75414110607984,1.4087000474637703,2.22996054407642,0.9206771087307158,0.029750658488687,0.0502337263657294,2001-10-18,0.07,bmo,228532000.0,2025-04-24,2001-09-30,0.0,6.793220338983051,153433.89830508476
2001-06-30,WAB,USD,943452,2001-08-14,2001-08-14 00:00:00,2001,Q2,241669000.0,179363000.0,62306000.0,0.2578154418,0,35359000.0,0.0,35359000.0,3758000.0,39117000.0,218480000.0,0.0,0.0,10360000.0,25940000.0,0.1073368947,21663000.0,0.0896391345,-6577000.0,11997000.0,0.0496422793,4036000.0,7962000.0,0.0329458888,0.095,0.09,85874000,86424000,https://www.sec.gov/Archives/edgar/data/943452/000095012801500448/0000950128-01-500448-index.htm,https://www.sec.gov/Archives/edgar/data/943452/000095012801500448/j8992701e10-q.txt,2.814227822158045,0.0927172368819433,0.4132216969047674,0.4000046579872837,0.085916575447749,2.451894636327643,-0.6547383375643384,2.451894636327643,5.492617090155344,644055000.0,1108350000.0,20.222776940467217,2.665029441095052,18.15006340707341,18.749781659388645,3.05885901004018,3.05885901004018,4.586231581212319,42.72744795682344,31.23432436240665,32.26637554585153,0.0123622982509257,0.0533339543983044,2.2401521699896465,0.5207126786498892,17.89880493446415,2.26091778247318,0.0,4.457354603693004,0.0006505655572893,0.052624968600854,0.1463116907836752,0.0,0.2945159203463815,0.0319853459208116,0.0046965063785591,0.1095559845559845,0.0,2.261634399197628,0.0195512440510757,0.0124592554804606,-5.560248154272539,216028000.0,-56225000.0,-307914000.0,688586000.0,169910500.0,77766000.0,192575500.0,57.34483942913655,37.60206954611598,95.2591114109376,1.5694524720261327,2.393485281165764,0.9447915130317524,0.0378145273896482,0.0132170389174837,2001-07-18,0.1,bmo,161750000.0,2025-04-24,2001-06-30,0.1999999999999999,6.676666666666667,147561.90476190476
2001-03-31,WAB,USD,943452,2001-05-10,2001-05-10 00:00:00,2001,Q1,266545000.0,195579000.0,70966000.0,0.2662439738,0,37723000.0,0.0,37723000.0,3790000.0,41513000.0,237092000.0,0.0,0.0,10320000.0,35667000.0,0.1338123019,28280000.0,0.1060984074,-8303000.0,16190000.0,0.0607402127,5829000.0,10361000.0,0.0388714851,0.12,0.12,85768000,86288000,https://www.sec.gov/Archives/edgar/data/943452/000095012801500060/0000950128-01-500060-index.htm,https://www.sec.gov/Archives/edgar/data/943452/000095012801500060/j8829501e10-q.txt,3.1077441470012124,0.1208026303516463,0.4613025837142057,0.3930720082081895,0.0926919130678108,2.3324549948698814,-0.7958329446879955,2.3324549948698814,5.921940583900756,544626800.0,1044589800.0,13.141270147669143,2.0432827477536626,13.76536838114495,16.154800818675287,2.7224533866533367,2.7224533866533367,3.918999793655856,29.28729077298343,26.401865284974093,30.984777385578266,0.0190240362758498,0.061901103654833,2.538930267433141,0.5312486271983131,14.01752320071775,2.1591405163399355,0.0,3.818646848759772,0.0007711702766004,0.0405366277386352,0.1415258211559023,0.0,0.2806341350146537,0.1479085049917856,0.0219550169764955,0.5670542635658915,0.0,2.5178861605591187,0.0238188424250919,0.0150646948748631,-5.95842272176103,228353000.0,-68257000.0,-330669000.0,707164000.0,190108500.0,83455000.0,199067500.0,62.74895421035848,37.08711057935668,89.87483318761217,1.434286851989367,2.426719110603767,1.0013926792178467,0.0517920519870032,0.0682305755060162,2001-04-19,0.13,bmo,266545000.0,2025-04-24,2001-03-31,0.0,6.533387096774193,143487.09677419355
2000-12-30,WAB,USD,943452,2001-03-28,2001-03-28 00:00:00,2000,Q4,264790000.0,192114000.0,72676000.0,0.2744665584,0,36345000.0,0.0,36345000.0,10008000.0,46353000.0,238467000.0,0.0,0.0,10008000.0,36331000.0,0.1372068432,26323000.0,0.0994108539,-19307000.0,7016000.0,0.0264964689,2527000.0,4489000.0,0.0169530571,0.052,0.052,85768000,86288000,https://www.sec.gov/Archives/edgar/data/943452/000095012801000547/0000950128-01-000547-index.htm,https://www.sec.gov/Archives/edgar/data/943452/000095012801000547/j8723501e10-k.txt,3.0872819699654883,0.0523388676429437,0.4004057457326742,0.301277865870721,0.0707839753754314,2.2895602089357334,-0.8047640145508814,2.2895602089357334,6.298351366477008,504315840.0,1038441840.0,28.086201826687457,1.904587937610937,14.685103954341622,19.516866873065016,2.568178804405946,2.568178804405946,3.92175625967748,28.58280366629049,30.238245879680857,40.18737770897833,0.008901167966487,0.0512377322909389,2.750900081987666,0.5489544706706082,14.701659739616304,2.3474477593152066,0.0,7.650256181777679,0.0008288456694122,0.093116507017153,0.137259715246044,0.0,0.269696467750016,0.247568574922835,0.0321084633105479,0.8495203836930456,0.0,1.6420238264290976,0.0212078793243456,0.0062464082109168,-6.230840756459285,256899000.0,-69023000.0,-340121000.0,736938000.0,201546500.0,87158500.0,210462000.0,66.0678651006458,40.43661575939286,95.01920734563852,1.3622356324500076,2.225705547059641,0.9471769183741888,0.0228597909059891,0.0991278798619531,2001-02-14,0.12,bmo,242724166.0,2025-04-24,2000-12-30,0.0833333333333334,4.802222222222222,180787.3015873016
2000-09-30,WAB,USD,943452,2000-10-31,2000-10-31 00:00:00,2000,Q3,255163000.0,181144000.0,74019000.0,0.2900851612,0,36707000.0,0.0,36707000.0,10027000.0,46734000.0,227878000.0,0.0,0.0,10027000.0,37312000.0,0.1462280973,27285000.0,0.1069316476,-24883000.0,2402000.0,0.0094135905,5931000.0,-3529000.0,-0.0138303751,-0.0406,-0.0406,86830000,86878000,https://www.sec.gov/Archives/edgar/data/943452/000095012800001242/0000950128-00-001242-index.htm,https://www.sec.gov/Archives/edgar/data/943452/000095012800001242/j8475601e10-q.txt,2.9386502360935163,-0.0406426350339744,0.0529310146262812,-0.0142577450190026,0.1280317862489922,2.178267879765058,-0.9100886790279856,2.178267879765058,6.594425889669469,439359800.0,1000836800.0,-31.12495041088127,1.7218789558047207,95.5961270670148,-354.89483037156697,2.322946615980839,2.322946615980839,3.9223429729231913,26.823456260720413,217.76257615317667,-808.4303715670436,-0.0080321413110621,-0.0028177361697633,3.0273714040996302,0.5686526683556271,15.048161449399656,2.4566831554282738,0.0,-1.3023519410597904,0.0009673165364696,-0.1204307169169736,0.1438570639160066,0.0,0.2663161626764893,1.2693646649260226,0.0228638164624181,0.5818290615338586,0.0,,-0.0491488863581115,-0.0047768652988958,-6.231619256017505,279756000.0,-79023000.0,-345986000.0,762168000.0,198033500.0,85984000.0,220437500.0,73.61670775151569,43.72261846928411,108.35931634500729,1.2225485592724974,2.058431154191429,0.8305700242095224,-0.0186582354776117,0.0671887596452838,2000-10-19,0.11,bmo,215938461.0,2025-04-24,2000-09-30,0.1818181818181818,5.177301587301588,133012.6984126984
2000-06-30,WAB,USD,943452,2000-08-10,2000-08-10 00:00:00,2000,Q2,249164000.0,175047000.0,74117000.0,0.2974627153,0,35766000.0,0.0,35766000.0,10424000.0,46190000.0,221237000.0,0.0,0.0,10424000.0,38351000.0,0.1539187041,27927000.0,0.1120828049,-15390000.0,12537000.0,0.0503162576,4514000.0,8023000.0,0.0321996757,0.09,0.09,86908000,87020000,https://www.sec.gov/Archives/edgar/data/943452/000095012800001052/0000950128-00-001052-index.htm,https://www.sec.gov/Archives/edgar/data/943452/000095012800001052/e10-q.txt,2.86698577806416,0.0923160123348828,0.0280871726423344,-0.0304690017029502,0.0790836286647949,2.2835297095779445,-0.8328692410364984,2.2835297095779445,6.457529801629309,451052520.00000006,1005390520.0,14.054983173376543,1.8102636014833609,184.78185989348628,-170.33705438066468,2.272797230634344,2.272797230634344,4.035055304939719,26.215496857969804,411.8764932404752,-379.6791993957704,0.0177872856136575,-0.0058707132375626,2.8278720327325315,0.5622889078363222,14.454329743683346,2.4527227576102004,0.0,0.3042502804437243,0.0009422406064819,0.0529727034775021,0.1435440111733637,0.0,0.2713601974986048,2.0848013109381403,0.0204242988553723,0.4882003069838833,0.0,2.1778758065648627,0.0219772738511591,0.0110320759361038,-6.2232331891195285,269682000.0,-72383000.0,-344305000.0,758298000.0,183520500.0,83190500.0,222739500.0,67.67337978199097,43.171433957737065,114.54129462372964,1.3299173218469946,2.0847118510843545,0.7857428213610799,0.040426893483223,0.0585561743452846,2000-07-20,0.18,bmo,320399999.0,2025-04-24,2000-06-30,-0.2222222222222221,5.593809523809524,156009.52380952382
2000-03-31,WAB,USD,943452,2000-05-10,2000-05-10 00:00:00,2000,Q1,258859000.0,174852000.0,84007000.0,0.3245280249,0,37717000.0,0.0,37717000.0,11203000.0,48920000.0,223772000.0,0.0,0.0,11203000.0,46290000.0,0.1788232204,35087000.0,0.1355448333,-9447000.0,25640000.0,0.099050062,9230000.0,16410000.0,0.0633935849,0.19,0.19,86518000,86700000,https://www.sec.gov/Archives/edgar/data/943452/000095012800000755/0000950128-00-000755-index.html,https://www.sec.gov/Archives/edgar/data/943452/000095012800000755/,2.99196698952819,0.1896715134422894,0.2177003629302573,0.1378325897501098,0.1702651471370119,2.256432187521672,-0.9119605168866596,2.256432187521672,6.514320719387873,459410580.0,1008285580.0,6.998942413162705,1.7747522010051802,24.39132359968144,38.52499622641509,2.353272581983588,2.353272581983588,3.89511502400921,21.7819308705984,53.53255003981948,84.55224989517819,0.0357196823808454,0.0259571732109434,2.887000440524121,0.5590358816673693,11.857312594512852,2.325448288538518,0.0,1.147775746496039,0.000929451820635,0.0260207190737355,0.1457048045461042,0.0,0.2719002157363553,0.3668701884788957,0.0266940689719113,0.6167990716772294,0.0,3.1031549155191165,0.0276191258038628,0.022355364470092,-6.381400402228438,259597000.0,-78901000.0,-357500000.0,754743000.0,179711000.0,84901000.0,217048000.0,62.47385642376738,42.420218241713,114.6283714226889,1.4406026000623302,2.121629820176184,0.7851459362370903,0.0840581491840059,0.0798677731801474,2000-04-20,0.2,bmo,215750000.0,2025-04-24,2000-03-31,0.1999999999999999,5.881904761904762,346682.5396825397
1999-12-31,WAB,USD,943452,2000-03-28,2000-03-28 00:00:00,1999,Q4,563368000.0,399583000.0,163785000.0,0.2907247128,0,69314000.0,0.0,69314000.0,23014000.0,92328000.0,491911000.0,0.0,0.0,23014000.0,94471000.0,0.1676896806,71457000.0,0.1268389401,-60458000.0,10999000.0,0.0195236506,11157000.0,-977000.0,-0.0017342128,-0.0113,-0.0113,86518000,86700000,https://www.sec.gov/Archives/edgar/data/943452/000095012800000591/0000950128-00-000591-index.html,https://www.sec.gov/Archives/edgar/data/943452/000095012800000591/,6.511569846737095,-0.0112924478143276,0.3604914584248364,0.2205437018886243,0.0815552832936498,2.1021983864629328,-1.099990753369241,2.1021983864629328,6.5718925541505815,768279840.0000001,1329810840.0,-196.59156601842372,1.3637264452365063,24.633038571291163,40.26412871442797,4.224149374855672,4.224149374855672,2.360465699152241,14.076392120333225,42.63717464490686,69.69293223625596,-0.001271672051163,0.0248360024649351,3.126199980206512,0.5704832864441404,5.943951053762531,2.2513953823656623,0.0,-197.3987341772152,0.0003722601910262,-0.292732855680655,0.1230350321637011,0.0,0.2779709755226372,0.3882137933245695,0.0214921685292739,0.5261145389762754,0.0,,-0.0012779715311336,-0.001357644008232,-6.556363993619825,243036000.0,-95169000.0,-377550000.0,742774000.0,151417000.0,66344000.0,161198000.0,28.71313244628733,19.682819339161075,47.61373732115731,3.13445424905694,4.572515677209686,1.890210789229692,-0.0053717326999417,0.1399477565362121,2000-02-17,0.24,bmo,657262666.0,2025-04-24,1999-12-31,-0.1666666666666666,8.629375,181446.875
1999-09-30,WAB,USD,943452,1999-11-05,1999-11-05 00:00:00,1999,Q3,172400000.0,110300000.0,62100000.0,0.3602088167,0,26300000.0,0.0,26300000.0,6900000.0,33200000.0,143500000.0,0.0,0.0,6900000.0,50818000.0,0.2947679814,28900000.0,0.1676334107,-939000.0,19700000.0,0.1142691415,7200000.0,12500000.0,0.0725058005,0.14,0.14,86882927,86882927,https://www.sec.gov/Archives/edgar/data/943452/000095012899001080/0000950128-99-001080-index.html,https://www.sec.gov/Archives/edgar/data/943452/000095012899001080/,1.9842793740132627,0.1438717643571101,0.1680422207691046,0.0978327997628348,0.086323058614266,0.1484756608165376,-2.065998536168101,0.1484756608165376,5.080399742978273,789765806.43,1223665806.4299998,15.7953161286,4.581008157946635,54.09354838561644,92.91362428588236,61.2221555372093,61.2221555372093,7.097829503654292,24.07937751249557,83.8127264678082,143.96068310941175,0.0158274768269648,0.010762684242336,34.21705426356589,0.7288639365918098,8.538313196111615,1.77762982689747,0.0,1.168,0.0003140171402469,0.01984,0.1525522041763341,0.0,0.3177014531043593,0.4178082191780822,0.0353828306264501,0.8840579710144928,0.0,0.693276816235528,0.0379581110572896,0.0302516940948693,-5.034073034855283,116800000.0,-179500000.0,-325700000.0,442100000.0,125550000.0,49300000.0,111200000.0,64.26334106728538,36.96282864913872,90.57116953762468,1.4004874086108854,2.434878587196468,0.9936936936936936,0.9689922480620154,0.0702094210062697,1999-10-14,0.24,bmo,172400000.0,2025-04-24,1999-09-30,0.0,10.78625,101012.5
1999-06-30,WAB,USD,943452,1999-08-11,1999-08-11 00:00:00,1999,Q2,194000000.0,127100000.0,66900000.0,0.3448453608,0,30600000.0,0.0,30600000.0,5900000.0,36500000.0,163600000.0,0.0,0.0,5900000.0,56189000.0,0.2896340206,30400000.0,0.1567010309,4846000.0,21100000.0,0.1087628866,7900000.0,13200000.0,0.0680412371,0.15,0.15,86230769,86230769,https://www.sec.gov/Archives/edgar/data/943452/000095012899000910/0000950128-99-000910-index.html,https://www.sec.gov/Archives/edgar/data/943452/000095012899000910/,2.249776990855781,0.1530776096870944,0.2980374673453277,0.2388938454207685,0.0753791259822813,-0.0289919715316466,-1.7812667309043713,-0.0289919715316466,5.222033912280198,1118413073.93,1562213073.93,21.18206579412879,5.765015845000001,43.51801844085603,54.29189679271845,-447.365229572,-447.365229572,8.052644710979381,27.802827491679867,60.78650093112841,75.8355861131068,0.0118024371385577,0.0184189549283553,-180.12,0.7425791556728232,7.898343092064283,1.698292220113852,0.0,1.946969696969697,0.0002208486343351,0.0187121212121212,0.1577319587628866,0.0,0.2491754617414248,0.1984435797665369,0.0262886597938144,0.864406779661017,0.0,,0.0399538014257835,0.0289918734900065,-5.226672627725261,110400000.0,-153600000.0,-340400000.0,392000000.0,132950000.0,52300000.0,109550000.0,59.381443298969074,37.74193548387097,78.88276947285601,1.515625,2.3846153846153846,1.1409335727109515,-5.28,0.0591436219245592,1999-07-15,0.25,bmo,186240000.0,2025-04-24,1999-06-30,0.04,11.377777777777776,82253.96825396825
1999-03-31,WAB,USD,943452,1999-05-07,1999-05-07 00:00:00,1999,Q1,191200000.0,125300000.0,65900000.0,0.344665272,0,30200000.0,0.0,30200000.0,6800000.0,37000000.0,162300000.0,0.0,0.0,6800000.0,54301000.0,0.284001046,28900000.0,0.1511506276,3245000.0,19700000.0,0.1030334728,7300000.0,11900000.0,0.0622384937,0.18,0.18,67888000,67888000,https://www.sec.gov/Archives/edgar/data/943452/000095012899000722/0000950128-99-000722-index.html,https://www.sec.gov/Archives/edgar/data/943452/,2.816403488098044,0.1752887108178175,0.0869078482205986,-0.023568230025925,0.0677586613245345,-0.2857647890643413,-3.1802380391232616,-0.2857647890643413,6.930532641998586,708750720.0,1174650720.0,14.88972100840336,3.706855230125523,120.1272406779661,-442.9692,-36.53354226804124,-36.53354226804124,6.143570711297071,21.632211561481373,199.09334237288132,-734.1567,0.016790106400174,-0.0022574932975023,-24.25257731958763,0.7719442165709598,8.579952487062853,1.8023872679045088,0.0,0.4758064516129032,0.0003470895944909,0.020672268907563,0.1579497907949791,0.0,0.3223954060705496,1.271186440677966,0.0392259414225941,1.1029411764705883,0.0,,0.0379767493615082,0.0288135593220339,-6.87934539241103,121000000.0,-215900000.0,-357100000.0,445600000.0,135400000.0,74300000.0,105650000.0,64.91108786610879,36.84756584197925,77.35833998403831,1.3865119651921682,2.442495126705653,1.1634168987929434,-0.6134020618556701,0.1104760782465236,1999-04-21,0.24,bmo,191200000.0,2025-04-24,1999-03-31,0.0,9.914262295081969,59278.688524590165
1998-12-31,WAB,USD,943452,1999-03-25,1999-03-25 00:00:00,1998,Q4,180200000.0,115400000.0,64800000.0,0.359600444,0,30100000.0,0.0,30100000.0,5900000.0,36000000.0,151400000.0,0.0,0.0,5900000.0,34700000.0,0.192563818,28800000.0,0.1598224195,-10100000.0,18700000.0,0.1037735849,7100000.0,11000000.0,0.0610432852,0.22,0.21,50742000,51552000,https://www.sec.gov/Archives/edgar/data/943452/000095012899000611/0000950128-99-000611-index.html,https://www.sec.gov/Archives/edgar/data/943452/,3.551298726892909,0.2167829411532852,0.1359820267234243,-1.8328012297505023,0.0650348823459855,-0.6680856095542155,-3.6577194434590674,-0.6680856095542155,9.219187261046075,620067240.0,1084567240.0,14.092437272727274,3.440994672586016,89.86481739130436,-6.667389677419354,-18.291069026548676,-18.291069026548676,6.018686126526082,31.25554005763689,157.1836579710145,-11.662013333333332,0.0177400115510053,-0.149983734022136,-13.799410029498524,0.7846360281784636,13.386167146974064,1.569212410501193,0.0,0.5948275862068966,0.0004838184968456,0.0272727272727272,0.1670366259711432,0.0,0.2544448171754445,14.478260869565217,0.5543840177580466,16.93220338983051,0.0,,0.038905140770277,0.0247469066366704,-9.367486500335028,95400000.0,-185600000.0,-367100000.0,372100000.0,121900000.0,73000000.0,96000000.0,66.3762486126526,75.8838821490468,80.79722703639514,1.3559066967644846,1.186022610483042,1.113899613899614,-0.3244837758112094,1.968783256473927,1999-02-18,0.22,bmo,172009090.0,2025-04-24,1998-12-31,0.0454545454545455,10.81859375,52062.5
1998-09-30,WAB,USD,943452,1998-11-06,1998-11-06 00:00:00,1998,Q3,160500000.0,104500000.0,56000000.0,0.3489096573,0,24400000.0,0.0,24400000.0,6300000.0,30700000.0,135200000.0,0.0,0.0,6300000.0,31600000.0,0.1968847352,25300000.0,0.1576323988,-7900000.0,17400000.0,0.108411215,6600000.0,10800000.0,0.0672897196,0.22,0.21,50232558,51428571,https://www.sec.gov/Archives/edgar/data/943452/000095012898001114/0000950128-98-001114-index.html,https://www.sec.gov/Archives/edgar/data/943452/,3.1951388977642745,0.2150000005972222,0.2906481489555041,0.0298611111940586,0.1950925931345164,-0.8958333358217593,-3.254861120152392,-0.8958333358217593,7.560833354335648,496297673.04,866297673.04,11.488372061111113,3.0921973398130844,33.992991304109594,330.86511536,-11.028837178666668,-11.028837178666668,5.397493289968847,27.414483324050632,59.33545705753424,577.5317820266666,0.0217611336636864,0.003022379675512,-8.44,0.7970619097586569,11.708860759493673,1.746932515337423,0.0,1.351851851851852,0.0004029839567349,0.0185185185185185,0.15202492211838,0.0,0.2486883525708289,0.8972602739726028,0.081619937694704,2.0793650793650795,0.0,,0.0434878102350098,0.0301675977653631,-7.650914373104392,97400000.0,-163500000.0,-293700000.0,335400000.0,109150000.0,46550000.0,86650000.0,62.18691588785047,41.94258373205742,76.13397129186603,1.447249774571686,2.1457905544147846,1.1821266968325792,-0.24,0.2607870377614454,1998-10-21,0.21,bmo,160500000.0,2025-04-24,1998-09-30,0.0,10.78703125,58303.125
1998-06-30,WAB,USD,943452,1998-08-07,1998-08-07 00:00:00,1998,Q2,172100000.0,112500000.0,59600000.0,0.3463102847,0,26900000.0,0.0,26900000.0,6600000.0,33500000.0,146000000.0,0.0,0.0,6600000.0,32700000.0,0.1900058106,26100000.0,0.1516560139,-7200000.0,18900000.0,0.1098198722,7200000.0,9000000.0,0.0522951772,0.18,0.17,50000000,52941176,https://www.sec.gov/Archives/edgar/data/943452/000095012898000949/0000950128-98-000949-index.html,https://www.sec.gov/Archives/edgar/data/943452/,3.442,0.18,0.162,-0.224,0.102,-1.132,-3.438,-1.132,7.524,656500000.0,1027600000.0,18.23611111111111,3.814642649622313,81.04938271604938,-58.61607142857143,-11.598939929328624,-11.598939929328624,5.970947123765253,31.425076452599388,126.8641975308642,-91.75,0.0137090632140137,-0.017060167555217,-6.646643109540636,0.8224748578924355,11.34862385321101,1.7169059011164274,0.0,0.6923076923076923,0.0004569687738004,0.0333333333333333,0.1563044741429401,0.0,0.2520769567118496,2.382716049382716,0.1121441022661243,2.9242424242424243,0.0,,0.046562371346233,0.0263080970476468,-7.718,89900000.0,-171900000.0,-298700000.0,321300000.0,105200000.0,43800000.0,79400000.0,56.16502033701337,35.52,67.92,1.6024208566108007,2.533783783783784,1.325088339222615,-0.1590106007067137,0.386,1998-07-23,0.22,bmo,164277272.0,2025-04-24,1998-06-30,0.0454545454545455,13.537301587301588,42682.53968253968
1998-03-31,WAB,USD,943452,1998-05-08,1998-05-08 00:00:00,1998,Q1,158100000.0,102000000.0,56100000.0,0.3548387097,0,24900000.0,0.0,24900000.0,6400000.0,31300000.0,133300000.0,0.0,0.0,6400000.0,31200000.0,0.1973434535,24800000.0,0.1568627451,-7200000.0,17600000.0,0.1113219481,6700000.0,10900000.0,0.0689437065,0.21,0.21,51904762,51904762,https://www.sec.gov/Archives/edgar/data/943452/000095012898000770/0000950128-98-000770-index.html,https://www.sec.gov/Archives/edgar/data/943452/,3.04596329716337,0.2099999996146789,0.2408256876315125,0.0635779815347193,0.0847706420462924,-1.2850458692017508,-3.435137608375894,-1.2850458692017508,7.030183473339113,765595239.5,1126095239.5,17.55952384174312,4.84247463314358,61.24761916,231.9985574242424,-11.478189497751124,-11.478189497751124,7.122677036685642,36.092796137820514,90.08761916,341.24098166666664,0.0142372881094697,0.0043103716294724,-5.470764617691154,0.8402026249136542,11.55448717948718,1.41454802259887,0.0,1.146788990825688,0.0002612346442104,0.018348623853211,0.1574952561669829,0.0,0.2569652314068616,0.736,0.058191018342821,1.4375,0.0,,0.0472151580359388,0.03377750232414,-7.36733943602323,58700000.0,-178300000.0,-300700000.0,280300000.0,97200000.0,40400000.0,71600000.0,58.63377609108159,38.11764705882353,65.20588235294117,1.5349514563106796,2.361111111111111,1.3802435723951283,-0.1634182908545727,0.1772477060967932,1998-04-24,0.2,bmo,150195000.0,2025-04-24,1998-03-31,0.0499999999999999,12.727540983606556,56337.70491803279
1997-12-31,WAB,USD,943452,1998-03-20,1998-03-20 00:00:00,1997,Q4,147100000.0,94700000.0,52400000.0,0.3562202583,0,23300000.0,0.0,23300000.0,6400000.0,29700000.0,124400000.0,0.0,0.0,6400000.0,29100000.0,0.1978246091,22700000.0,0.1543167913,-7500000.0,15200000.0,0.1033310673,5600000.0,9600000.0,0.0652617267,0.18,0.18,51904762,51904762,https://www.sec.gov/Archives/edgar/data/943452/000095012898000645/0000950128-98-000645-index.html,https://www.sec.gov/Archives/edgar/data/943452/,2.834036692047639,0.1849541281010016,0.3410091736862217,0.1001834860547092,0.0154128440084168,-1.527798162334315,-3.6297247639821566,-1.527798162334315,7.030183473339113,664900001.22,1029000001.22,17.315104198437503,4.520054393065942,37.56497182033898,127.86538485,-8.3846154,-8.3846154,6.9952413407205984,35.36082478419244,58.135593289265536,197.8846156192308,0.0144382613661984,0.0078207249066908,-4.601513240857504,0.8880506205889511,12.512027491408936,1.3694992412746585,0.0,1.84375,0.0003007971117958,0.0208333333333333,0.1583956492182189,0.0,0.2655147237770747,0.7062146892655368,0.0849762066621346,1.953125,0.0,,0.0459956435844182,0.0318091451292246,-7.44055044506321,48700000.0,-188400000.0,-309700000.0,266200000.0,91800000.0,34350000.0,67750000.0,55.921142080217535,35.73389651531151,65.86061246040127,1.6094091903719911,2.518617021276596,1.3665223665223665,-0.1210592686002522,0.2408256876315125,1998-02-17,0.18,bmo,138927777.0,2025-04-24,1997-12-31,0.0555555555555556,12.06734375,50243.75
1997-09-30,WAB,USD,943452,1997-11-13,1997-11-13 00:00:00,1997,Q3,142800000.0,93100000.0,49700000.0,0.3480392157,0,21500000.0,0.0,21500000.0,6100000.0,27600000.0,120700000.0,0.0,0.0,6100000.0,28200000.0,0.1974789916,22100000.0,0.1547619048,-7600000.0,14500000.0,0.1015406162,5700000.0,8800000.0,0.0616246499,0.18,0.18,50285714,50285714,https://www.sec.gov/Archives/edgar/data/943452/000095012897001050/0000950128-97-001050-index.html,https://www.sec.gov/Archives/edgar/data/943452/,2.8397727434078,0.1750000009943182,0.316193183614734,0.1014204551217071,0.0059659091248063,-1.7539772826930526,-3.89375002212358,-1.7539772826930526,7.357954587261106,581302853.84,951002853.84,16.514285620454544,4.070748276190477,36.55992791446541,113.98095173333334,-6.590735304308391,-6.590735304308391,6.659683850420168,33.72350545531915,59.81150024150944,186.47114781176472,0.0151384083905119,0.0087733957717739,-4.195011337868481,0.9273182957393484,13.109929078014185,1.5502645502645502,0.0,1.806818181818182,0.0005160821042219,0.034090909090909,0.1505602240896358,0.0,0.2696741854636591,0.6792452830188679,0.0756302521008403,1.7704918032786885,0.0,,0.0434762197507405,0.0301990391214824,-7.649289816189147,62400000.0,-195800000.0,-311400000.0,272500000.0,85600000.0,30450000.0,65750000.0,58.10924369747899,30.064446831364123,63.99570354457572,1.5488069414316703,2.993569131832797,1.406344410876133,-0.0997732426303854,0.2147727284930268,1997-10-22,0.16,bmo,124950000.0,2025-04-24,1997-09-30,0.1249999999999999,9.920625,65531.25
1997-06-30,WAB,USD,943452,1997-08-14,1997-08-14 00:00:00,1997,Q2,138100000.0,87200000.0,50900000.0,0.3685734975,0,22100000.0,0.0,22100000.0,5900000.0,28000000.0,115200000.0,0.0,0.0,5900000.0,28800000.0,0.2085445329,22900000.0,0.1658218682,-7600000.0,15300000.0,0.1107892831,6000000.0,9300000.0,0.0673425054,0.19,0.19,50270270,50270270,https://www.sec.gov/Archives/edgar/data/943452/000095012897000895/0000950128-97-000895-index.html,https://www.sec.gov/Archives/edgar/data/943452/,2.7471505524040354,0.1850000009946236,0.3202688189261764,0.0218817205477511,0.0576881723531622,-1.989247322522835,-4.087903247784426,-1.989247322522835,7.499462405911088,502702700.0,876802700.0,13.513513440860216,3.640135409123823,31.223770186335408,457.00245454545455,-5.027027,-5.027027,6.349041998551774,30.444538194444444,54.4597950310559,797.0933636363636,0.0185000000994623,0.0021881720547751,-3.77,0.983820459290188,12.989583333333334,1.607458292443572,0.0,1.7311827956989247,0.0003978494645045,0.021505376344086,0.1600289645184648,0.0,0.2753131524008351,0.9316770186335404,0.1086169442433019,2.542372881355932,0.0,,0.0458787338270839,0.0334893770255671,-7.726236600678692,61900000.0,-205500000.0,-319400000.0,268100000.0,78950000.0,27350000.0,62500000.0,51.484431571325125,30.756880733944957,67.39678899082568,1.7481012658227848,2.9261744966442955,1.335375191424196,-0.093,0.2983870983784252,1997-07-30,0.17,bmo,121852941.0,2025-04-24,1997-06-30,0.1176470588235293,7.82875,69550.0
1997-03-31,WAB,USD,943452,1997-05-09,1997-05-09 00:00:00,1997,Q1,136500000.0,86800000.0,49700000.0,0.3641025641,0,20900000.0,0.0,20900000.0,6200000.0,27100000.0,113900000.0,0.0,0.0,6200000.0,28800000.0,0.210989011,22600000.0,0.1655677656,-6900000.0,15700000.0,0.115018315,6100000.0,9600000.0,0.0703296703,0.17,0.17,56470588,56470588,https://www.sec.gov/Archives/edgar/data/943452/000095012897000739/0000950128-97-000739-index.html,https://www.sec.gov/Archives/edgar/data/943452/,2.4171875100716145,0.1700000007083333,0.3063541679431423,0.2284375009518229,0.0708333336284722,-1.958541674827257,-3.784270849101128,-1.958541674827257,6.706145861275608,367058822.0,741758822.0,9.558823489583332,2.689075619047619,21.21727294797688,28.45417224806201,-3.3187958589511752,-3.3187958589511752,5.434130564102564,25.755514652777777,42.87623248554913,57.500683875969,0.0261538462628205,0.035144230915665,-3.4240506329113924,1.0235135135135136,13.010416666666666,1.671641791044776,0.0,1.8020833333333333,0.0008173076957131,0.03125,0.1531135531135531,0.0,0.2786486486486486,0.2543352601156069,0.0322344322344322,0.7096774193548387,0.0,,0.0469399058432567,0.0359685275384039,-6.863307320263781,63000000.0,-213700000.0,-323800000.0,262200000.0,76200000.0,24350000.0,61050000.0,52.02197802197802,25.817972350230413,61.90092165898617,1.7300380228136882,3.485943775100401,1.4539363484087102,-0.0867992766726944,0.0779166669913194,1997-04-23,0.14,bmo,107250000.0,2025-04-24,1997-03-31,0.2142857142857142,6.443606557377049,51557.37704918033
1996-12-31,WAB,USD,943452,1997-03-26,1997-03-26 00:00:00,1996,Q4,128800000.0,87500000.0,41300000.0,0.3206521739,5300000,15300000.0,0.0,15300000.0,5700000.0,26300000.0,113800000.0,0.0,0.0,5700000.0,20700000.0,0.1607142857,15000000.0,0.1164596273,-1400000.0,13600000.0,0.1055900621,4900000.0,8700000.0,0.0675465839,0.15,0.15,56049689,56470588,https://www.sec.gov/Archives/edgar/data/943452/000095012897000656/0000950128-97-000656-index.html,https://www.sec.gov/Archives/edgar/data/943452/,2.297961010987947,0.155219416114869,0.2158798775850477,0.1498670224557356,0.0107047873182668,-1.3595079894198878,-3.22749337645745,-1.3595079894198878,6.096376377752962,353673537.59,694773537.5899999,10.163032689367816,2.745912558928571,29.229217982644627,42.10399257023809,-4.641385007742782,-4.641385007742782,5.394204484394409,33.563939014009655,57.41930062727272,82.71113542738094,0.0245989565950664,0.0237507167124779,-4.484251968503937,0.9408039647577092,16.47826086956522,1.4725490196078432,0.0,1.3908045977011494,0.0008482398825884,0.0344827586206896,0.1187888198757764,0.0411490683229813,0.2882709251101321,0.3057851239669421,0.0287267080745341,0.6491228070175439,0.0,,0.0329858653671162,0.0336557059961315,-6.288616516676837,48200000.0,-180900000.0,-289200000.0,248700000.0,71650000.0,23300000.0,63100000.0,51.35869565217392,24.48,64.18285714285715,1.7523809523809524,3.676470588235294,1.4022435897435896,-0.1141732283464567,0.0660128551293121,1997-02-20,0.14,bmo,110400000.0,2025-04-24,1996-12-31,0.1428571428571427,5.6828125,72690.625
1996-09-30,WAB,USD,943452,1996-09-30,1996-09-29 20:00:00,1996,Q3,109800000.0,66300000.0,43500000.0,0.3961748634,4700000,11500000.0,0.0,11500000.0,5900000.0,22100000.0,88400000.0,0.0,0.0,5900000.0,25500000.0,0.2322404372,21400000.0,0.1948998179,-6300000.0,13300000.0,0.121129326,5300000.0,8000000.0,0.072859745,0.14,0.14,57142857,57142857,,,1.92150000480375,0.14000000035,0.344750000861875,-0.831250002078125,0.117250000293125,-1.496250003740625,-3.326750008316875,-1.496250003740625,6.2370000155925,321714284.91,671414284.91,10.053571403437498,2.9300025948087427,16.330674360913704,-6.772932313894736,-3.7627401743859648,-3.7627401743859648,6.114884197723133,26.3299719572549,34.0819433964467,-14.13503757705263,0.0248667851420959,-0.1476465367811945,-4.168421052631579,0.9985990473521996,13.713725490196078,1.7508982035928145,0.0,2.4625,0.0006216696285523,0.025,0.104735883424408,0.0428051001821493,0.2930792939198655,3.411167512690356,0.6120218579234973,11.389830508474576,0.0,,0.0448664358700865,0.0317082837891399,-6.150375015375937,62700000.0,-190100000.0,-296200000.0,260400000.0,63250000.0,21250000.0,56850000.0,57.21311475409836,30.95022624434389,86.60633484162896,1.5730659025787963,2.9078947368421053,1.0391849529780564,-0.0935672514619883,1.17600000294,1996-10-30,0.14,bmo,109800000.0,2025-04-24,1996-09-30,0.0,5.8615625,34134.375
1996-06-30,WAB,USD,943452,1996-08-07,1996-08-07 00:00:00,1996,Q2,109100000.0,66600000.0,42500000.0,0.3895508708,3900000,0.0,0.0,11300000.0,5500000.0,20700000.0,87300000.0,0.0,0.0,5500000.0,25500000.0,0.2337305225,21800000.0,0.1998166819,-6200000.0,13800000.0,0.1264894592,5500000.0,8300000.0,0.0760769936,0.14,0.14,57241379,57241379,https://www.sec.gov/Archives/edgar/data/943452/000095012896000431/0000950128-96-000431-index.html,https://www.sec.gov/Archives/edgar/data/943452/,1.9059638657552256,0.1450000007861445,0.2480722905015967,0.186927711856837,0.0559036147609232,-1.6369277197182828,-3.0083132693221803,-1.6369277197182828,5.321325330055378,375503446.2399999,676903446.24,11.31034476626506,3.441828104857928,26.44390466478873,35.093780022429904,-4.007507430522946,-4.007507430522946,6.204431221264895,26.545233185882356,47.66925677746479,63.262004321495326,0.0221036586564244,0.0284950780269568,-3.250800426894344,1.0851442821517634,11.819607843137256,1.865040650406504,0.0,1.710843373493976,0.0007989274213165,0.036144578313253,0.0,0.0357470210815765,0.2796579978624866,0.2464788732394366,0.0320806599450045,0.6363636363636364,0.0,,0.0569574031403064,0.0410484668644906,-5.306039185394188,53200000.0,-172200000.0,-259700000.0,205400000.0,55050000.0,19000000.0,50800000.0,46.77360219981668,26.62162162162162,67.43243243243244,1.9241622574955908,3.3807106598984773,1.3346693386773547,-0.0885805763073639,0.0611445786447597,1996-07-30,0.14,bmo,109100000.0,2025-04-24,1996-06-30,0.0,6.192222222222222,81495.23809523809
1996-03-31,WAB,USD,943452,1996-03-31,1996-03-30 19:00:00,1996,Q1,105700000.0,65500000.0,40200000.0,0.3803216651,4200000,0.0,0.0,10000000.0,5100000.0,19300000.0,84800000.0,0.0,0.0,5100000.0,24200000.0,0.2289498581,20900000.0,0.1977294229,-6200000.0,12900000.0,0.1220435194,5200000.0,7700000.0,0.0728476821,0.14,0.14,57037037,57037037,,,1.853181819385183,0.1350000000876623,0.226168831315694,-0.0771428571929499,0.0210389610526227,-1.7900649362273149,-3.1874025994723394,-1.7900649362273149,5.48590909447137,306859259.06,618559259.06,9.962962956493508,2.903115033680227,23.787539462015506,-69.74074069545455,-3.0054775618021545,-3.0054775618021545,5.852027048817408,25.56029996115702,47.95033015968992,-140.5816497863636,0.025092936819268,-0.0143388210395817,-3.0646425073457397,1.1227125941872982,12.880165289256198,1.9253472222222223,0.0,1.675324675324675,0.0009776468890623,0.0389610389610389,0.0,0.0397350993377483,0.2859705776820954,1.3410852713178294,0.1636707663197729,3.392156862745098,0.0,,0.0542635658914728,0.0386934673366834,-5.499935068506451,53300000.0,-181800000.0,-269900000.0,206900000.0,49500000.0,19500000.0,52300000.0,45.46830652790918,25.14503816793893,71.0381679389313,1.9794007490636705,3.579234972677596,1.2669245647969052,-0.0754162585700293,0.3033116885086439,1996-04-30,0.13,bmo,,2025-04-24,1996-03-31,0.0769230769230769,5.1460317460317455,112050.79365079364
1995-12-31,WAB,USD,943452,1995-12-31,1995-12-30 19:00:00,1995,Q4,95600000.0,57100000.0,38500000.0,0.4027196653,0,0.0,0.0,-1300000.0,19600000.0,18300000.0,75400000.0,0.0,0.0,5000000.0,25200000.0,0.2635983264,20200000.0,0.2112970711,-7600000.0,12600000.0,0.1317991632,4600000.0,8000000.0,0.0836820084,0.14,0.14,57037037,57037037,,,1.6761038971922753,0.140259740350818,0.1595454546490554,0.0964285714911873,0.0035064935087704,-1.90577922201674,-3.1172727292969302,-1.90577922201674,5.363181821664404,296022222.03000003,601722222.03,9.2506944384375,3.096466757635984,32.529914508791215,53.822222187272736,-2.723295510855566,-2.723295510855566,6.294165502405858,23.877865953571423,66.12332110219779,109.40404036909092,0.0270249981408127,0.0185796862218087,-2.814167433302668,1.1613515565679575,12.13095238095238,1.5242857142857142,0.0,1.1375,0.0009633911368015,0.035648148125,0.0,0.0,0.262338648443432,0.3956043956043956,0.0376569037656903,0.72,0.0,,0.0594318666607823,0.0411734431291816,-5.456980523024013,36700000.0,-177800000.0,-265400000.0,178600000.0,49600000.0,22900000.0,51800000.0,42.92887029288703,32.62697022767075,83.3800350262697,2.0964912280701755,2.758454106280193,1.0793950850661629,-0.0735970561177552,0.0631168831578681,1996-02-22,0.14,bmo,,2025-04-24,1995-12-31,0.0,5.362380952380952,174726.9841269841
1995-09-30,WAB,USD,943452,1995-09-30,1995-09-29 20:00:00,1995,Q3,104600000.0,67800000.0,36800000.0,0.3518164436,0,0.0,0.0,12700000.0,4900000.0,17600000.0,85400000.0,0.0,0.0,4900000.0,24100000.0,0.2304015296,19200000.0,0.1835564054,-8200000.0,11000000.0,0.1051625239,4500000.0,6500000.0,0.0621414914,0.12,0.12,56521739,56521739,,,1.8506153888860355,0.1150000002653846,0.3043076930099408,0.2193846158908875,0.0212307692797633,-2.024000004670769,-3.267769238310237,-2.024000004670769,5.178538473488935,406391303.41,697891303.4100001,15.630434746538462,3.8851941052581274,23.627401361046516,32.77349221048387,-3.5523715333041963,-3.5523715333041963,6.672000988623328,28.95814536970955,40.575075779651165,56.28155672661291,0.0159944367545736,0.0305124639625712,-2.5585664335664338,1.0897244973938942,12.095435684647304,1.8383333333333336,0.0,2.6875,0.0,0.0,0.0,0.0,0.2617274758004467,0.2790697674418604,0.0458891013384321,0.979591836734694,0.0,,0.0531154239019407,0.0327786182551689,-5.59519232060429,50300000.0,-184700000.0,-272700000.0,193200000.0,55750000.0,24600000.0,49500000.0,46.118546845124285,33.31858407079646,67.30088495575221,1.9514925373134329,2.701195219123506,1.3372781065088757,-0.0568181818181818,0.0849230771190532,1995-09-29,,bmo,,2025-04-24,1995-09-30,,8.193174603174603,91234.92063492064
1995-06-30,WAB,USD,943452,1995-06-30,1995-06-29 20:00:00,1995,Q2,115100000.0,70400000.0,44700000.0,0.3883579496,3500000,0.0,0.0,9000000.0,4400000.0,16900000.0,87300000.0,0.0,0.0,4900000.0,32700000.0,0.2841007819,27800000.0,0.2415291051,-11200000.0,16600000.0,0.1442224153,6800000.0,8400000.0,0.0729800174,0.19,0.18,54000000,54000000,,,2.1314814814814813,0.1555555555555555,0.2148148148148148,-0.8648148148148148,0.0518518518518518,-2.359259259259259,-3.687037037037037,-2.359259259259259,6.1,385020000.0,711620000.0,11.45892857142857,3.3450912250217204,33.19137931034483,-8.244539614561027,-3.0221350078492937,-3.0221350078492937,6.18262380538662,21.76207951070336,61.34655172413793,-15.238115631691649,0.0218170484650148,-0.1212924003947846,-2.585557299843014,1.2110294117647058,9.98776758409786,2.041441441441441,0.0,1.1717171717171715,0.0,0.0,0.0,0.0304083405734144,0.2636029411764706,5.025862068965517,0.5065160729800173,11.89795918367347,0.0,,0.0740950257009981,0.0419370943584623,-6.093055555555556,57800000.0,-199100000.0,-286100000.0,200100000.0,60700000.0,22350000.0,48650000.0,45.27367506516072,30.80965909090909,61.747159090909086,1.987910189982729,2.921161825726141,1.457556935817805,-0.0659340659340659,1.0796296296296295,1995-10-31,0.16,bmo,,2025-04-24,1995-06-30,0.0625,7.159090909090909,1075872.7272727273
1995-03-31,WAB,USD,943452,1995-03-31,1995-03-30 19:00:00,1995,Q1,109700000.0,65700000.0,44000000.0,0.4010938924,3300000,0.0,0.0,8700000.0,3800000.0,15800000.0,81500000.0,0.0,0.0,3800000.0,32000000.0,0.291704649,28200000.0,0.257064722,-9900000.0,18300000.0,0.1668185962,7500000.0,10800000.0,0.0984503191,0.2,0.2,54000000,54000000,,,2.0314814814814817,0.2,0.1481481481481481,0.0666666666666666,0.0055555555555555,-4.2,-5.525925925925926,-4.2,7.8277777777777775,405000000.0,827400000.0,9.375,3.691886964448496,50.625,112.5,-1.7857142857142856,-1.7857142857142856,7.542388331814038,25.85625,103.425,229.83333333333337,0.0266666666666666,0.0088888888888888,-1.8637566137566133,1.5376500545652965,13.2,1.3964071856287426,0.0,0.7407407407407407,0.0,0.0,0.0,0.0300820419325433,0.2604583484903601,0.55,0.040109389243391,1.1578947368421053,0.0,,0.0763773425921049,0.0531234628627643,-7.949537037037037,33100000.0,-298400000.0,-385100000.0,174700000.0,55400000.0,18200000.0,44800000.0,52.09662716499544,28.21917808219178,67.12328767123287,1.72755905511811,3.1893203883495147,1.3408163265306123,-0.0476190476190476,0.0814814814814814,1995-03-30,,bmo,,2025-04-24,1995-03-31,,,
1994-12-31,WAB,USD,943452,1994-12-31,1994-12-30 19:00:00,1994,Q4,94200000.0,0.0,94200000.0,1.0,0,0.0,0.0,0.0,-258300000.0,-258300000.0,-258300000.0,0.0,0.0,0.0,-164100000.0,-1.7420382166,-164100000.0,-1.7420382166,164100000.0,0.0,0.0,-12300000.0,12300000.0,0.1305732484,0.23,0.23,54000000,54000000,,,1.7444444444444445,0.2277777777777777,,,0.0185185185185185,0.8666666666666667,0.4166666666666667,0.8666666666666667,1.4462962962962962,405000000.0,482100000.0,8.231707317073171,4.2993630573248405,0.0,0.0,8.653846153846153,8.653846153846153,5.117834394904459,-2.9378427787934185,0.0,0.0,0.0303703703703703,,1.6688034188034189,0.4160895045285029,-0.469835466179159,2.0707762557077625,0.0,0.0,,,0.0,0.0,0.1294619072988811,0.0,,0.0,,2.1075261959621443,,0.0752753977968176,-1.5578703703703705,46900000.0,22500000.0,-50200000.0,138500000.0,,,,45.191082802547776,0.0,0.0,1.9915433403805496,0.0,0.0,0.2628205128205128,,1994-12-30,,bmo,,2025-04-24,1994-12-31,,,
1994-09-30,WAB,USD,943452,1994-09-30,1994-09-29 20:00:00,1994,Q3,87800000.0,0.0,87800000.0,1.0,0,0.0,0.0,0.0,0.0,0.0,0.0,0.0,0.0,0.0,87800000.0,1.0,87800000.0,1.0,-87800000.0,0.0,0.0,-8500000.0,8500000.0,0.0968109339,0.11,0.11,80952381,80952381,,,1.0845882346561246,0.1049999999382352,,,,,,,,607142857.5,,17.85714286764706,6.915066714123006,0.0,0.0,0.0,0.0,,,0.0,0.0,0.0139999999917647,,0.0,0.0,,0.0,0.0,0.0,,,0.0,0.0,0.0,0.0,,0.0,,,0.0,0.0,,,,,,,,,,0.0,0.0,0.0,0.0,0.0,0.0,,1994-09-29,,bmo,,2025-04-24,1994-09-30,,,
1994-06-30,WAB,USD,943452,1994-06-30,1994-06-29 20:00:00,1994,Q2,85800000.0,0.0,85800000.0,1.0,0,0.0,0.0,0.0,0.0,0.0,0.0,0.0,0.0,0.0,85800000.0,1.0,85800000.0,1.0,-85800000.0,0.0,0.0,-8300000.0,8300000.0,0.0967365967,0.11,0.11,79047619,79047619,,,1.0854216874008564,0.105000000063253,,,,,,,,592857142.5,,17.857142846385543,6.9097569055944055,0.0,0.0,0.0,0.0,,,0.0,0.0,0.0140000000084337,,0.0,0.0,,0.0,0.0,0.0,,,0.0,0.0,0.0,0.0,,0.0,,,0.0,0.0,,,,,,,,,,0.0,0.0,0.0,0.0,0.0,0.0,,1994-06-29,,bmo,,2025-04-24,1994-06-30,,,
1994-03-31,WAB,USD,943452,1994-03-31,1994-03-30 19:00:00,1994,Q1,79700000.0,0.0,79700000.0,1.0,0,0.0,0.0,0.0,0.0,0.0,0.0,0.0,0.0,0.0,79700000.0,1.0,79700000.0,1.0,-79700000.0,0.0,0.0,-7700000.0,7700000.0,0.0966122961,0.095,0.095,81052632,81052632,,,0.9833116832035756,0.0949999995064935,,,,,,,,607894740.0,,19.736842207792208,7.627286574654956,0.0,0.0,0.0,0.0,,,0.0,0.0,0.0126666666008658,,0.0,0.0,,0.0,0.0,0.0,,,0.0,0.0,0.0,0.0,,0.0,,,0.0,0.0,,,,,,,,,,0.0,0.0,0.0,0.0,0.0,0.0,,1994-03-30,,bmo,,2025-04-24,1994-03-31,,,
1993-12-31,WAB,USD,943452,1993-12-31,1993-12-30 19:00:00,1993,Q4,76500000.0,0.0,76500000.0,1.0,0,0.0,0.0,0.0,-223000000.0,-223000000.0,-223000000.0,0.0,0.0,0.0,-146500000.0,-1.9150326797,-146500000.0,-1.9150326797,146500000.0,0.0,0.0,-13300000.0,13300000.0,0.1738562092,0.16,0.16,81052632,81052632,,,0.9438311639281498,0.1640909082384888,,,0.0,0.1357142850092764,-0.2245454533789846,0.1357142850092764,1.3312337593182662,607894740.0,715794740.0,11.426592857142856,7.946336470588236,0.0,0.0,55.26315818181818,55.26315818181818,9.356793986928103,-4.885970921501706,0.0,0.0,0.0218787877651318,,9.809090909090909,0.6144646924829157,-0.736518771331058,1.6158798283261802,0.0,0.0,,,0.0,0.0,0.1662870159453303,0.0,,0.0,,0.7078582531004771,,0.0908469945355191,-1.4564610313950077,28700000.0,-18200000.0,-89300000.0,124300000.0,,,,47.05882352941177,0.0,0.0,1.9125,0.0,0.0,1.209090909090909,,1993-12-30,,bmo,,2025-04-24,1993-12-31,,,
1993-09-30,WAB,USD,943452,1993-09-30,1993-09-29 20:00:00,1993,Q3,66600000.0,0.0,66600000.0,1.0,0,0.0,0.0,0.0,0.0,0.0,0.0,0.0,0.0,0.0,66600000.0,1.0,66600000.0,1.0,-66600000.0,0.0,0.0,-600000.0,600000.0,0.009009009,0.01,0.01,60000000,60000000,,,1.11,0.01,,,,,,,,450000000.0,,187.5,6.756756756756757,0.0,0.0,0.0,0.0,,,0.0,0.0,0.0013333333333333,,0.0,0.0,,0.0,0.0,0.0,,,0.0,0.0,0.0,0.0,,0.0,,,0.0,0.0,,,,,,,,,,0.0,0.0,0.0,0.0,0.0,0.0,,1993-09-29,,bmo,,2025-04-24,1993-09-30,,,
1993-06-30,WAB,USD,943452,1993-06-30,1993-06-29 20:00:00,1993,Q2,71400000.0,0.0,71400000.0,1.0,0,0.0,0.0,0.0,0.0,0.0,0.0,0.0,0.0,0.0,71400000.0,1.0,71400000.0,1.0,-71400000.0,0.0,0.0,-6800000.0,6800000.0,0.0952380952,0.085,0.085,80000000,80000000,,,0.8925,0.085,,,,,,,,600000000.0,,22.058823529411764,8.403361344537815,0.0,0.0,0.0,0.0,,,0.0,0.0,0.0113333333333333,,0.0,0.0,,0.0,0.0,0.0,,,0.0,0.0,0.0,0.0,,0.0,,,0.0,0.0,,,,,,,,,,0.0,0.0,0.0,0.0,0.0,0.0,,1993-06-29,,bmo,,2025-04-24,1993-06-30,,,
1993-03-31,WAB,USD,943452,1993-03-31,1993-03-30 19:00:00,1993,Q1,70800000.0,0.0,70800000.0,1.0,0,0.0,0.0,0.0,0.0,0.0,0.0,0.0,0.0,0.0,70800000.0,1.0,70800000.0,1.0,-70800000.0,0.0,0.0,-7400000.0,7400000.0,0.104519774,0.09,0.09,82222222,82222222,,,0.8610810834083272,0.0900000002432432,,,,,,,,616666665.0,,20.833333277027027,8.709981144067797,0.0,0.0,0.0,0.0,,,0.0,0.0,0.0120000000324324,,0.0,0.0,,0.0,0.0,0.0,,,0.0,0.0,0.0,0.0,,0.0,,,0.0,0.0,,,,,,,,,,0.0,0.0,0.0,0.0,0.0,0.0,,1993-03-30,,bmo,,2025-04-24,1993-03-31,,,
