date,symbol,reportedCurrency,cik,fillingDate,acceptedDate,calendarYear,period,revenue,costOfRevenue,grossProfit,grossProfitRatio,researchAndDevelopmentExpenses,generalAndAdministrativeExpenses,sellingAndMarketingExpenses,sellingGeneralAndAdministrativeExpenses,otherExpenses,operatingExpenses,costAndExpenses,interestIncome,interestExpense,depreciationAndAmortization,ebitda,ebitdaratio,operatingIncome,operatingIncomeRatio,totalOtherIncomeExpensesNet,incomeBeforeTax,incomeBeforeTaxRatio,incomeTaxExpense,netIncome,netIncomeRatio,eps,epsdiluted,weightedAverageShsOut,weightedAverageShsOutDil,link,finalLink,revenuePerShare,netIncomePerShare,operatingCashFlowPerShare,freeCashFlowPerShare,cashPerShare,bookValuePerShare,tangibleBookValuePerShare,shareholdersEquityPerShare,interestDebtPerShare,marketCap,enterpriseValue,peRatio,priceToSalesRatio,pocfratio,pfcfRatio,pbRatio,ptbRatio,evToSales,enterpriseValueOverEBITDA,evToOperatingCashFlow,evToFreeCashFlow,earningsYield,freeCashFlowYield,debtToEquity,debtToAssets,netDebtToEBITDA,currentRatio,interestCoverage,incomeQuality,dividendYield,payoutRatio,salesGeneralAndAdministrativeToRevenue,researchAndDdevelopementToRevenue,intangiblesToTotalAssets,capexToOperatingCashFlow,capexToRevenue,capexToDepreciation,stockBasedCompensationToRevenue,grahamNumber,roic,returnOnTangibleAssets,grahamNetNet,workingCapital,tangibleAssetValue,netCurrentAssetValue,investedCapital,averageReceivables,averagePayables,averageInventory,daysSalesOutstanding,daysPayablesOutstanding,daysOfInventoryOnHand,receivablesTurnover,payablesTurnover,inventoryTurnover,roe,capexPerShare,report_date,epsEstimated,time,revenueEstimated,updatedFromDate,fiscalDateEnding,surprise(%),QuarterAvgPrice,QuarterAvgVolume
2025-02-28,WBA,USD,1618921,2025-04-08,2025-04-08 07:07:30,2025,Q2,38588000000.0,31654000000.0,6934000000.0,0.1796931689,0,0.0,0.0,8891000000.0,0.0,12501000000.0,40544000000.0,0.0,129000000.0,611000000.0,-3507000000.0,-0.0908831761,-1956000000.0,-0.0506893335,-2290000000.0,-4246000000.0,-0.1100342075,-212000000.0,-2853000000.0,-0.073934902,-3.3,-3.3,864100000,864100000,https://www.sec.gov/Archives/edgar/data/1618921/000161892125000036/0001618921-25-000036-index.htm,https://www.sec.gov/Archives/edgar/data/1618921/000161892125000036/wba-20250228.htm,44.65686841800718,-3.3017011919916675,-0.2302974192801759,-0.4837403078347413,1.310033560930448,8.397176252748524,-17.664622150214097,8.228214327045482,35.02256683254253,9228588000.0,38660588000.0,-0.8086740273396426,0.2391569399813413,-46.37481407035175,-22.07796172248804,1.2979729957805906,1.2979729957805906,1.0018811029335544,-11.023834616481324,-194.27431155778893,-92.48944497607656,-0.309148051684613,-0.0452940363141143,4.238255977496483,0.4291614446849721,-8.392358140861134,0.6107579462102689,-15.16279069767442,0.0493184634448575,0.0234055307269107,-0.0757097791798107,0.0,0.0,0.3207246211689643,-1.100502512562814,0.0056753394837773,0.3584288052373158,0.0005442106354307,,-0.041262477533127,-0.0598163367997316,-61.8568452725379,-10348000000.0,-15264000000.0,-46723000000.0,40393000000.0,6065500000.0,13952500000.0,8482000000.0,13.854047890535917,37.96866114867,22.305237884627537,6.496296296296296,2.3703759173281416,4.034926704907584,-0.4012658227848101,0.2534428885545654,2025-04-08,0.53,bmo,37904661410.0,2025-05-11,2025-02-28,0.1886792452830188,10.934642857142858,12169406.67857143
2024-11-30,WBA,USD,1618921,2025-01-10,2025-01-10 16:00:55,2025,Q1,39459000000.0,32680000000.0,6779000000.0,0.1717985757,0,0.0,0.0,7015000000.0,9000000.0,7024000000.0,39704000000.0,0.0,122000000.0,625000000.0,-236000000.0,-0.0059808916,-236000000.0,-0.0059808916,-179000000.0,-415000000.0,-0.0105172457,66000000.0,-265000000.0,-0.0067158316,-0.31,-0.31,863800000,863800000,https://www.sec.gov/Archives/edgar/data/1618921/000161892125000009/0001618921-25-000009-index.htm,https://www.sec.gov/Archives/edgar/data/1618921/000161892125000009/wba-20241130.htm,45.680713128038896,-0.3067839777726325,-0.1620745542949757,-0.4908543644362121,1.3787913868951147,13.049316971521186,-19.37717064135217,12.92544570502431,35.69113220652929,7791476000.0,37640476000.0,-7.350449056603773,0.1974575128614511,-55.6534,-18.376122641509436,0.697848275862069,0.697848275862069,0.9539135811855344,-159.49354237288136,-268.86054285714283,-88.77470754716981,-0.0340115274692497,-0.0544184439507995,2.750380653828929,0.3910053987980034,-126.47881355932203,0.636651732051142,-1.9344262295081969,0.2314049586776859,0.0277226035221054,-0.8150943396226416,0.0,0.0,0.3566517265967199,-2.0285714285714285,0.0071973440786639,0.4544,0.0009630249119339,,-0.0050731208524144,-0.0052448244468194,-65.83728872424172,-9975000000.0,-16738000000.0,-49786000000.0,47048000000.0,6021000000.0,14316500000.0,8719500000.0,14.120732912643504,40.07313341493269,25.113525091799264,6.373606848651268,2.245893753006666,3.583726285776949,-0.0237348858038513,0.3287798101412364,2025-01-10,0.37,bmo,37388600000.0,2025-04-25,2024-11-30,0.3783783783783784,10.855583333333334,25409222.066666663
2024-08-31,WBA,USD,1618921,2024-10-15,2024-10-15 16:02:25,2024,Q4,37547000000.0,31294000000.0,6253000000.0,0.1665379391,0,0.0,0.0,6948000000.0,282000000.0,7230000000.0,38524000000.0,0.0,131000000.0,622000000.0,-245000000.0,-0.0065251551,-977000000.0,-0.0260207207,-21000000.0,-998000000.0,-0.0265800197,2082000000.0,-3005000000.0,-0.0800330253,-3.48,-3.48,863700000,863700000,https://www.sec.gov/Archives/edgar/data/1618921/000161892124000084/0001618921-24-000084-index.htm,https://www.sec.gov/Archives/edgar/data/1618921/000161892124000084/wba-20240831.htm,43.47227046428158,-3.479217320828992,1.5422021535255297,1.2573810350816257,3.599629500984138,14.10211879124696,-18.8711358110455,12.093319439620238,38.18802825054996,7989225000.0,39522225000.0,-0.6646609816971714,0.212779316589874,5.997916666666667,7.356560773480663,0.7648851124940163,0.7648851124940163,1.052606732894772,-161.31520408163266,29.67134009009009,36.39247237569061,-0.3761316022517829,0.1359330848736892,3.1452369554810917,0.4053950664511273,-128.70612244897958,0.6802582272845323,-7.458015267175573,-0.4327485380116959,0.02703641467101,-0.0718801996672213,0.0,0.0,0.3514320618976517,0.1846846846846846,0.0065517884251737,0.3954983922829582,0.0010386981649665,,-0.052012047071148,-0.0571749305529129,-66.22640963297441,-8618000000.0,-16299000000.0,-50522000000.0,49969000000.0,5900000000.0,13591000000.0,8449000000.0,14.024822222814072,40.49913721480156,23.927909503419187,6.417193642112459,2.222269563982389,3.761298076923077,-0.2876974629009095,0.2848211184439041,2024-10-15,0.3583,bmo,35751449124.0,2025-04-25,2024-08-31,0.0884733463578007,9.28484375,23233259.90625
2024-05-31,WBA,USD,1618921,2024-06-27,2024-06-27 16:01:00,2024,Q3,36351000000.0,29892000000.0,6459000000.0,0.1776842453,0,0.0,0.0,6393000000.0,-45000000.0,6348000000.0,36240000000.0,0.0,113000000.0,607000000.0,971000000.0,0.0267117823,111000000.0,0.0030535611,140000000.0,251000000.0,0.0069048995,20000000.0,344000000.0,0.0094632885,0.4,0.4,863100000,864300000,https://www.sec.gov/Archives/edgar/data/1618921/000161892124000065/0001618921-24-000065-index.htm,https://www.sec.gov/Archives/edgar/data/1618921/000161892124000065/wba-20240531.htm,42.11678832116788,0.3985633182713474,0.6998030355694589,0.3788668752172401,0.8237747653806048,17.877418607345614,-15.32383269609547,15.805816243772448,39.13451511991658,13999481999.999998,46960482000.0,10.17404215116279,0.3851195840554592,23.177950331125828,42.81187155963302,1.0262045154669404,1.0262045154669404,1.2918621771065446,48.363009268795054,77.74914238410597,143.6100366972477,0.0245723377479252,0.0233580071034056,2.467673361677173,0.4056636741579804,33.94541709577755,0.6525924742350403,0.9823008849557522,1.755813953488372,0.0154291423068367,0.627906976744186,0.0,0.0,0.3453154184491173,0.4586092715231788,0.0076201480014304,0.4563426688632619,0.0012104206211658,11.905520476962147,0.0016500093436822,0.0063317933332106,-67.30767002664813,-8697000000.0,-13226000000.0,-51218000000.0,50931000000.0,6074500000.0,12937500000.0,8567500000.0,14.72889329041842,39.44199116820554,25.826977117623446,6.110438729198185,2.281832061068702,3.484728374912567,0.0252162439524996,0.3209361603522187,2024-06-27,0.681,bmo,35941411980.0,2025-04-25,2024-05-31,-0.0748898678414097,10.2890625,20339986.28125
2024-02-29,WBA,USD,1618921,2024-03-28,2024-03-28 16:01:38,2024,Q2,37052000000.0,30012000000.0,7040000000.0,0.1900032387,0,0.0,0.0,7921000000.0,12290000000.0,20211000000.0,50223000000.0,0.0,138000000.0,614000000.0,-12362000000.0,-0.3336392098,-13171000000.0,-0.3554733888,57000000.0,-13114000000.0,-0.3539350103,-782000000.0,-5908000000.0,-0.1594515816,-6.85,-6.85,862500000,862500000,https://www.sec.gov/Archives/edgar/data/1618921/000161892124000035/0001618921-24-000035-index.htm,https://www.sec.gov/Archives/edgar/data/1618921/000161892124000035/wba-20240229.htm,42.95884057971014,-6.849855072463768,-0.7385507246376811,-1.1466666666666667,0.783768115942029,17.813333333333333,-15.574492753623188,15.633623188405798,40.30724637681159,18336750000.0,52295750000.0,-0.7759288253215979,0.4948923135053438,-28.786106750392467,-18.54069767441861,1.359889498665085,1.359889498665085,1.411415038324517,-4.230363209836596,-82.09693877551021,-52.877401415571285,-0.3221945001158874,-0.0539354029476324,2.568006526253338,0.411212844537865,-2.747047403332794,0.664699979931768,-95.44202898550724,0.1078381581174877,0.0225230752450679,-0.0699052132701421,0.0,0.0,0.3419786953578681,-0.5525902668759811,0.0095001619345784,0.5742251223491027,0.0012954766274425,,-0.1946258687743114,-0.1066233531853456,-68.68231884057971,-8354000000.0,-13433000000.0,-52282000000.0,51906000000.0,6086000000.0,13184000000.0,9005500000.0,15.059915794019217,38.30967612954818,25.660735705717716,5.976129032258065,2.349275929549902,3.5073039616688093,-0.4381489172352417,0.4081159420289855,2024-03-28,0.819,bmo,35862925857.0,2025-04-25,2024-02-29,0.4652014652014652,16.95952380952381,14832157.57142857
2023-11-30,WBA,USD,1618921,2024-01-04,2024-01-04 16:01:08,2024,Q1,36707000000.0,29937000000.0,6770000000.0,0.1844334868,0,0.0,0.0,6851000000.0,-42000000.0,6809000000.0,36746000000.0,0.0,99000000.0,616000000.0,357000000.0,0.0097256654,-39000000.0,-0.0010624676,-319000000.0,-358000000.0,-0.0097529082,-74000000.0,-67000000.0,-0.0018252649,-0.0776,-0.08,863000000,863000000,https://www.sec.gov/Archives/edgar/data/1618921/000161892124000004/0001618921-24-000004-index.htm,https://www.sec.gov/Archives/edgar/data/1618921/000161892124000004/wba-20231130.htm,42.53418308227115,-0.0776361529548088,-0.3256083429895712,-0.9119351100811124,0.9223638470451913,32.163383545770564,-15.880648899188875,31.9675550405562,39.20741599073001,17208220000.0,50161220000.0,-64.20977611940299,0.4687994115563789,-61.23921708185054,-21.86559085133418,0.6237574307670002,0.6237574307670002,1.3665300896286812,140.50761904761904,-178.5096797153025,-63.73725540025413,-0.0038934881120766,-0.0457339573761841,1.2228867623604465,0.3448779939278084,92.30532212885154,0.6641522438351968,-0.3939393939393939,1.0107913669064748,0.0241163815897286,-6.1940298507462686,0.0,0.0,0.4238471525101459,-1.800711743772242,0.0137848366796523,0.8214285714285714,0.0013893807720598,,-0.0004082356567972,-0.0011887652809566,-69.59907300115874,-8771000000.0,-13705000000.0,-52721000000.0,65575000000.0,5676500000.0,13114000000.0,8855500000.0,14.642438771896368,40.86481611383906,28.42168553963323,6.146517079705292,2.2023835797837124,3.166596149777872,-0.0024285921415108,0.5863267670915412,2024-01-04,0.63,bmo,34854600000.0,2025-04-25,2023-11-30,0.0476190476190476,22.219836065573773,13951036.885245902
2023-08-31,WBA,USD,1618921,2023-11-22,2023-11-22 11:46:40,2023,Q4,35422000000.0,28947000000.0,6475000000.0,0.1827960025,0,0.0,0.0,6990000000.0,-64000000.0,6926000000.0,35873000000.0,0.0,155000000.0,605000000.0,1541000000.0,0.043504037,-451000000.0,-0.0127322003,92000000.0,-359000000.0,-0.0101349444,151000000.0,-180000000.0,-0.0050815877,-0.21,-0.21,864300000,864300000,https://www.sec.gov/Archives/edgar/data/1618921/000161892123000106/0001618921-23-000106-index.htm,https://www.sec.gov/Archives/edgar/data/1618921/000161892123000106/wba-20230831.htm,40.98345481892861,-0.2082610204790003,1.202128890431563,0.6421381464769177,0.8550271896332292,32.96309151914844,-15.425199583477958,23.16441050561148,38.97836399398357,21875433000.0,54681433000.0,-30.38254583333333,0.6175662864886229,21.054314725697783,39.4151945945946,1.0926243943858946,1.0926243943858946,1.5437138783806674,35.484382219338094,52.62890567853705,98.5251045045045,-0.0082284085531015,0.0253709263720631,1.674941311622796,0.3470422651819348,21.28877352368592,0.6318728347259017,-2.9096774193548387,-4.995192307692308,0.0189710530529841,-2.305555555555556,0.0,0.0,0.4328145051123898,0.465832531280077,0.0136638247416859,0.8,0.0010445485856247,,-0.0085020353357318,-0.0032843119366492,-68.5349415712137,-9032000000.0,-13332000000.0,-52635000000.0,66043000000.0,5612000000.0,12332000000.0,8210500000.0,13.672011744113828,39.28386361280962,25.672090372059284,6.5827913027318345,2.2910170162247723,3.505752694683299,-0.0089905599120923,0.5599907439546454,2023-10-12,0.68,bmo,34822700000.0,2025-04-25,2023-08-31,-0.0147058823529411,22.354920634920635,12451463.80952381
2023-05-31,WBA,USD,1618921,2023-06-27,2023-06-27 16:04:17,2023,Q3,35415000000.0,28826000000.0,6589000000.0,0.1860511083,0,0.0,0.0,7123000000.0,-57000000.0,7066000000.0,35892000000.0,0.0,173000000.0,597000000.0,484000000.0,0.0136665255,-477000000.0,-0.0134688691,99000000.0,-378000000.0,-0.0106734435,330000000.0,118000000.0,0.0033319215,0.14,0.14,863100000,863800000,https://www.sec.gov/Archives/edgar/data/1618921/000161892123000043/0001618921-23-000043-index.htm,https://www.sec.gov/Archives/edgar/data/1618921/000161892123000043/wba-20230531.htm,41.03232533889468,0.1367164870814506,-0.0231722859460085,-0.6314447920287336,1.123855868381416,34.20113544201136,-14.401575715444327,34.015757154443286,42.419186652763294,26212347000.0,61780347000.0,55.53463347457627,0.7401481575603558,-1310.61735,-48.0960495412844,0.8928215198065329,0.8928215198065329,1.7444683608640406,127.64534504132232,-3089.01735,-113.35843486238532,0.0045016953270151,-0.0207917284171463,1.2411526278142988,0.3695451549110086,73.48760330578513,0.6320978219335116,-2.757225433526012,0.4166666666666667,0.0158322335653499,3.516949152542373,0.0,0.0,0.425424674205162,-26.25,0.0148242270224481,0.8793969849246231,0.0015530142594945,10.229202487503713,-0.0114759874046726,0.0020827449872917,-69.11337040899085,-9628000000.0,-12430000000.0,-52544000000.0,65934000000.0,5786500000.0,12374500000.0,8460500000.0,14.84879288437103,37.55671962811351,25.48948865607438,6.0610987506417935,2.396375426053704,3.5308672219500243,0.0040192104635716,0.6082725060827251,2023-06-27,1.06,bmo,34663200000.0,2025-04-25,2023-05-31,-0.0566037735849057,26.58730158730159,10489710.0
2023-02-28,WBA,USD,1618921,2023-03-28,2023-03-28 16:01:08,2023,Q2,34862000000.0,27807000000.0,7055000000.0,0.202369342,0,0.0,0.0,6934000000.0,-76000000.0,6858000000.0,34665000000.0,0.0,141000000.0,560000000.0,1308000000.0,0.0375193621,197000000.0,0.0056508519,410000000.0,607000000.0,0.0174115082,70000000.0,703000000.0,0.0201652229,0.81,0.81,862600000,863400000,https://www.sec.gov/Archives/edgar/data/1618921/000161892123000019/0001618921-23-000019-index.htm,https://www.sec.gov/Archives/edgar/data/1618921/000161892123000019/wba-20230228.htm,40.41502434500348,0.8149779735682819,0.8648272664038952,0.2875028982146997,2.133086019012288,34.3113841873406,-14.61975423139346,24.567586366798057,43.727104103872016,30648178000.0,67138178000.0,10.899067567567569,0.879128506683495,41.08334852546917,123.5813629032258,1.4462145149112873,1.4462145149112873,1.925826917560668,51.32888226299694,89.99755764075067,270.71845967741933,0.0229377420086766,0.0080918350187081,1.77321630804077,0.3739885946317141,27.89755351681957,0.6266473005526427,1.3971631205673758,1.3713235294117647,0.0135081439425208,0.5889046941678521,0.0,0.0,0.420067874879328,0.6675603217158177,0.0142848947277838,0.8892857142857142,0.002036601457174,21.22488962127315,0.0022113039985829,0.0120643201592558,-69.98145142592163,-10539000000.0,-12611000000.0,-53193000000.0,65269000000.0,5291500000.0,12452000000.0,9039500000.0,14.79261086569904,41.16948969683892,28.342863307800197,6.0841186736474695,2.186084905660377,3.175402535114765,0.0331728954322385,0.5773243681891954,2023-03-28,1.1,bmo,33528200000.0,2025-04-25,2023-02-28,0.0545454545454543,32.57822580645161,8334279.112903226
2022-11-30,WBA,USD,1618921,2023-01-05,2023-01-05 16:09:36,2023,Q1,33382000000.0,26429000000.0,6953000000.0,0.2082859026,0,0.0,0.0,13158000000.0,-54000000.0,13104000000.0,39533000000.0,0.0,110000000.0,495000000.0,667000000.0,0.019980828,-6151000000.0,-0.184260979,889000000.0,-5262000000.0,-0.1576298604,1447000000.0,-3721000000.0,-0.1114672578,-4.31,-4.31,863600000,863600000,https://www.sec.gov/Archives/edgar/data/1618921/000161892123000005/0001618921-23-000005-index.htm,https://www.sec.gov/Archives/edgar/data/1618921/000161892123000005/wba-20221130.htm,38.6544696618805,-4.308707735062529,0.5708661417322834,-0.135479388605836,4.900416859657248,28.646364057433995,-9.79041222788328,28.46456692913386,41.24826308476146,35839400000.0,69002400000.0,-2.407914539102392,1.0736145227967169,72.69655172413793,-306.31965811965813,1.4579529737206085,1.4579529737206085,2.0670541010125216,103.45187406296851,139.96430020283975,-589.7641025641026,-0.103824282772591,-0.0032645635808635,1.4446342852493694,0.3823633916554508,49.71964017991005,0.696354686831217,-55.91818181818182,-0.1291928721174004,0.0115794349235757,-0.1115291588282719,0.0,0.0,0.3574051144010767,1.2373225152129816,0.0182733209514109,1.2323232323232325,0.0066502905757593,,-0.1103236439332861,-0.0623481510028317,-64.38542149143122,-8513000000.0,-8455000000.0,-48613000000.0,57371000000.0,4935000000.0,11719500000.0,8837500000.0,13.08399736384878,41.490786635892384,31.744674410685228,6.878631774160313,2.169156270518713,2.8351212186226133,-0.1513709218127084,0.7063455303381195,2023-01-05,1.15,bmo,32897716647.0,2025-04-25,2022-11-30,0.008695652173913,35.486612903225804,7053367.741935484
2022-08-31,WBA,USD,1618921,2022-10-13,2022-10-13 16:02:19,2022,Q4,32449000000.0,26038000000.0,6411000000.0,0.1975715739,0,0.0,0.0,7320000000.0,-87000000.0,7233000000.0,33271000000.0,0.0,105000000.0,488000000.0,1491000000.0,0.0459490277,-822000000.0,-0.0253320595,87000000.0,-735000000.0,-0.0226509292,235000000.0,-415000000.0,-0.0127893001,-0.48,-0.48,862047477,864500000,https://www.sec.gov/Archives/edgar/data/1618921/000161892122000064/0001618921-22-000064-index.htm,https://www.sec.gov/Archives/edgar/data/1618921/000161892122000064/wba-20220831.htm,37.64177828456193,-0.4814120000028722,0.0997624867475831,-0.4721317686775156,2.867591479535181,35.27415926768033,-3.018395238572225,34.06540913755264,41.2761488773547,30223384543.620003,64342384543.62,-18.206858158807236,0.9314118938525072,351.4347039955814,-74.25893008260442,1.0291965042436833,1.0291965042436833,1.982877270289377,43.15384610571429,748.1672621351163,-158.08939691307123,-0.0137310895608349,-0.0134663938584573,1.2080978001770757,0.3936465314455639,22.88329979879276,0.7484390913519019,-7.828571428571428,-0.1716566866267465,0.0134994808212545,-0.983132530120482,0.0,0.0,0.3662731347920642,5.732558139534884,0.0151930722056149,1.0102459016393444,0.003852198835095,,-0.0153036752889232,-0.0072661694155548,-57.19493567985931,-5681000000.0,-2602000000.0,-42814000000.0,60317000000.0,5025500000.0,11524500000.0,8436500000.0,13.915066720083823,38.90275750825716,28.872033182272062,6.467809447877218,2.313460684140382,3.1172033999760567,-0.0141319893754682,0.5718942554250989,2022-10-13,0.78,bmo,32085393838.0,2025-04-25,2022-08-31,0.0256410256410256,37.60015873015873,7037007.142857143
2022-05-31,WBA,USD,1618921,2022-06-30,2022-06-30 16:04:40,2022,Q3,32597000000.0,26025000000.0,6572000000.0,0.2016136454,0,0.0,0.0,7019000000.0,-127000000.0,6892000000.0,32917000000.0,0.0,108000000.0,478000000.0,637000000.0,0.0195416756,-320000000.0,-0.0098168543,302000000.0,-13000000.0,-0.0003988097,242000000.0,289000000.0,0.0088658466,0.33,0.33,864000000,865300000,https://www.sec.gov/Archives/edgar/data/1618921/000161892122000040/0001618921-22-000040-index.htm,https://www.sec.gov/Archives/edgar/data/1618921/000161892122000040/wba-20220531.htm,37.72800925925926,0.3344907407407407,1.8854166666666667,1.4560185185185186,5.159722222222222,36.0613425925926,-2.693287037037037,30.385416666666668,43.26967592592592,37869120000.0,72861120000.0,32.75875432525951,1.1617363561063905,23.24685082872928,30.10263910969793,1.4424682893383611,1.4424682893383611,2.235209375095868,114.38166405023549,44.7275138121547,57.91821939586645,0.0076315478152119,0.0332196787250403,1.4199139146002362,0.4018693603855151,54.93249607535322,0.7841442639298625,-2.962962962962963,7.11353711790393,0.01103801725522,1.4463667820069204,0.0,0.0,0.3609784495305038,0.2277470841006752,0.011381415467681,0.7761506276150628,0.0029450562935239,15.122232371325378,-0.085069296030725,0.0048755799240826,-56.83854166666666,-5195000000.0,-2327000000.0,-42730000000.0,61447000000.0,5181000000.0,11486000000.0,8733500000.0,13.898825045249565,40.78616714697406,29.463976945244955,6.475367500993246,2.206630490079702,3.0545774647887325,0.0110082657220127,0.4293981481481481,2022-06-30,0.95,bmo,32058935882.0,2025-04-25,2022-05-31,0.0105263157894736,37.04640625,6684038.359375
2022-02-28,WBA,USD,1618921,2022-03-31,2022-03-31 16:06:20,2022,Q2,33756000000.0,26047000000.0,7709000000.0,0.228374215,0,0.0,0.0,6565000000.0,-102000000.0,6463000000.0,32510000000.0,0.0,100000000.0,524000000.0,1541000000.0,0.0456511435,1246000000.0,0.0369119564,-299000000.0,977000000.0,0.0289430027,172000000.0,883000000.0,0.0261583126,1.02,1.02,863500000,865200000,https://www.sec.gov/Archives/edgar/data/1618921/000161892122000024/0001618921-22-000024-index.htm,https://www.sec.gov/Archives/edgar/data/1618921/000161892122000024/wba-20220228.htm,39.09206716850029,1.022582513028373,1.2565141864504925,0.7747539085118703,2.185292414591778,35.7475390851187,-3.9861030689056167,30.922987840185293,43.5865662999421,39798715000.0,75448715000.0,11.268039354473386,1.1790115831259629,36.68084331797235,59.48985799701046,1.4904769305669987,1.4904769305669987,2.235120126792274,48.96087929915639,69.53798617511521,112.77834828101643,0.0221866459758813,0.0168095879477515,1.405774848325968,0.405004153944089,23.13432835820895,0.7411780254636768,12.46,1.3461538461538465,0.0105531045411893,0.4756511891279728,0.0,0.0,0.3701865498527238,0.3834101382488479,0.0123237350396966,0.7938931297709924,0.0039992890152861,26.67357116808989,0.0138050853743293,0.0151268565946584,-59.59293572669369,-5875000000.0,-3442000000.0,-44991000000.0,62372000000.0,5644000000.0,11815000000.0,9211000000.0,14.20547458229648,38.62325795677045,30.91450071025454,6.335585585585585,2.330202182859188,2.9112551693305018,0.0330686839937083,0.4817602779386218,2022-03-31,1.39,bmo,33228056790.0,2025-04-25,2022-02-28,0.143884892086331,42.98983870967741,7277311.967741935
2021-11-30,WBA,USD,1618921,2022-01-06,2022-01-06 16:46:33,2022,Q1,33901000000.0,26326000000.0,7575000000.0,0.2234447361,0,0.0,0.0,6391000000.0,-99000000.0,6292000000.0,32618000000.0,0.0,86000000.0,500000000.0,1579000000.0,0.0465767971,1283000000.0,0.0378454913,2531000000.0,3807000000.0,0.1122975723,275000000.0,3580000000.0,0.1056016047,4.13,4.13,865800000,867600000,https://www.sec.gov/Archives/edgar/data/1618921/000161892122000004/0001618921-22-000004-index.htm,https://www.sec.gov/Archives/edgar/data/1618921/000161892122000004/wba-20211130.htm,39.15569415569416,4.134904134904135,1.2693462693462694,0.7449757449757449,4.775929775929776,35.31878031878032,-4.287364287364287,30.333795333795333,44.23769923769924,38787840000.0,72867840000.0,2.708648044692737,1.144150320049556,35.293757961783434,60.136186046511625,1.4769005825686323,1.4769005825686323,2.149430400283177,46.14809373020899,66.30376706096452,112.97339534883722,0.0922969672969672,0.0166289228789228,1.4550889083501504,0.3959816386376117,21.583280557314755,0.8309404016852784,14.918604651162791,0.3112432738600963,0.0106476668976669,0.1153631284916201,0.0,0.0,0.3553213756515071,0.4131028207461328,0.0133919353411403,0.908,0.0010324179227751,53.12358284644906,0.0154643511712104,0.0575414684325575,-60.73631323631324,-4133000000.0,-3712000000.0,-45614000000.0,64279000000.0,5811500000.0,11794000000.0,8817000000.0,15.822542107902422,42.569323102636176,32.391931930411005,5.688087248322148,2.1141985223257307,2.7784696569920846,0.136313444770209,0.5243705243705243,2022-01-06,1.35,bmo,33443700000.0,2025-04-25,2021-11-30,0.2444444444444443,49.17903225806452,6890343.70967742
2021-08-31,WBA,USD,1618921,2021-10-14,2021-10-14 16:31:34,2021,Q4,34262000000.0,26758000000.0,7504000000.0,0.2190181542,0,0.0,0.0,6650000000.0,-56000000.0,6594000000.0,33352000000.0,0.0,88000000.0,518000000.0,1670000000.0,0.0487420466,910000000.0,0.0265600374,21000000.0,931000000.0,0.0271729613,586000000.0,627000000.0,0.0183001576,0.41,0.41,865100000,867200000,https://www.sec.gov/Archives/edgar/data/1618921/000161892121000085/0001618921-21-000085-index.htm,https://www.sec.gov/Archives/edgar/data/1618921/000161892121000085/wba-20210831.htm,39.60466998034909,0.7247717026933302,1.4391399838168997,1.0021962778869495,2.1118945786614263,27.536700959426657,1.6934458444110507,27.536700959426657,38.700728239509885,43903825000.0,76102825000.0,17.50551236044657,1.2814145408907829,35.26411646586346,50.63878316032295,1.8429949206615728,1.8429949206615728,2.2212020605919096,45.57055389221557,61.12676706827309,87.77719146482123,0.0142812158166173,0.0197477099091024,1.4017294937452776,0.4108015008919234,19.280838323353297,0.7170581300444364,10.340909090909092,2.0309951060358893,0.0092247087810686,0.645933014354067,0.0,0.0,0.2750445961739558,0.3036144578313253,0.0110326309030412,0.7297297297297297,0.0010215398984297,21.19082317704332,0.0053700561359446,0.010640103176758,-54.68645243324471,-6240000000.0,1465000000.0,-41649000000.0,50257000000.0,5408000000.0,11213000000.0,8246000000.0,14.87566400093398,37.45571417893714,27.442633978623217,6.050150097121667,2.402837643678161,3.2795685745802183,0.0263202082108974,0.4369437059299503,2021-10-14,1.03,bmo,29605029126.0,2025-04-25,2021-08-31,0.1359223300970873,48.42546875,6147485.828125
2021-05-31,WBA,USD,1618921,2021-07-01,2021-07-01 16:27:11,2021,Q3,34030000000.0,26877000000.0,7153000000.0,0.2101968851,0,0.0,0.0,6116000000.0,-97000000.0,6019000000.0,32896000000.0,0.0,545000000.0,507000000.0,1593000000.0,0.0468116368,1134000000.0,0.0333235381,-385000000.0,1323000000.0,0.0388774611,246000000.0,1197000000.0,0.0351748457,1.28,1.27,864700000,867000000,https://www.sec.gov/Archives/edgar/data/1618921/000161892121000056/0001618921-21-000056-index.htm,https://www.sec.gov/Archives/edgar/data/1618921/000161892121000056/wba-20210531.htm,39.35468948768359,1.3842951312593963,2.0284491731236267,1.671099803400023,1.5554527581820283,26.13160633745808,-0.3839481901237423,26.13160633745808,47.01630623337574,45690748000.0,84455748000.0,9.542762740183791,1.342660828680576,26.049457240592933,31.61989480968858,2.022072402195079,2.022072402195079,2.4818027622685865,53.01679096045198,48.15036944127708,58.44688442906575,0.0261978639526759,0.0316256586563214,1.775092936802974,0.4363577023498694,24.33458882611425,0.7717766497461929,2.080733944954128,1.495311167945439,0.0088420526623902,0.3375104427736006,0.0,0.0,0.2494342906875544,0.1761687571265678,0.0090802233323538,0.6094674556213018,0.0014692918013517,28.52913856149417,0.0136186893434072,0.0173498376623376,-69.32780154967041,-7868000000.0,-332000000.0,-42717000000.0,49384000000.0,5015500000.0,11149500000.0,8437000000.0,13.628269174258008,37.80555865610001,27.903783904453626,6.603920046574811,2.3806023029229406,3.2253690147605902,0.0529739776951672,0.3573493697236035,2021-07-01,1.17,bmo,33756800000.0,2025-04-25,2021-05-31,0.1794871794871794,48.230625,5809887.28125
2021-02-28,WBA,USD,1618921,2021-03-31,2021-03-31 16:05:16,2021,Q2,32779000000.0,25998000000.0,6781000000.0,0.2068702523,0,0.0,0.0,6029000000.0,-80000000.0,5949000000.0,31947000000.0,0.0,137000000.0,473000000.0,1209000000.0,0.0368833705,832000000.0,0.0253821044,114000000.0,960000000.0,0.0292870435,42000000.0,1026000000.0,0.0313005278,1.07,1.06,864200000,865600000,https://www.sec.gov/Archives/edgar/data/1618921/000161892121000034/0001618921-21-000034-index.htm,https://www.sec.gov/Archives/edgar/data/1618921/000161892121000034/wba-20210228.htm,37.92987734320759,1.1872251793566304,1.5748669289516315,1.2728535061328397,1.19185373756075,25.0231427910206,-1.537838463318676,25.0231427910206,47.19972228650775,41351970000.0,80974970000.0,10.076016081871344,1.261538485005644,30.383519470977223,37.5927,1.9122298265895952,1.9122298265895952,2.4703306995332377,66.97681555004135,59.496671565025714,73.6136090909091,0.0248113935079755,0.0266009092190771,1.879907514450867,0.4471293444786625,32.77336641852771,0.8347948537412789,6.072992700729927,1.3278048780487806,0.00974560583208,0.3927875243664717,0.0,0.0,0.2524637043554773,0.1917707567964731,0.007962414960798,0.5517970401691332,0.0010372494584947,25.854058999179607,0.0118331226295828,0.0150957831857105,-69.81717195093728,-5162000000.0,-1329000000.0,-43211000000.0,52288000000.0,6373500000.0,13610500000.0,9860500000.0,13.39333109612862,38.1110085391184,29.56727440572352,6.719762197621976,2.3615223907711878,3.043905865823674,0.0474450867052023,0.3020134228187919,2021-03-31,1.11,bmo,35497300000.0,2025-04-25,2021-02-28,0.135135135135135,53.79253968253968,4853515.174603174
2020-11-30,WBA,USD,1618921,2021-01-07,2021-01-07 16:04:31,2021,Q1,31438000000.0,24808000000.0,6630000000.0,0.2108912781,0,0.0,0.0,5792000000.0,1373000000.0,7165000000.0,31973000000.0,0.0,136000000.0,475000000.0,1283000000.0,0.0408104841,-535000000.0,-0.017017622,15000000.0,-593000000.0,-0.0188625231,207000000.0,-308000000.0,-0.0097970609,-0.45,-0.45,865300000,865300000,https://www.sec.gov/Archives/edgar/data/1618921/000161892121000005/0001618921-21-000005-index.htm,https://www.sec.gov/Archives/edgar/data/1618921/000161892121000005/wba-20201130.htm,36.33190800878308,-0.3559459147116607,1.3810239223390732,0.8829307754535999,1.2839477637813477,23.764012481220387,-6.289148272275511,23.764012481220387,47.330405639662544,32890053000.0,72598053000.0,-26.696471590909088,1.046187830014632,27.52305690376569,43.04980759162304,1.5994773622525895,1.5994773622525895,2.3092452764170748,56.58460872954014,60.75150878661088,95.02362958115184,-0.009364533404674,0.0232289075362694,1.985070271847493,0.4577814662375093,30.94933749025721,0.6940320616215149,-3.933823529411765,-3.9966555183946486,0.0123137533405616,-1.3149350649350648,0.0,0.0,0.2916437695560017,0.3606694560669456,0.0137095235065843,0.9073684210526316,0.0011451110121509,,-0.0108585023735341,-0.0048763497039359,-64.71888362417658,-9295000000.0,-5442000000.0,-47520000000.0,51938000000.0,7500500000.0,15335000000.0,10315500000.0,22.527196386538584,58.81489841986456,40.55949693647211,3.9951709238785114,1.530224525043178,2.218962432915921,-0.0149783591888343,0.4980931468854732,2021-01-07,1.02,bmo,29609592233.0,2025-04-25,2020-11-30,0.1960784313725489,49.42377049180328,6664947.098360656
2020-08-31,WBA,USD,1618921,2020-10-15,2020-10-15 16:15:39,2020,Q4,34746000000.0,27943000000.0,6803000000.0,0.1957923214,0,0.0,0.0,6210000000.0,-57000000.0,6153000000.0,34096000000.0,0.0,157000000.0,480000000.0,990000000.0,0.0284924883,608000000.0,0.0174984171,-113000000.0,528000000.0,0.0151959938,210000000.0,373000000.0,0.0107350486,0.39,0.39,866500000,867100000,https://www.sec.gov/Archives/edgar/data/1618921/000161892120000082/0001618921-20-000082-index.htm,https://www.sec.gov/Archives/edgar/data/1618921/000161892120000082/wba-20200831.htm,40.09924985574149,0.430467397576457,2.4073860357761108,1.9319099826889787,0.5954991344489324,24.392383150605887,-5.6376226197345645,24.392383150605887,46.50548182342758,32944330000.000004,72568330000.0,22.08065013404826,0.948147412651816,15.793063279002878,19.68000597371565,1.5586832891748676,1.5586832891748676,2.088537673401255,73.30134343434344,34.78826941514861,43.350256869773,0.0113221303939099,0.0508129927061803,1.8991294473883424,0.4604583935577122,40.02424242424242,0.6676394532693019,3.872611464968153,5.859550561797753,0.014782513409743,1.3056300268096517,0.0,0.0,0.2984949640947989,0.1975071907957814,0.0118574799976975,0.8583333333333333,0.0010360904852357,15.370518148371106,0.00556837362847,0.0060994554641636,-63.99019042123485,-8997000000.0,-4885000000.0,-47965000000.0,52090000000.0,7057000000.0,14245500000.0,9507000000.0,18.47349335175272,46.56693984182085,30.44018179866156,4.871845204711161,1.9327016184811177,2.95661834726484,0.0176476154428463,0.4754760530871321,2020-10-15,0.96,bmo,32702117647.0,2025-04-25,2020-08-31,0.0625,38.73234375,7763871.671875
2020-05-31,WBA,USD,1618921,2020-07-09,2020-07-09 16:09:34,2020,Q3,30364000000.0,24406000000.0,5958000000.0,0.196219207,0,0.0,0.0,7884000000.0,-243000000.0,7641000000.0,32047000000.0,0.0,148000000.0,478000000.0,588000000.0,0.0193650375,-1683000000.0,-0.0554274799,-90000000.0,-1857000000.0,-0.0611579502,43000000.0,-1708000000.0,-0.0562508233,-2.05,-2.05,875121951,875400000,https://www.sec.gov/Archives/edgar/data/1618921/000161892120000057/0001618921-20-000057-index.htm,https://www.sec.gov/Archives/edgar/data/1618921/000161892120000057/wba-20200531.htm,34.69687849253824,-1.9517279826523288,1.044425864253061,0.7507525085495199,0.8878762544033134,24.364604242454888,-4.353678930857947,23.69498328353553,46.70206244203786,37892780478.3,77846780478.29999,-5.546367166027517,1.2479508786161242,41.45818433074398,57.67546495936072,1.827391033868634,1.827391033868634,2.5637854195198257,132.39248380663264,85.17153225196935,118.48825034748856,-0.0450745492529406,0.017338395116617,1.9638310185185184,0.471079542825413,67.94897959183673,0.6876805883898083,-11.37162162162162,-0.5298550724637681,0.0106352712815779,-0.2359484777517564,0.0,0.0,0.2907315718846883,0.2811816192560175,0.0084639704913713,0.5376569037656904,0.0011197470688973,,-0.0259087149367326,-0.02785751565762,-62.0793478416587,-8323000000.0,-3810000000.0,-46796000000.0,51489000000.0,7277000000.0,14500500000.0,9607500000.0,20.694901857462785,51.74834057199049,35.264689010898955,4.348897164136351,1.7391862039478372,2.55212799330754,-0.0823688271604938,0.2936733557035412,2020-07-09,1.1,bmo,48817192771.0,2025-04-25,2020-05-31,-0.2454545454545455,39.09734375,6928125.5625
2020-02-29,WBA,USD,1618921,2020-04-02,2020-04-02 16:12:38,2020,Q2,31336000000.0,24318000000.0,7018000000.0,0.223959663,0,0.0,0.0,5909000000.0,-27000000.0,5882000000.0,30200000000.0,0.0,156000000.0,492000000.0,1562000000.0,0.0498468215,1136000000.0,0.0362522339,-117000000.0,1019000000.0,0.0325185091,149000000.0,946000000.0,0.0301889201,0.98,0.98,884500000,885500000,https://www.sec.gov/Archives/edgar/data/1618921/000161892120000025/0001618921-20-000025-index.htm,https://www.sec.gov/Archives/edgar/data/1618921/000161892120000025/wba-20200229.htm,35.42792538157151,1.0695308083663086,1.6088185415488976,1.2492933860938382,0.896551724137931,27.51271905031091,-3.822498586772188,26.817410966647824,46.35726399095534,40474720000.0,80529720000.0,10.696279069767442,1.2916364564717897,28.44323260716796,36.62870588235294,1.7063541315345698,1.7063541315345698,2.569878733724789,51.5555185659411,56.59151089248068,72.87757466063348,0.0233726138191938,0.0273009918289737,1.7220489038785836,0.4538404275413041,25.643405889884765,0.6597236759472472,7.282051282051282,1.4963196635120926,0.0110439306312681,0.4725158562367865,0.0,0.0,0.3079452907125318,0.2234715390021082,0.0101480725044677,0.6463414634146342,0.0012445749297932,25.40366238680228,0.0139344297889549,0.0151877598856904,-61.46975692481628,-9753000000.0,-3381000000.0,-46759000000.0,53200000000.0,7503500000.0,15184500000.0,10094000000.0,21.74751085014041,55.3960029607698,35.721687638786086,4.138404648705758,1.6246659540352753,2.519477828429341,0.0398819561551433,0.3595251554550593,2020-04-02,1.45,bmo,34406052631.0,2025-04-25,2020-02-29,0.0482758620689655,42.46380952380952,6752089.587301588
2019-11-30,WBA,USD,1618921,2020-01-08,2020-01-08 16:14:44,2020,Q1,34339000000.0,27077000000.0,7262000000.0,0.2114796587,0,0.0,0.0,6262000000.0,-13000000.0,6249000000.0,33326000000.0,0.0,166000000.0,477000000.0,1416000000.0,0.0412359125,921000000.0,0.026820816,-131000000.0,786000000.0,0.022889426,23000000.0,845000000.0,0.024607589,0.86,0.86,891400000,892600000,https://www.sec.gov/Archives/edgar/data/1618921/000161892120000008/0001618921-20-000008-index.htm,https://www.sec.gov/Archives/edgar/data/1618921/000161892120000008/wba-20191130.htm,38.522548799641015,0.9479470495849226,1.1902625084137313,0.7561139780121158,0.9098048014359434,27.276194749831724,-3.9724029616333856,26.543639219205744,46.22055194076733,53127440000.0,93351440000.0,15.7181775147929,1.547145810885582,50.072987747408106,78.82409495548961,2.245359029626812,2.245359029626812,2.7185252919421066,65.9261581920904,87.98439208294062,138.50362017804153,0.0159051518386731,0.0126864761411428,1.7342884916106671,0.4518924752497054,28.406779661016948,0.6646775615379399,5.548192771084337,1.2600950118764846,0.0077172926081136,0.4852071005917159,0.0,0.0,0.3067494796656645,0.3647502356267672,0.0112699845656542,0.8113207547169812,0.000815399400099,23.793784921058403,0.0127960843624584,0.013422925403482,-61.51867848328472,-9890000000.0,-3541000000.0,-46889000000.0,53259000000.0,7330500000.0,14871000000.0,9934500000.0,19.48658959200909,51.19067843557262,35.02012778372789,4.618560860793544,1.7581325887929355,2.569950645406226,0.0357127762985503,0.4341485304016154,2020-01-08,1.4,bmo,35341598540.0,2025-04-25,2019-11-30,-0.0214285714285712,50.751935483870966,7259094.822580645
2019-08-31,WBA,USD,1618921,2019-10-28,2019-10-28 16:19:39,2019,Q4,33954000000.0,26727000000.0,7227000000.0,0.2128467927,0,0.0,0.0,6408000000.0,-59000000.0,6349000000.0,33076000000.0,0.0,175000000.0,526000000.0,1358000000.0,0.0399952877,878000000.0,0.0258585145,-166000000.0,712000000.0,0.020969547,26000000.0,677000000.0,0.0199387406,0.75,0.75,899600000,900700000,https://www.sec.gov/Archives/edgar/data/1618921/000161892119000069/0001618921-19-000069-index.htm,https://www.sec.gov/Archives/edgar/data/1618921/000161892119000069/wba-2019831x10k.htm,37.7434415295687,0.7525566918630503,2.6445086705202314,2.137616718541574,1.1371720764784348,27.560026678523787,9.151845264562027,26.847487772343264,18.909515340151177,46050524000.0,61863524000.0,17.005363367799113,1.3562621193379278,19.357092896174866,23.94723036921477,1.9066960914210005,1.9066960914210005,1.821980444130294,45.55487776141384,26.004003362757462,32.17031929277171,0.0147012442247128,0.0417584824876259,0.6970851275256708,0.246721083251513,11.644329896907216,0.7256781404012573,5.017142857142857,3.462882096069869,0.0086643965223935,0.5893648449039882,0.0,0.0,0.2426764753293571,0.1916771752837326,0.0134299346174235,0.8669201520912547,0.0009424515520998,21.321251677909007,0.0177837664448198,0.01310009868612,-35.94597598932859,-7069000000.0,8233000000.0,-24746000000.0,22969000000.0,7232500000.0,14235500000.0,9603500000.0,19.15356069977028,48.29161522056347,31.42776967111909,4.698865208967617,1.8636775678125657,2.863709418193507,0.0280308049022855,0.5068919519786572,2019-10-28,1.41,bmo,33479118881.0,2025-04-25,2019-08-31,0.0141843971631205,57.6315625,5571367.0625
2019-05-31,WBA,USD,1618921,2019-06-27,2019-06-27 16:31:19,2019,Q3,34591000000.0,27138000000.0,7453000000.0,0.215460669,0,0.0,0.0,6235000000.0,15000000.0,6250000000.0,33388000000.0,0.0,187000000.0,522000000.0,1612000000.0,0.0466017172,1203000000.0,0.0347778324,-10000000.0,1193000000.0,0.0344887398,156000000.0,1025000000.0,0.0296319852,1.13,1.13,909900000,911200000,https://www.sec.gov/Archives/edgar/data/1618921/000161892119000039/0001618921-19-000039-index.htm,https://www.sec.gov/Archives/edgar/data/1618921/000161892119000039/wba-2019531x10q.htm,38.01626552368392,1.1264974172986042,2.220024178481152,1.7221672711286955,0.9220793493790528,27.223870755028024,-3.5949005385207164,26.522694801626557,19.55819320804484,44894466000.0,61664466000.0,10.949869756097565,1.2978655141510798,22.22498316831684,28.649946394384173,1.8602936228400944,1.8602936228400944,1.7826737012517706,38.25339081885856,30.52696336633663,39.351924696873006,0.0228313217936482,0.0349040792689237,0.7296647743753367,0.2567433587029423,10.403225806451612,0.7590183559457302,6.433155080213904,1.947926711668274,0.0089766074954538,0.3931707317073171,0.0,0.0,0.408858950806287,0.2242574257425742,0.0130958919950276,0.867816091954023,0.0006938220924517,25.927771054628032,0.0213367416631842,0.0252811760063141,-35.83882844268601,-6039000000.0,-3271000000.0,-24794000000.0,35720000000.0,7533500000.0,14239000000.0,10031000000.0,18.83466797721951,46.86049082467389,32.74596506743312,4.778422434037851,1.9205944798301489,2.7484302207818514,0.0424729623337338,0.4978569073524563,2019-06-27,1.42,bmo,33649748299.0,2025-04-25,2019-05-31,0.0352112676056338,53.58875,4654172.671875
2019-02-28,WBA,USD,1618921,2019-04-02,2019-04-02 16:19:47,2019,Q2,34528000000.0,26773000000.0,7755000000.0,0.2246003244,0,0.0,0.0,6320000000.0,-82000000.0,6238000000.0,33011000000.0,0.0,181000000.0,500000000.0,2055000000.0,0.0595169138,1517000000.0,0.0439353568,-153000000.0,1364000000.0,0.0395041705,226000000.0,1156000000.0,0.0334800741,1.25,1.24,928400000,930700000,https://www.sec.gov/Archives/edgar/data/1618921/000161892119000017/0001618921-19-000017-index.htm,https://www.sec.gov/Archives/edgar/data/1618921/000161892119000017/wba-2019228x10q.htm,37.19086600603188,1.2451529513140889,0.7916846186988367,0.4437742352434295,0.8810857389056441,28.065489013356316,-3.1268849633778544,27.372899612236104,19.62731581214993,66092796000.0,83315796000.0,14.29342474048443,1.9141796802595,89.92217142857143,160.4194077669903,2.600747491441388,2.600747491441388,2.412992238183503,40.54296642335766,113.35482448979592,202.22280582524272,0.0174905597880894,0.0062336597168623,0.7099122496360131,0.253823318373032,8.38102189781022,0.7845314784808125,8.38121546961326,0.6458699472759226,0.0063395714110808,0.3624567474048443,0.0,0.0,0.4074313772387692,0.4394557823129251,0.0093547265987025,0.646,0.0010426320667284,27.6925540824515,0.0250683243566253,0.0274466973740443,-35.80137871607066,-5452000000.0,-2903000000.0,-25170000000.0,37335000000.0,7486000000.0,14504000000.0,10582000000.0,20.40430954587581,48.23217420535614,34.247936353789264,4.410832907511497,1.8659743518260383,2.627895563407931,0.0454885294927792,0.3479103834554071,2019-04-02,1.7,bmo,36212292682.0,2025-04-25,2019-02-28,-0.0352941176470588,53.16126984126984,6913053.079365079
2018-11-30,WBA,USD,1618921,2018-12-20,2018-12-20 16:16:24,2019,Q1,33793000000.0,26152000000.0,7641000000.0,0.2261119167,0,0.0,0.0,6280000000.0,-39000000.0,6241000000.0,32393000000.0,0.0,161000000.0,490000000.0,1817000000.0,0.0537685319,1400000000.0,0.0414286983,-120000000.0,1280000000.0,0.037877667,180000000.0,1123000000.0,0.0332317344,1.18,1.18,948200000,951400000,https://www.sec.gov/Archives/edgar/data/1618921/000161892118000096/0001618921-18-000096-index.htm,https://www.sec.gov/Archives/edgar/data/1618921/000161892118000096/wba-20181130x10q.htm,35.63910567390846,1.1843492933980173,0.4851297194684665,-0.0105462982493144,1.03353722843282,27.697743092174647,-2.2463615271039865,27.00801518666948,17.033326302467835,80284094000.0,95294094000.0,17.872683437221728,2.3757610747788003,174.5306391304348,-8028.4094,3.134995275098598,3.134995275098598,2.81993590388542,52.44584149697303,207.16107391304348,-9529.4094,0.0139878267792372,-0.0001245576739023,0.6243898629388106,0.2286212664960466,8.26086956521739,0.8001514004542014,8.695652173913043,0.4181818181818181,0.0052563338386804,0.3757791629563669,0.0,0.0,0.4059564490070202,1.0217391304347827,0.0139082058414464,0.9591836734693876,0.0007989820377001,26.827332765378216,0.0244607205302321,0.0270289785308558,-33.59206918371652,-5016000000.0,-2130000000.0,-23595000000.0,37198000000.0,6858500000.0,14113000000.0,10270500000.0,19.026425591098747,50.45120832058733,37.773019271948606,4.730263157894737,1.7839017735334244,2.38265306122449,0.0438517708618063,0.4956760177177811,2018-12-20,1.43,bmo,33098623287.0,2025-04-25,2018-11-30,0.0209790209790209,68.29147540983607,5829490.24590164
2018-08-31,WBA,USD,1618921,2018-10-11,2018-10-11 16:21:49,2018,Q4,33442000000.0,25867000000.0,7575000000.0,0.2265115723,0,0.0,0.0,6113000000.0,-49000000.0,6064000000.0,31931000000.0,0.0,159000000.0,470000000.0,1532000000.0,0.0458106573,1396000000.0,0.0417439148,162000000.0,1673000000.0,0.0500269123,159000000.0,1512000000.0,0.0452126069,1.55,1.55,974600000,977900000,https://www.sec.gov/Archives/edgar/data/1618921/000162828018012472/0001628280-18-012472-index.htm,https://www.sec.gov/Archives/edgar/data/1618921/000162828018012472/wba-2018831x10k.htm,34.31356453929817,1.5514057049045762,2.9550584855325264,2.561050687461522,0.8054586497024421,27.384568027908887,-2.0603324440796222,27.384568027908887,14.935358095628976,66818576000.0,80430576000.0,11.048044973544974,1.9980436576759764,23.200894444444444,26.77026282051282,2.503599835138072,2.503599835138072,2.4050767298606543,52.50037597911227,27.92728333333333,32.22378846153846,0.0226284379361811,0.0373548816724259,0.5394357225823373,0.2113352122599964,8.885117493472585,0.8236488669405087,8.779874213836479,1.90224570673712,0.006704722351461,0.2962962962962963,0.0,0.0,0.4212465504080794,0.1333333333333333,0.0114825668321272,0.8170212765957446,0.0011661981938879,30.917680038434632,0.0260893741012329,0.0383493545032591,-31.74404884054997,-3821000000.0,-2008000000.0,-23589000000.0,38787000000.0,6866000000.0,13327500000.0,9727000000.0,17.68943245021231,47.200680403603045,33.27985464104844,5.087783356153963,1.906752174554032,2.704338734971249,0.056652553486455,0.3940077980710035,2018-10-11,1.45,bmo,32764121621.0,2025-04-25,2018-08-31,0.0206896551724138,77.5447619047619,7027558.253968254
2018-05-31,WBA,USD,1618921,2018-06-28,2018-06-28 16:18:45,2018,Q3,34334000000.0,26554000000.0,7780000000.0,0.2265975418,0,0.0,0.0,6235000000.0,-52000000.0,6183000000.0,32737000000.0,0.0,157000000.0,442000000.0,1883000000.0,0.0548435953,1597000000.0,0.0465136599,-142000000.0,1455000000.0,0.0423778179,109000000.0,1342000000.0,0.0390866197,1.35,1.35,992100000,995300000,https://www.sec.gov/Archives/edgar/data/1618921/000161892118000033/0001618921-18-000033-index.htm,https://www.sec.gov/Archives/edgar/data/1618921/000161892118000033/wba-2018531x10q.htm,34.607398447737125,1.3526862211470618,2.226590061485737,1.9070658199778248,1.832476564862413,28.696703961294222,-0.7358129220844672,27.95685918758189,15.32103618586836,61897119000.0,75122119000.0,11.530759873323396,1.8027937030348928,28.02042507922137,32.71517917547569,2.2316526896452262,2.2316526896452262,2.187980398438865,39.89491184280404,34.00729696695337,39.70513689217759,0.0216811383418346,0.0305668507770127,0.5423637150274012,0.2144343710799407,7.023366967604886,0.9304534028488968,10.171974522292992,1.6411589895988112,0.0076901802166268,0.3546944858420268,0.0,0.0,0.4162390238339605,0.1435038478949751,0.009232830430477,0.7171945701357466,0.0008155181452787,29.169835613451617,0.0288226427475801,0.0327700722797421,-29.78555589154319,-1494000000.0,-730000000.0,-21694000000.0,41644000000.0,7220000000.0,13195000000.0,10102500000.0,18.765946292305003,44.36280786322211,33.51698425849213,4.795921218047213,2.0287264114905645,2.685205784204672,0.0483847706951254,0.3195242415079125,2018-06-28,1.48,bmo,33211973856.0,2025-04-25,2018-05-31,0.0337837837837838,67.90111111111112,6292213.507936508
2018-02-28,WBA,USD,1618921,2018-03-28,2018-03-28 16:17:17,2018,Q2,33021000000.0,24925000000.0,8096000000.0,0.2451773114,0,0.0,0.0,6321000000.0,-202000000.0,6119000000.0,31044000000.0,0.0,151000000.0,442000000.0,2385000000.0,0.0722267648,1977000000.0,0.0598709912,-125000000.0,1852000000.0,0.0560855213,503000000.0,1349000000.0,0.0408527906,1.36,1.36,991000000,995500000,https://www.sec.gov/Archives/edgar/data/1618921/000161892118000018/0001618921-18-000018-index.htm,https://www.sec.gov/Archives/edgar/data/1618921/000161892118000018/wba-2018228x10q.htm,33.32088799192734,1.3612512613521697,2.2351160443995965,1.944500504540868,1.7648839556004037,28.433905146316853,-1.0686175580221997,27.60343087790111,15.96670030272452,68269990000.0,82192990000.0,12.651962564862862,2.067471911813694,30.821665914221217,35.428121432278154,2.4957042588192286,2.4957042588192286,2.4891126858665698,34.46246960167715,37.1074446952596,42.653341982356,0.019759780248979,0.0282261649664808,0.5729117163224273,0.2213059195661997,5.837735849056604,0.9024336185114588,13.09271523178808,1.6419570051890289,0.0058883852187469,0.2979985174203113,0.0,0.0,0.4128586760054225,0.1300225733634311,0.0087217225402016,0.6515837104072398,0.0011507828351655,29.07648731800803,0.0280181764691075,0.0324442627287813,-30.545156407669023,-2201000000.0,-1059000000.0,-22280000000.0,41081000000.0,7069500000.0,13435500000.0,10163000000.0,19.84464431725266,48.02768304914745,37.2493480441324,4.5352286773794805,1.8739192541914145,2.4161496704148897,0.0493145677207092,0.2906155398587285,2018-03-28,1.55,bmo,29585289017.0,2025-04-25,2018-02-28,0.1161290322580644,64.37609375,6418590.296875
2017-11-30,WBA,USD,1618921,2018-01-04,2018-01-04 16:14:51,2018,Q1,30740000000.0,23399000000.0,7341000000.0,0.2388093689,0,0.0,0.0,5910000000.0,112000000.0,6022000000.0,29421000000.0,0.0,149000000.0,416000000.0,1870000000.0,0.0608327912,1319000000.0,0.0429082628,-270000000.0,1049000000.0,0.0341249187,227000000.0,821000000.0,0.0267078725,0.82,0.81,1006100000,1011100000,https://www.sec.gov/Archives/edgar/data/1618921/000161892118000004/0001618921-18-000004-index.htm,https://www.sec.gov/Archives/edgar/data/1618921/000161892118000004/wba-20171130x10q.htm,30.55362290030812,0.8160222641884505,0.955173442003777,0.5794652619023953,1.8189046814431964,26.593777954477687,0.2355630653016598,25.771792068382865,14.06818407712951,73203836000.0,85378836000.0,22.29105846528624,2.3813869876382565,76.17464724245578,125.5640411663808,2.823241775618034,2.823241775618034,2.7774507482108004,45.65713155080214,88.84374193548388,146.44740308747856,0.0112152592659215,0.0079640635225727,0.5401288132978518,0.2102284667807499,6.510695187165775,0.9592533021396892,8.85234899328859,1.1690997566909975,0.0056417808487522,0.5030450669914738,0.0,0.0,0.3980755951844846,0.3933402705515088,0.0122966818477553,0.908653846153846,0.0008132726089785,21.75277022832504,0.0218196062107445,0.0204743260430434,-27.71444190438326,-836000000.0,237000000.0,-20181000000.0,39376000000.0,6693000000.0,13032000000.0,9454500000.0,20.07872478854912,52.1945382281294,38.50164536946024,4.482356372120152,1.7243183492999263,2.337562437562437,0.0316633884839369,0.3757081801013816,2018-01-04,1.27,bmo,30259687500.0,2025-04-25,2017-11-30,0.0078740157480315,71.45032786885247,5839952.68852459
2017-08-31,WBA,USD,1618921,2017-10-25,2017-10-25 17:08:45,2017,Q4,30149000000.0,22809000000.0,7340000000.0,0.2434574944,0,0.0,0.0,6218000000.0,8000000.0,6226000000.0,29035000000.0,0.0,193000000.0,410000000.0,2139000000.0,0.0709476268,1114000000.0,0.0369498159,-181000000.0,933000000.0,0.0309463,126000000.0,802000000.0,0.026601214,0.76,0.75,1055100000,1059500000,https://www.sec.gov/Archives/edgar/data/1618921/000161892117000069/0001618921-17-000069-index.htm,https://www.sec.gov/Archives/edgar/data/1618921/000161892117000069/wba-2017831x10k.htm,28.574542697374657,0.7601175244052697,1.9088238081698417,1.4927495024168325,3.1286134015733107,26.79745995640224,2.3561747701639657,26.79745995640224,12.442422519192494,85990650000.0,95624650000.0,26.805065461346636,2.85218912733424,42.6964498510427,54.5972380952381,3.041333026809083,3.041333026809083,3.1717353809413247,44.70530621785881,47.47996524329693,60.714063492063495,0.0093265953914757,0.0183159448149304,0.4574874442951121,0.1959581269220864,4.503973819541842,1.0650239930986145,5.772020725388601,2.495662949194548,0.0047563310662263,0.5099750623441397,0.0,0.0,0.3906739990001363,0.217974180734856,0.0145610136322929,1.0707317073170732,0.0006633719194666,21.4081158852016,0.0201948372581154,0.0199398324258471,-23.778314851672828,1206000000.0,2486000000.0,-17982000000.0,40636000000.0,6433500000.0,12011000000.0,8790000000.0,19.48721350625228,49.29896093647244,35.11377087991582,4.618412990196078,1.825596286217384,2.563096977188448,0.0283652825917804,0.4160743057530092,2017-10-25,1.22,bmo,27847549618.0,2025-04-25,2017-08-31,0.0737704918032787,70.43714285714286,7729713.333333333
2017-05-31,WBA,USD,1618921,2017-06-29,2017-06-29 16:21:59,2017,Q3,30118000000.0,22973000000.0,7145000000.0,0.237233548,0,0.0,0.0,5712000000.0,-84000000.0,5628000000.0,28601000000.0,0.0,155000000.0,413000000.0,1865000000.0,0.0619231025,1517000000.0,0.0503685504,-184000000.0,1333000000.0,0.044259247,168000000.0,1162000000.0,0.0385815791,1.08,1.07,1077100000,1082600000,https://www.sec.gov/Archives/edgar/data/1618921/000161892117000048/0001618921-17-000048-index.htm,https://www.sec.gov/Archives/edgar/data/1618921/000161892117000048/wba-2017531x10q.htm,27.96212050877356,1.078822764831492,1.72221706433943,1.468758703927212,11.375916813666326,29.230340729737257,5.347692879027017,28.409618419831027,17.978832049020518,87266642000.0,94223642000.0,18.775095094664373,2.897491267680457,47.04401185983827,55.16222629582806,2.851851045751634,2.851851045751634,3.128482701374593,50.522060053619306,50.794416172506736,59.55982427307206,0.0133155117851332,0.0181283473701211,0.6277777777777778,0.2589891200301997,3.73029490616622,1.2965504536452817,9.787096774193548,1.592274678111588,0.0046409485998097,0.3485370051635111,0.0,0.0,0.346810834131018,0.1471698113207547,0.0090643469021847,0.6610169491525424,0.0006308519822033,26.26025932009279,0.0231388565491053,0.0239839831575471,-19.813619905301277,6439000000.0,5760000000.0,-14537000000.0,45698000000.0,6006500000.0,11396000000.0,8955500000.0,18.942492861411782,45.16258216166805,34.009054106995166,4.75122259031393,1.9928001387925047,2.6463541066697385,0.0379738562091503,0.253458360412218,2017-06-29,1.3,bmo,29438646616.0,2025-04-25,2017-05-31,0.023076923076923,80.13317460317461,5439719.079365079
2017-02-28,WBA,USD,1618921,2017-04-05,2017-04-05 16:35:56,2017,Q2,29446000000.0,21885000000.0,7561000000.0,0.2567751138,0,0.0,0.0,6124000000.0,-42000000.0,6082000000.0,27967000000.0,0.0,172000000.0,412000000.0,2191000000.0,0.0744073898,1479000000.0,0.0502275351,-171000000.0,1308000000.0,0.0444202948,246000000.0,1060000000.0,0.0359980982,0.98,0.98,1079700000,1085500000,https://www.sec.gov/Archives/edgar/data/1618921/000161892117000026/0001618921-17-000026-index.htm,https://www.sec.gov/Archives/edgar/data/1618921/000161892117000026/wba-2017228x10q.htm,27.272390478836712,0.9817541909789756,2.6461053996480506,2.4043715846994536,10.949337779012687,28.175419097897564,5.146800037047328,27.847550245438548,17.674353987218673,93264486000.0,100353486000.0,21.99634103773585,3.167305780071996,32.6442023101155,35.926227272727274,3.101888648684604,3.101888648684604,3.40805155199348,45.80259516202647,35.12547637381869,38.65696687211094,0.0113655266378672,0.0278348180678334,0.6289619849003891,0.260823391490242,3.2355089000456414,1.5561149451295395,8.598837209302326,2.690207156308851,0.0043424889512606,0.3820754716981132,0.0,0.0,0.3429280739259361,0.0913545677283864,0.0088636826733682,0.633495145631068,0.0008829722203355,24.801967787738743,0.0214512227499336,0.0222497428685376,-19.812447902195053,9831000000.0,5557000000.0,-14575000000.0,48223000000.0,5906000000.0,11318000000.0,9634500000.0,17.342253616790057,46.32213845099383,37.9575051405072,5.189636940430032,1.9429154829545456,2.3710725893824485,0.035254598064323,0.2417338149485968,2017-04-05,1.36,bmo,29446000000.0,2025-04-25,2017-02-28,0.0,82.2831746031746,4892855.015873016
2016-11-30,WBA,USD,1618921,2017-01-05,2017-01-05 16:22:51,2017,Q1,28501000000.0,21385000000.0,7116000000.0,0.24967545,0,0.0,0.0,5686000000.0,-17000000.0,5669000000.0,27054000000.0,0.0,173000000.0,419000000.0,1799000000.0,0.0631205923,1447000000.0,0.0507701484,-160000000.0,1287000000.0,0.0451563103,220000000.0,1054000000.0,0.0369811586,0.97,0.97,1082100000,1088300000,https://www.sec.gov/Archives/edgar/data/1618921/000114036117000720/0001140361-17-000720-index.htm,https://www.sec.gov/Archives/edgar/data/1618921/000114036117000720/form10q.htm,26.33860086868127,0.974031974863691,0.4851677294150263,0.1358469642362073,8.86979022271509,27.43923851769707,4.399778209037982,27.10008317161076,17.600036965160335,91686333000.0,100960333000.0,21.74723268500949,3.2169514403003405,174.6406342857143,623.7165510204081,3.1265586700767267,3.1265586700767267,3.5423435318059013,56.1202518065592,192.3053961904762,686.8049863945578,0.0114957155064757,0.0016032923903718,0.6435464620630861,0.2624318611636445,5.15508615897721,1.5042021546618534,8.364161849710984,0.4920337394564198,0.0044281408876936,0.3851992409867172,0.0,0.0,0.3466876182000222,0.72,0.0132626925371039,0.9021479713603818,0.0009122486930283,24.370429200956263,0.0217021160796261,0.0224346012217705,-21.254043064411796,8939000000.0,4761000000.0,-15552000000.0,47579000000.0,6199000000.0,11186000000.0,9497500000.0,19.382477807796217,47.85971475333178,42.24970773906944,4.64336917562724,1.8804959549771367,2.130192250224126,0.0359420289855072,0.3493207651788189,2017-01-05,1.09,bmo,28241900000.0,2025-04-25,2016-11-30,0.0091743119266055,83.86209677419355,3731729.935483871
2016-08-31,WBA,USD,1618921,2016-10-20,2016-10-20 17:24:02,2016,Q4,28636000000.0,21705000000.0,6931000000.0,0.2420379941,0,0.0,0.0,5825000000.0,-34000000.0,5791000000.0,27496000000.0,0.0,171000000.0,447000000.0,1799000000.0,0.06282302,1140000000.0,0.0398100293,102000000.0,1242000000.0,0.0433719793,207000000.0,1030000000.0,0.0359687107,0.95,0.94,1082500000,1089000000,https://www.sec.gov/Archives/edgar/data/1618921/000114036116083198/0001140361-16-083198-index.htm,https://www.sec.gov/Archives/edgar/data/1618921/000114036116083198/form10k.htm,26.45357967667437,0.9515011547344112,2.4554272517321016,2.066512702078522,9.059584295612009,27.973210161662816,4.11270207852194,27.973210161662816,17.73579676674365,87368575000.0,96589575000.0,21.20596480582524,3.0510048540298924,32.87004326561324,39.056135449262406,2.885260559426703,2.885260559426703,3.373012117614192,53.69070316842691,36.33919300225734,43.17817389360751,0.0117891358534805,0.0256041717516853,0.6283808328654932,0.2617763592339863,5.125625347415231,1.5213660142244163,6.666666666666667,2.5681159420289856,0.0044524017932076,0.3776699029126213,0.0,0.0,0.3553406339423288,0.1583897667419112,0.0147017739907808,0.941834451901566,0.0009777901941611,24.47186527086027,0.0169648916032715,0.0219808361253974,-21.641570438799075,8870000000.0,4452000000.0,-16524000000.0,49034000000.0,6384000000.0,10668500000.0,8943500000.0,19.67453554965777,45.611610228058055,37.13614374568072,4.57444089456869,1.973181818181818,2.423514962036624,0.0340147287077705,0.3889145496535797,2016-10-20,0.99,bmo,26494990654.0,2025-04-25,2016-08-31,0.0808080808080808,82.6931746031746,4313021.46031746
2016-05-31,WBA,USD,1618921,2016-07-06,2016-07-06 17:06:20,2016,Q3,29498000000.0,22065000000.0,7433000000.0,0.2519831853,0,0.0,0.0,5903000000.0,-3000000.0,5900000000.0,27965000000.0,0.0,147000000.0,447000000.0,1953000000.0,0.0662078785,1533000000.0,0.0519696251,-104000000.0,1429000000.0,0.0484439623,322000000.0,1103000000.0,0.0373923656,1.02,1.01,1080800000,1088200000,https://www.sec.gov/Archives/edgar/data/1618921/000114036116071838/0001140361-16-071838-index.htm,https://www.sec.gov/Archives/edgar/data/1618921/000114036116071838/form10q.htm,27.29274611398964,1.020540340488527,1.9467061435973352,1.7181717246484085,3.0773501110288675,28.97298297557365,3.382679496669134,28.57235381199112,12.649888971132494,83653920000.0,93887920000.0,18.960543970988216,2.8359183673469386,39.75946768060837,45.04788368336026,2.7089122761568603,2.7089122761568603,3.182857142857143,48.0736917562724,44.623536121673006,50.55892299407647,0.013185275716906,0.0221986010936486,0.4379715682782293,0.2008673310263912,5.240143369175628,1.2467902093479224,10.428571428571429,1.90063233965673,0.0046262028127313,0.3508612873980054,0.0,0.0,0.4107644097248006,0.1173954372623574,0.008373449047393,0.5525727069351231,0.00091531629263,25.61411511211312,0.0228835638656329,0.0278008821676118,-21.601128793486307,3902000000.0,3656000000.0,-16306000000.0,46053000000.0,6620500000.0,10105000000.0,8978000000.0,19.856261441453658,42.1631543167913,36.42828008157716,4.532575291948371,2.134565154300087,2.4706079946254618,0.0357177552540397,0.2285344189489267,2016-07-06,1.14,bmo,28498067796.0,2025-04-25,2016-05-31,0.0350877192982456,81.5365625,4524480.140625
2016-02-29,WBA,USD,1618921,2016-04-05,2016-04-05 16:56:45,2016,Q2,30184000000.0,22317000000.0,7867000000.0,0.2606347734,0,0.0,0.0,6007000000.0,0.0,6007000000.0,28324000000.0,0.0,140000000.0,442000000.0,2353000000.0,0.0779552081,1860000000.0,0.0616220514,-627000000.0,1233000000.0,0.0408494567,301000000.0,930000000.0,0.0308110257,0.86,0.85,1080200000,1088400000,https://www.sec.gov/Archives/edgar/data/1618921/000114036116060287/0001140361-16-060287-index.htm,https://www.sec.gov/Archives/edgar/data/1618921/000114036116060287/form10q.htm,27.94297352342159,0.8609516756156267,2.1783003147565267,1.884836141455286,3.351231253471579,27.69672282910572,2.777263469727828,27.3153119792631,13.114238104054804,85270988000.0,95710988000.0,22.922308602150537,2.8250393586005837,36.23926391840204,41.88162475442043,2.889954178811089,2.889954178811089,3.1709179697853167,40.6761529961751,40.6761529961751,47.009326129666015,0.0109064058223413,0.0238768196282655,0.4753609435369077,0.2112826692776983,4.436889077773055,1.2523352999016717,13.285714285714286,2.524678111587983,0.0046205633268844,0.4236559139784946,0.0,0.0,0.4054831663779468,0.134721631959201,0.0105022528491916,0.7171945701357466,0.0009607739199575,23.002960275070656,0.0274784860678074,0.0235639901690019,-21.555961858915012,4106000000.0,3000000000.0,-16089000000.0,45576000000.0,6777000000.0,10258000000.0,9454500000.0,20.07586800954148,39.81583546175561,36.39602097056056,4.482994207634041,2.260407171072622,2.472797783933518,0.031519013082085,0.2934641733012405,2016-04-05,1.27,bmo,29492763358.0,2025-04-25,2016-02-29,0.031496062992126,80.69125,4869411.203125
2015-11-30,WBA,USD,1618921,2016-01-07,2016-01-07 16:41:23,2016,Q1,29033000000.0,21614000000.0,7419000000.0,0.2555368029,0,0.0,0.0,5951000000.0,0.0,5951000000.0,27565000000.0,0.0,138000000.0,382000000.0,1942000000.0,0.0668894017,1468000000.0,0.0505631523,-184000000.0,1284000000.0,0.0442255365,167000000.0,1110000000.0,0.0382323563,1.02,1.01,1089000000,1098600000,https://www.sec.gov/Archives/edgar/data/1618921/000156761916001640/0001567619-16-001640-index.htm,https://www.sec.gov/Archives/edgar/data/1618921/000156761916001640/h10033874x1_10q.htm,26.66023875114784,1.019283746556474,0.6721763085399449,0.3599632690541781,2.3902662993572084,28.6078971533517,2.680440771349862,28.199265381083563,13.236914600550964,91508670000.0,103215670000.0,20.610060810810808,3.15188475183412,125.01184426229509,233.44048469387755,2.979864860464359,2.979864860464359,3.5551155581579583,53.14916065911432,141.00501366120218,263.30528061224487,0.0121299981739435,0.0042837471028701,0.4649125663486274,0.2079467497851639,6.02832131822863,1.1989451226739365,10.63768115942029,0.6553267681289168,0.0042946750291529,0.354054054054054,0.0,0.0,0.4112472144136796,0.4644808743169399,0.0117108118348086,0.8900523560209425,0.0010677504908207,25.430664354767657,0.024156708202352,0.0274602938993617,-22.81198347107438,3357000000.0,2919000000.0,-17272000000.0,46470000000.0,6835000000.0,10365500000.0,9281000000.0,21.14455963903145,44.31710928102156,41.15665772184696,4.256414015540243,2.030818378276801,2.1867664912990694,0.0361457553160311,0.3122130394857668,2016-01-07,0.96,bmo,27059883495.0,2025-04-25,2015-11-30,0.0729166666666667,79.86,4607244.75409836
2015-08-31,WBA,USD,1618921,2015-10-28,2015-10-28 17:16:10,2015,Q4,28522000000.0,21257000000.0,7265000000.0,0.2547156581,0,0.0,0.0,6429000000.0,0.0,6429000000.0,27686000000.0,0.0,255000000.0,478000000.0,1951000000.0,0.0684033378,836000000.0,0.0293107075,-868000000.0,-32000000.0,-0.001121941,64000000.0,26000000.0,0.000911577,0.0238,0.0211,1091900000,1102500000,https://www.sec.gov/Archives/edgar/data/1618921/000114036115038791/0001140361-15-038791-index.htm,https://www.sec.gov/Archives/edgar/data/1618921/000114036115038791/form10k.htm,26.121439692279512,0.0238117043685319,1.378331349024636,1.0477149922154043,2.780474402417804,28.66562872057881,2.360106236834875,28.66562872057881,13.40598955948347,94503945000.0,105886945000.0,908.691778846154,3.313370205455438,62.79331893687707,82.60834353146853,3.0192953674121403,3.0192953674121403,3.7124656405581655,54.2731650435674,70.35677408637873,92.55851835664336,0.000275120789931,0.0121053147569659,0.4595207667731629,0.2091099415544764,5.83444387493593,1.187231986470979,3.2784313725490195,47.03125,0.0039257620409391,14.26923076923077,0.0,0.0,0.4175947195487191,0.2398671096345515,0.0126568964308253,0.7552301255230126,0.0008063950634597,3.918927560472598,0.0470605895708629,0.0006490426620734,-22.868623500320545,3100000000.0,2577000000.0,-17825000000.0,46891000000.0,6874000000.0,10010000000.0,8721000000.0,21.61173830727158,42.71157736275109,36.74177917862351,4.164403562563878,2.1071570182394925,2.4495275409080435,0.0008306709265175,0.3306163568092316,2015-10-28,0.81,bmo,26253204545.0,2025-04-25,2015-08-31,0.0864197530864196,84.9396875,4873692.625
2015-05-31,WBA,USD,1618921,2015-07-09,2015-07-09 16:17:42,2015,Q3,28795000000.0,21314000000.0,7481000000.0,0.259802049,0,0.0,0.0,6080000000.0,0.0,6080000000.0,27394000000.0,0.0,151000000.0,438000000.0,1950000000.0,0.0677200903,1401000000.0,0.0486542803,317000000.0,1718000000.0,0.059663136,408000000.0,1302000000.0,0.0452161834,1.19,1.18,1091400000,1102400000,https://www.sec.gov/Archives/edgar/data/1618921/000114036115027166/0001140361-15-027166-index.htm,https://www.sec.gov/Archives/edgar/data/1618921/000114036115027166/form10q.htm,26.38354407183434,1.192963166575041,1.6694154297232913,1.4431006047278725,4.153380978559648,29.255085211654755,3.0593732820230897,29.255085211654755,15.02473886750962,93838572000.0,105636572000.0,18.01815898617512,3.2588495224865426,51.50305817782657,59.58004571428572,2.938976228507,2.938976228507,3.668573432887654,54.17260102564103,57.97836004390779,67.07083936507937,0.0138748914465578,0.0167841428789005,0.508847755958533,0.2299841458581054,6.05025641025641,1.301541127684595,9.278145695364238,1.3908396946564885,0.0039535981003632,0.2849462365591398,0.0,0.0,0.404705282826567,0.1355653128430296,0.0085778781038374,0.5639269406392694,0.0007292932800833,28.022408525707817,0.0191864596540526,0.0309601940362391,-22.563450613890417,4872000000.0,3339000000.0,-17686000000.0,48703000000.0,6958000000.0,10112500000.0,9071500000.0,21.563118596978644,41.93863188514592,37.00666228769823,4.173793303377301,2.1459927507047927,2.431994523048836,0.0407779761345485,0.2263148249954187,2015-07-09,0.87,bmo,24560441176.0,2025-04-25,2015-05-31,0.1724137931034483,90.4090625,4202242.796875
2015-02-28,WBA,USD,1618921,2015-04-09,2015-04-09 16:13:41,2015,Q2,26573000000.0,19691000000.0,6882000000.0,0.2589846837,0,0.0,0.0,5606000000.0,-101000000.0,5505000000.0,25196000000.0,0.0,144000000.0,507000000.0,1976000000.0,0.0743611937,1377000000.0,0.0518195161,1074000000.0,2451000000.0,0.0922364806,391000000.0,2042000000.0,0.0768449178,1.96,1.93,1043600000,1054700000,https://www.sec.gov/Archives/edgar/data/1618921/000114036115014919/0001140361-15-014919-index.htm,https://www.sec.gov/Archives/edgar/data/1618921/000114036115014919/form10q.htm,25.462821004216178,1.9566883863549256,1.2514373323112304,0.9563050977385972,2.9532387888079725,29.729781525488693,1.6835952472211575,29.526638558834804,16.487159831353008,86702288000.0,100759288000.0,10.614873653281096,3.262796372257555,66.387663093415,86.87604008016032,2.8137303822937625,2.8137303822937625,3.7917919692921385,50.991542510121455,77.1510627871363,100.96121042084168,0.0235518582854468,0.0115106535596846,0.5537093528915428,0.2391075858009725,7.113866396761134,1.2411623726782504,9.5625,0.6216087577344122,0.0036907907205401,0.1567091087169441,0.0,0.0,0.410176997351346,0.2358346094946401,0.011590712377225,0.6074950690335306,0.0012794942234599,36.054468405647874,0.0207675082785384,0.0485173921307736,-26.15633384438482,4025000000.0,1757000000.0,-19616000000.0,48940000000.0,5298000000.0,7741000000.0,7948500000.0,23.76585255710684,47.045350667817786,42.86780762785028,3.7869459883140943,1.9130477023219663,2.09947755624267,0.0662685792172389,0.2951322345726332,2015-04-09,0.94,bmo,21393516949.0,2025-04-25,2015-02-28,0.2553191489361702,86.20587301587302,3956611.888888889
2014-11-30,WBA,USD,1618921,2014-12-30,2014-12-29 19:49:50,2015,Q1,19554000000.0,14258000000.0,5296000000.0,0.2708397259,0,0.0,0.0,4456000000.0,-214000000.0,4242000000.0,18500000000.0,0.0,55000000.0,319000000.0,1200000000.0,0.061368518,1054000000.0,0.0539020149,144000000.0,1198000000.0,0.0612662371,321000000.0,850000000.0,0.0434693669,0.9,0.89,945800000,956000000,https://www.sec.gov/Archives/edgar/data/1618921/000114036114046619/0001140361-14-046619-index.htm,https://www.sec.gov/Archives/edgar/data/1618921/000114036114046619/form10q.htm,20.674561218016493,0.8987100866990907,1.0900824698667797,0.7358849651089026,13.598012264749418,21.95707337703531,19.466060477902303,21.95707337703531,15.420807781772044,64096866000.0,65765866000.0,18.852019411764704,3.277941393065358,62.16960814742968,92.09319827586206,3.0864769104829777,3.0864769104829777,3.363294773447888,54.80488833333333,63.78842483026188,94.4911867816092,0.0132611787914872,0.010858565222206,0.6996677420908172,0.2988973915905538,1.3908333333333334,2.356990989166751,19.163636363636364,1.2332535885167464,0.0050236465539516,0.3788235294117647,0.0,0.0,0.0484653994898379,0.3249272550921435,0.0171320445944563,1.0501567398119125,0.0015853533803825,21.071152665730185,0.0195293302077661,0.0183759944655828,-9.558839078029182,13403000000.0,18411000000.0,-4565000000.0,27862000000.0,3398500000.0,4752000000.0,6297000000.0,16.472844430806997,32.75424323186983,41.14321784261468,5.463537300922045,2.747735594526884,2.187480822338141,0.0409303221457119,0.3541975047578769,2014-12-23,0.75,bmo,17989680000.0,2025-04-25,2014-11-30,0.08,79.64459016393442,5002654.0
2014-08-31,WBA,USD,1618921,2014-08-31,2014-08-30 20:00:00,2014,Q4,19057000000.0,13730000000.0,5327000000.0,0.2795298316,0,0.0,0.0,4493000000.0,-135000000.0,4358000000.0,18088000000.0,0.0,43000000.0,315000000.0,1310000000.0,0.068741145,986000000.0,0.0517395183,-814000000.0,172000000.0,0.0090255549,359000000.0,-221000000.0,-0.0115967886,-0.23,-0.23,956000000,956000000,,,19.934100418410043,-0.2311715481171548,1.4476987447698744,1.149581589958159,2.7677824267782425,21.507322175732217,19.039748953974897,21.507322175732217,4.76255230125523,57369560000.0,59233560000.0,-64.89769230769231,3.0104192685102587,41.45199421965318,52.201601455868975,2.790212538300666,2.790212538300666,3.1082310961851287,45.21645801526718,42.798815028901736,53.89768880800728,-0.0038522170991027,0.0191565004159,0.2193473080103107,0.1212952503899736,1.422900763358779,1.3762788083192803,22.930232558139537,-6.751219512195122,0.0052466848272847,-1.3619909502262444,0.0,0.0,0.0634446775321392,0.2059248554913294,0.0149551345962113,0.9047619047619048,0.0015217505378601,,-0.0368875252776237,-0.0063463802659162,-8.915794979079498,3347000000.0,18202000000.0,-4379000000.0,17963000000.0,3123500000.0,4275000000.0,6257500000.0,15.197565199139424,28.28477785870357,39.82811361981064,5.922001243008079,3.181923522595597,2.259710335747202,-0.0107485044501726,0.2981171548117154,2014-08-30,,bmo,,2025-04-25,2014-08-31,,66.85328125,5571429.625
2014-05-31,WBA,USD,1618921,2014-05-31,2014-05-30 20:00:00,2014,Q3,19401000000.0,13961000000.0,5440000000.0,0.2803979176,0,0.0,0.0,4551000000.0,-135000000.0,4416000000.0,18377000000.0,0.0,35000000.0,338000000.0,1322000000.0,0.0681408175,1024000000.0,0.0527807845,89000000.0,1113000000.0,0.0573681769,357000000.0,714000000.0,0.0368022267,0.75,0.74,955300000,967600000,,,20.30880351721972,0.7474091908301057,1.3315188945880876,1.0907568303150843,2.2254789071495864,22.49031717784989,20.01465508217314,22.49031717784989,4.7754632052758295,68695623000.0,71096623000.0,24.05308928571429,3.5408289778877378,54.00599292452829,65.92670153550864,3.197375983244124,3.197375983244124,3.664585485284264,53.77959379727685,55.8935715408805,68.23092418426104,0.0103936753000988,0.015168360872133,0.2107051431231091,0.1210719157016394,1.8161875945537065,1.4184801997859435,29.257142857142856,1.6649214659685865,0.0043816474304338,0.4215686274509804,0.0,0.0,0.0632505148297718,0.180817610062893,0.0118550590175764,0.6804733727810651,0.0017009432503479,19.447700884081573,0.0233703101206679,0.0203848569633986,-8.676593740186329,3519000000.0,19120000000.0,-3978000000.0,17972000000.0,2901500000.0,4361500000.0,6826000000.0,14.051337559919592,27.30105293317098,41.50920421173269,6.405084186200066,3.296576151121606,2.168193818915981,0.0332324877821736,0.2407620642730032,2014-09-30,0.74,bmo,19057000000.0,2025-04-25,2014-05-31,0.0,65.5875,9030499.359375
2014-02-28,WBA,USD,1618921,2014-02-28,2014-02-27 19:00:00,2014,Q2,19605000000.0,13955000000.0,5650000000.0,0.2881917878,0,0.0,0.0,4569000000.0,-136000000.0,4433000000.0,18388000000.0,0.0,37000000.0,331000000.0,1439000000.0,0.0733996429,1217000000.0,0.062076001,-96000000.0,1121000000.0,0.057179291,391000000.0,716000000.0,0.0365212956,0.75,0.74,951900000,963700000,,,20.595650803655847,0.7521798508246664,1.159785691774346,0.9213152642084252,1.866792730328816,21.885702279651223,19.30664985817838,21.885702279651223,5.360857232902616,64681605000.0,67970605000.0,22.5843592877095,3.299240244835501,58.58841032608696,73.75325541619156,3.1047667162674606,3.1047667162674606,3.467003570517725,47.23461084086171,61.56757699275362,77.50354047890536,0.0110696078119892,0.0135587235350761,0.243171890750252,0.1366198322591084,2.2856150104239057,1.416166607836216,32.891891891891895,1.4375,0.0046226434857329,0.4175977653631285,0.0,0.0,0.0662064129877835,0.2056159420289855,0.0115786789084417,0.6858006042296072,0.0015812292782453,19.245639667409737,0.0271791080305069,0.0206781031594755,-9.227860069335014,3537000000.0,18378000000.0,-4212000000.0,18128000000.0,2750500000.0,4625000000.0,7471000000.0,12.734506503443,28.94446434969545,46.51881046219993,7.067411679884643,3.109402852049911,1.9347012338832663,0.0343685498967983,0.2384704275659208,2014-03-25,0.93,bmo,20026612903.0,2025-04-25,2014-02-28,-0.021505376344086,69.85777777777778,5766926.587301588
2013-11-30,WBA,USD,1618921,2013-11-30,2013-11-29 19:00:00,2014,Q1,18329000000.0,13177000000.0,5152000000.0,0.28108462,0,0.0,0.0,4379000000.0,-151000000.0,4228000000.0,17405000000.0,0.0,41000000.0,332000000.0,1078000000.0,0.0588139015,967000000.0,0.0527579246,184000000.0,1151000000.0,0.062796661,419000000.0,723000000.0,0.0394456872,0.76,0.75,949300000,961500000,,,19.30791109238386,0.7616138207099968,0.1401032339618666,-0.2433371958285052,1.0207521331507428,21.12714631833983,18.50310755293374,21.12714631833983,5.386073949225746,56198560000.0,60301560000.0,19.432420470262795,3.066100714714387,422.5455639097744,-243.2838095238095,2.8020821699242124,2.8020821699242124,3.289953625402368,55.938367346938776,453.3951879699248,-261.04571428571427,0.012865098322804,-0.0041104256052112,0.2528919026725169,0.139031276554919,3.806122448979592,1.328874277292824,23.585365853658537,0.1889204545454545,0.0053026269712248,0.4121715076071922,0.0,0.0,0.0682821194594446,2.736842105263158,0.0198592394565988,1.0963855421686748,0.0011457253532653,19.0273841905482,0.0217839167934418,0.021270962047661,-10.056093963973456,2901000000.0,17565000000.0,-4703000000.0,17743000000.0,2679500000.0,4698500000.0,7290500000.0,13.390255878662227,32.5248539121196,52.789709342035366,6.721305463879721,2.7671146577068457,1.704877733212576,0.0360490626246509,0.3834404297903718,2013-12-20,0.72,bmo,20110986111.0,2025-04-25,2013-11-30,-0.0972222222222221,62.84622950819672,6979090.868852459
2013-08-31,WBA,USD,1618921,2013-08-31,2013-08-30 20:00:00,2013,Q4,17941000000.0,12750000000.0,5191000000.0,0.2893372722,0,0.0,0.0,4286000000.0,-124000000.0,4162000000.0,16912000000.0,0.0,55000000.0,325000000.0,1203000000.0,0.0670531186,911000000.0,0.0507775486,-12000000.0,1017000000.0,0.0566858035,360000000.0,657000000.0,0.0366200323,0.69,0.68,945700000,957300000,,,18.97113249444856,0.6947234852490219,1.1874801734165168,0.8300729618272179,2.226921856825632,20.571005604314266,18.022628740615417,20.571005604314266,5.394945542984033,45459799000.0,48400799000.0,17.298249238964992,2.533849785407725,40.48067586821016,57.91057197452229,2.3367841574997428,2.3367841574997428,2.6977759879605374,40.23341562759767,43.099553873552985,61.65706878980892,0.0144523296286461,0.0172680041986107,0.25943250745348,0.1422451452890279,2.4447215295095592,1.336710570753124,16.563636363636363,1.7092846270928463,0.0057193389702404,0.395738203957382,0.0,0.0,0.0679236774611764,0.3009795191451469,0.0188395295691433,1.04,0.0018951006075469,17.931846417516333,0.0216623278818391,0.0198663481600193,-9.010256952521942,2991000000.0,17044000000.0,-4153000000.0,17539000000.0,2525000000.0,4582500000.0,6866500000.0,13.203277409285992,32.71764705882353,48.36705882352941,6.816489361702128,2.750809061488673,1.86077057793345,0.0337719749151845,0.3574072115892989,2013-10-01,0.72,bmo,17691819444.0,2025-04-25,2013-08-31,0.0138888888888889,58.176875,5424623.21875
2013-05-31,WBA,USD,1618921,2013-05-31,2013-05-30 20:00:00,2013,Q3,18313000000.0,13091000000.0,5222000000.0,0.2851526238,0,0.0,0.0,4362000000.0,-131000000.0,4231000000.0,17322000000.0,0.0,50000000.0,318000000.0,1199000000.0,0.0654726151,907000000.0,0.0495276579,27000000.0,1018000000.0,0.0555889259,394000000.0,624000000.0,0.034074155,0.66,0.65,947700000,959000000,,,19.32362561992192,0.6584362139917695,1.455101825472196,1.145932257043368,3.1729450247968765,20.02743484224965,17.494987865358237,20.02743484224965,6.770074918223067,45262152000.0,48634152000.0,18.133875,2.471585867962649,32.82244525018129,41.67785635359116,2.3847287671232875,2.3847287671232875,2.6557173592529897,40.56226188490409,35.267695431472085,44.78282872928177,0.0137863528892749,0.0239935564707572,0.3354056902002107,0.1776178120030133,2.812343619683069,1.2973168214654285,18.14,2.209935897435898,0.0057443137038645,0.4166666666666667,0.0,0.0,0.066962417343266,0.2124728063814358,0.0159995631518593,0.9213836477987422,0.0013651504395784,17.225061346877656,0.0198443998882479,0.0186597290750874,-9.07460166719426,2881000000.0,16580000000.0,-4290000000.0,17356000000.0,2449500000.0,4459000000.0,7067000000.0,11.883361546442416,31.14353372546024,47.306546482316094,7.573614557485525,2.8898454746136863,1.902485103909316,0.0328767123287671,0.3091695684288277,2013-06-25,0.91,bmo,19520450549.0,2025-04-25,2013-05-31,-0.0659340659340659,50.25171875,5369199.921875
2013-02-28,WBA,USD,1618921,2013-02-28,2013-02-27 19:00:00,2013,Q2,18647000000.0,13040000000.0,5607000000.0,0.3006918003,0,0.0,0.0,4497000000.0,-105000000.0,4392000000.0,17432000000.0,0.0,23000000.0,327000000.0,1429000000.0,0.0766343111,1123000000.0,0.0602241647,69000000.0,1192000000.0,0.0639244919,436000000.0,756000000.0,0.0405427146,0.8,0.79,945400000,953400000,,,19.7239263803681,0.7996615189337847,1.2671884916437486,1.0080389253226147,2.5851491432198013,20.068753966574995,17.543896763274805,20.068753966574995,6.748466257668712,38704676000.0,42630676000.0,12.799165343915345,2.075651632970451,32.307742904841405,40.613511017838405,2.039987139619459,2.039987139619459,2.286194883895533,29.83252344296711,35.5848714524207,44.7331332633788,0.0195325236671662,0.024622347956097,0.3350550782691193,0.1787481723090765,2.7473757872638207,1.3775069252077563,48.82608695652174,1.5846560846560849,0.006717534594528,0.3439153439153439,0.0,0.0,0.0671184343718366,0.2045075125208681,0.0131388427092829,0.7492354740061162,0.0013406982356411,19.002229640240778,0.0255851086656209,0.0227868704222804,-9.15987941612016,3407000000.0,16586000000.0,-4159000000.0,17842000000.0,2372500000.0,4604500000.0,7537000000.0,11.974580361452244,30.28527607361963,50.0590490797546,7.515920999596937,2.9717411121239743,1.7978767406590377,0.0398460970853317,0.2591495663211339,2013-03-19,0.94,bmo,18250255319.0,2025-04-25,2013-02-28,0.0212765957446808,48.71046875,5838128.0625
2012-11-30,WBA,USD,1618921,2012-11-30,2012-11-29 19:00:00,2013,Q1,17316000000.0,12217000000.0,5099000000.0,0.2944675445,0,0.0,0.0,4398000000.0,-4000000.0,4394000000.0,16611000000.0,0.0,37000000.0,313000000.0,1020000000.0,0.0589050589,727000000.0,0.041984292,-59000000.0,668000000.0,0.0385770386,255000000.0,413000000.0,0.0238507739,0.44,0.43,945300000,951200000,,,18.317994287527767,0.4368983391515921,0.6357770020099439,0.2803342854120385,1.9612821326563,19.44250502485983,16.899397016820057,19.44250502485983,6.793610494023062,32055123000.0,36611123000.0,19.403827481840192,1.851185204435204,53.33631114808651,120.96272830188678,1.7441168181076223,1.7441168181076223,2.114294467544468,35.893257843137256,60.91700998336106,138.15518113207548,0.01288405600565,0.0082670093014461,0.3474073671037597,0.1810885164071584,4.466666666666667,1.3049356223175963,19.64864864864865,1.4552058111380146,0.0081110279938716,0.6295399515738499,0.0,0.0,0.0681811736010663,0.5590682196339434,0.0194040194040194,1.073482428115016,0.0011550011550011,13.824758893808031,0.0164915628292122,0.0125703850251103,-9.962445784407066,2842000000.0,15975000000.0,-4718000000.0,17356000000.0,2215500000.0,4602500000.0,7428500000.0,11.767151767151768,35.5152656134894,57.61561758205779,7.648409893992933,2.5341215515453226,1.562076460810638,0.0224712987648947,0.3554427165979054,2012-12-21,0.7,bmo,20284457142.0,2025-04-25,2012-11-30,-0.1714285714285714,41.2145,6870945.216666667
2012-08-31,WBA,USD,1618921,2012-08-31,2012-08-30 20:00:00,2012,Q4,17073000000.0,12238000000.0,4835000000.0,0.2831956891,0,0.0,0.0,4249000000.0,0.0,4249000000.0,16487000000.0,0.0,0.0,310000000.0,896000000.0,0.0524805248,586000000.0,0.0343232004,-37000000.0,549000000.0,0.0321560358,196000000.0,353000000.0,0.020675921,0.4,0.39,889800000,895300000,,,19.18745785569791,0.3967183636772308,0.8631153068105192,0.3596313778377163,1.457630928298494,20.49449314452686,18.06585749606653,20.49449314452686,6.05978871656552,31819248000.0,35914248000.0,22.53487818696884,1.8637174486030577,41.4313125,99.43515,1.744858960298311,1.744858960298311,2.1035698471270425,40.08286607142857,46.76334375,112.232025,0.0110939139730769,0.010056805867945,0.2956788769466988,0.1611380072918534,4.5703125,1.2336620041274935,0.0,0.0,0.0060969385574417,0.5495750708215298,0.0,0.0,0.0645807184268722,0.5833333333333334,0.026240262402624,1.4451612903225806,0.0012885843144145,13.525427540582433,0.0144591322857036,0.011277594965017,-9.873848055742863,2038000000.0,16075000000.0,-4466000000.0,16237000000.0,2230500000.0,4408500000.0,7020000000.0,11.423299947285187,32.240562183363295,51.74374897859127,7.878634056299031,2.791514598540146,1.7393405343945425,0.0193573152007019,0.5034839289728029,2012-09-28,0.56,bmo,17987625000.0,2025-04-25,2012-08-31,-0.0535714285714286,35.16951612903225,6564602.854838709
2012-05-31,WBA,USD,1618921,2012-05-31,2012-05-30 20:00:00,2012,Q3,17752000000.0,12738000000.0,5014000000.0,0.2824470482,0,0.0,0.0,4141000000.0,0.0,4141000000.0,16879000000.0,0.0,17000000.0,296000000.0,1169000000.0,0.065851735,873000000.0,0.0491775575,-17000000.0,856000000.0,0.0482199189,319000000.0,537000000.0,0.0302501127,0.63,0.62,859800000,865200000,,,20.64666201442196,0.6245638520586183,2.148173993952082,1.7073738078622935,2.320307048150733,17.492440102349384,14.970923470574553,17.492440102349384,2.811118864852291,26241096000.0,26646096000.0,12.216525139664803,1.478205047318612,14.207415268002164,17.87540599455041,1.7447537234042552,1.7447537234042552,1.5010193780982424,22.79392301112061,14.426689767190036,18.151291553133515,0.0204640842745287,0.0559427853165889,0.1595744680851064,0.0882385381815508,0.3464499572284003,1.5424610051993068,51.35294117647059,3.4394785847299816,0.0074310920549964,0.3631284916201117,0.0,0.0,0.0797088128240008,0.2051976177585273,0.0213497070752591,1.2804054054054057,0.0013519603424966,15.678513318396282,0.0277847252613346,0.0214533977867444,-5.747266806234008,4069000000.0,12872000000.0,-589000000.0,18027000000.0,2401500000.0,4318000000.0,7175500000.0,11.630238846327174,31.32124352331606,49.48657560056523,7.7384481255449,2.873449131513647,1.818675042832667,0.0357047872340425,0.4408001860897883,2012-06-19,0.62,bmo,17465677419.0,2025-04-25,2012-05-31,0.0161290322580645,34.55460317460317,8329077.523809524
2012-02-29,WBA,USD,1618921,2012-02-29,2012-02-28 19:00:00,2012,Q2,18651000000.0,13262000000.0,5389000000.0,0.2889389309,0,0.0,0.0,4284000000.0,0.0,4284000000.0,17546000000.0,0.0,17000000.0,283000000.0,1388000000.0,0.0744196022,1105000000.0,0.059246153,-17000000.0,1088000000.0,0.0583346737,405000000.0,683000000.0,0.0366200204,0.79,0.78,869300000,874700000,,,21.45519383411941,0.7856896353387783,1.1584033130104685,0.8086966524790061,1.2469803290003452,17.04359829748073,14.653169216611069,17.04359829748073,2.7723455653974463,28825988000.0,30134988000.0,10.551240117130304,1.5455465122513536,28.6256087388282,41.00425035561877,1.9455985421166304,1.9455985421166304,1.615730416599646,21.711086455331408,29.92550943396226,42.86627027027026,0.0236938973262599,0.0243877156959893,0.1615145788336933,0.0898880625046953,0.9430835734870316,1.5453542872897712,65.0,1.4743777452415812,0.0067994200233483,0.2869692532942899,0.0,0.0,0.078055743370145,0.3018867924528302,0.0162993941343627,1.0742049469964663,0.0009650957053241,17.357909348541543,0.0357931824045407,0.0278275749674054,-5.943575290463591,3956000000.0,12738000000.0,-596000000.0,17739000000.0,2547500000.0,4490500000.0,7789000000.0,12.107125623290976,28.52284723269492,49.85899562660232,7.433638899960143,3.155365215322389,1.8050905131346129,0.0460988120950323,0.3497066605314621,2012-03-27,0.77,bmo,18408779220.0,2025-04-25,2012-02-29,0.0129870129870129,32.37079365079365,9037128.126984129
2011-11-30,WBA,USD,1618921,2011-11-30,2011-11-29 19:00:00,2012,Q1,18157000000.0,13053000000.0,5104000000.0,0.2811037066,0,0.0,0.0,4204000000.0,0.0,4204000000.0,17257000000.0,0.0,17000000.0,277000000.0,1177000000.0,0.0648234841,900000000.0,0.0495676599,-17000000.0,883000000.0,0.0486313818,329000000.0,554000000.0,0.0305116484,0.63,0.63,879700000,885200000,,,20.63999090599068,0.6297601455041492,0.9196316926224848,0.4433329544162783,1.243605774695919,16.68068659770376,14.387859497555985,16.68068659770376,2.7486643173809253,29663484000.0,30970484000.0,13.386048736462094,1.6337216500523215,36.666852904820765,76.06021538461539,2.0214995229657897,2.0214995229657897,1.7057049071983257,26.31307051826678,38.28242768850433,79.41149743589743,0.0186761608986995,0.0131474778889762,0.1636227340875017,0.0875350905975427,1.1104502973661852,1.4712601774213148,52.94117647058823,1.46028880866426,0.0068097193168543,0.3646209386281588,0.0,0.0,0.0735353093441248,0.5179233621755254,0.0230764994217106,1.5126353790613718,0.0019276312166106,15.373962125125006,0.0293928432494289,0.0218007240673697,-6.372627031942708,3878000000.0,12657000000.0,-648000000.0,17594000000.0,2541500000.0,4794000000.0,8137500000.0,12.818196838684804,32.94415076993794,56.75247069639163,7.021268368136117,2.731896190874843,1.5858340420362045,0.0377538503475535,0.4762987382062066,2011-12-21,0.67,bmo,19241000000.0,2025-04-25,2011-11-30,-0.0597014925373134,33.69370967741936,9067645.935483873
2011-08-31,WBA,USD,1618921,2011-08-31,2011-08-30 20:00:00,2011,Q4,17967000000.0,12898000000.0,5069000000.0,0.2821283464,0,0.0,0.0,4237000000.0,-434000000.0,3803000000.0,16701000000.0,0.0,0.0,288000000.0,1554000000.0,0.0864919018,1266000000.0,0.0704625146,-15000000.0,1251000000.0,0.0696276507,459000000.0,792000000.0,0.0440808148,0.88,0.87,900900000,910700000,,,19.943389943389946,0.8791208791208791,0.4018204018204018,-0.1687201687201687,1.7271617271617272,16.48018648018648,14.24131424131424,16.48018648018648,2.673992673992674,31720689000.0,32573689000.0,10.01284375,1.7654972449490731,87.62621270718233,-208.68874342105264,2.1365049504950497,2.1365049504950497,1.8129731730394607,20.961189832689836,89.98256629834255,-214.3005855263158,0.0249679318125782,-0.0047918252973634,0.1622550010103051,0.0877467764260217,0.5489060489060489,1.5244339972782384,0.0,-0.8246013667425968,0.0050125014623736,0.2007575757575757,0.0,0.0,0.0734683470532527,1.419889502762431,0.028608003562086,1.7847222222222223,0.0037847164245561,18.05496359999364,0.0413483493023987,0.0311357471399929,-5.723443223443224,4239000000.0,12830000000.0,-285000000.0,17782000000.0,2547500000.0,4912500000.0,7798000000.0,12.507931207213224,33.563343153977364,56.12963250116297,7.195434521425711,2.681496881496882,1.6034311287916458,0.0533441099211962,0.5705405705405705,2011-09-27,0.55,bmo,17313654545.0,2025-04-25,2011-08-31,0.0363636363636361,33.24920634920635,8553281.968253968
2011-05-31,WBA,USD,1618921,2011-05-31,2011-05-30 20:00:00,2011,Q3,18371000000.0,13217000000.0,5154000000.0,0.2805508682,0,0.0,0.0,4203000000.0,0.0,4203000000.0,17420000000.0,0.0,18000000.0,269000000.0,1220000000.0,0.0664090142,951000000.0,0.0517663709,-18000000.0,933000000.0,0.0507865658,330000000.0,603000000.0,0.0328234718,0.66,0.65,911300000,922200000,,,20.15911335454845,0.6616920882256118,1.3497201799626906,1.097333479644464,2.9101283880171183,16.156040820805444,14.07330187644025,16.156040820805444,2.6478656863820915,39760019000.0,39503019000.0,16.484253316749587,2.1642816939741985,32.325218699187,39.760019,2.700537865924064,2.700537865924064,2.15029225409613,32.3795237704918,32.116275609756094,39.503019,0.0151659887285265,0.0251508934138084,0.1626706513618148,0.0876775516180992,-0.210655737704918,1.6424602172265723,52.833333333333336,2.039800995024875,0.0040241429462093,0.2653399668325041,0.0,0.0,0.0694830868355542,0.1869918699186991,0.0125197321865984,0.8550185873605948,0.0011431059822546,15.509103737288692,0.0316674450262491,0.0237233456605555,-4.626906616920882,5087000000.0,12825000000.0,412000000.0,18115000000.0,2547500000.0,4952500000.0,7579500000.0,12.727668608132385,34.14920178557918,51.424680335931,7.071208622016936,2.635493519441675,1.7501324152542372,0.0409563268355634,0.2523867003182267,2011-06-21,0.63,bmo,17787793650.0,2025-04-25,2011-05-31,0.0317460317460317,37.49984375,8688655.265625
2011-02-28,WBA,USD,1618921,2011-02-28,2011-02-27 19:00:00,2011,Q2,18502000000.0,13178000000.0,5324000000.0,0.2877526754,0,0.0,0.0,4117000000.0,0.0,4117000000.0,17295000000.0,0.0,18000000.0,256000000.0,1463000000.0,0.0790725327,1207000000.0,0.0652361907,-18000000.0,1189000000.0,0.0642633229,450000000.0,739000000.0,0.0399416279,0.8,0.8,919100000,928000000,,,20.13056250680013,0.804047437710804,0.963986508540964,0.7507344141007507,2.4404308562724406,15.973234686105974,12.688499619192688,15.973234686105974,2.623218365792624,39833794000.0,39983794000.0,13.47557307171854,2.152945303210464,44.95913544018059,57.73013623188406,2.713288876779511,2.713288876779511,2.161052534861096,27.330002734108,45.12843566591423,57.94752753623188,0.0185520867030642,0.0173219754061086,0.162999795654247,0.0890319220180072,0.1025290498974709,1.661850477200424,67.05555555555556,1.198917456021651,0.0040668985736081,0.2192151556156968,0.0,0.0,0.1123223454126051,0.2212189616252821,0.0105934493568262,0.765625,0.0010809642200843,16.999201877724406,0.0387753942505391,0.0309736367827654,-4.654281362202155,4993000000.0,11662000000.0,340000000.0,19160000000.0,2484500000.0,4922500000.0,7758000000.0,12.146254458977406,33.39657004097739,51.952496585217794,7.409691629955947,2.6948875255623723,1.732351781254108,0.0503371704924732,0.2132520944402132,2011-03-22,0.8,bmo,18502000000.0,2025-04-25,2011-02-28,0.0,42.94031746031746,6230780.285714285
2010-11-30,WBA,USD,1618921,2010-11-30,2010-11-29 19:00:00,2011,Q1,17344000000.0,12399000000.0,4945000000.0,0.2851130074,0,0.0,0.0,4004000000.0,0.0,4004000000.0,16403000000.0,0.0,20000000.0,273000000.0,1214000000.0,0.0699953875,941000000.0,0.0542550738,-20000000.0,921000000.0,0.0531019373,341000000.0,580000000.0,0.0334409594,0.62,0.62,928800000,934300000,,,18.67355727820844,0.6244616709732989,1.254306632213609,0.9603789836347976,2.2200689061154177,15.464039621016363,13.42269595176572,15.464039621016363,2.607665805340224,32368680000.0,32708680000.0,13.95201724137931,1.86627536900369,27.78427467811159,36.28775784753363,2.253615539928984,2.253615539928984,1.8858786900369005,26.942899505766064,28.07612017167382,36.66892376681614,0.0179185558385451,0.0275575031172108,0.1672352572582329,0.0888182221564857,0.2800658978583196,1.5539329979138543,47.05,2.0086206896551726,0.0051284142572387,0.2862068965517241,0.0,0.0,0.0701079721934625,0.2343347639484978,0.0157403136531365,1.0,0.0014990774907749,14.740276472613616,0.0313409670736662,0.0230634642913949,-5.179263565891473,4514000000.0,12467000000.0,-18000000.0,17607000000.0,2461000000.0,4770000000.0,7643500000.0,12.82749077490775,35.966610210500846,57.40866198887007,7.016181229773463,2.502320887991927,1.5677076748008598,0.0403815358908306,0.2939276485788114,2010-12-22,0.54,bmo,14774518518.0,2025-04-25,2010-11-30,0.148148148148148,41.40822580645161,7006838.548387097
2010-08-31,WBA,USD,1618921,2010-08-31,2010-08-30 20:00:00,2010,Q4,16870000000.0,12078000000.0,4792000000.0,0.2840545347,0,0.0,0.0,4044000000.0,0.0,4044000000.0,16122000000.0,0.0,18000000.0,262000000.0,1010000000.0,0.059869591,748000000.0,0.0443390634,-18000000.0,730000000.0,0.0432720806,260000000.0,470000000.0,0.0278601067,0.51,0.5,928800000,934300000,,,18.16322136089578,0.5060292850990525,0.9959086993970716,0.7504306632213609,2.02411714039621,15.503875968992247,12.272825150732128,15.503875968992247,2.6044358311800173,24966144000.0,25487144000.0,13.279863829787232,1.479913692946058,26.990425945945944,35.819431850789094,1.73376,1.73376,1.5107969176052165,25.23479603960396,27.55366918918919,36.566921090387375,0.0188254942373159,0.0279178074115089,0.1667361111111111,0.0913796384395813,0.5158415841584159,1.6039284272837346,41.55555555555556,1.9680851063829787,0.0053672685697879,0.2851063829787234,0.0,0.0,0.1142150333016175,0.2464864864864865,0.0135151155898043,0.8702290076335878,0.0011855364552459,13.286152326358613,0.0255430699637154,0.0201942081292429,-4.811046511627907,4489000000.0,11399000000.0,47000000.0,18674000000.0,2589500000.0,4584500000.0,7244000000.0,13.070539419087137,34.16542473919523,54.97764530551416,6.885714285714286,2.6342420937840787,1.6370290051504472,0.0326388888888888,0.2454780361757106,2010-09-28,0.44,bmo,14952954545.0,2025-04-25,2010-08-31,0.1136363636363636,35.4375,6769578.4375
2010-05-31,WBA,USD,1618921,2010-05-31,2010-05-30 20:00:00,2010,Q3,17199000000.0,12450000000.0,4749000000.0,0.2761207047,0,0.0,0.0,3920000000.0,0.0,3920000000.0,16370000000.0,0.0,24000000.0,263000000.0,1092000000.0,0.0634920635,829000000.0,0.0482004768,-24000000.0,805000000.0,0.0468050468,342000000.0,463000000.0,0.0269201698,0.47,0.47,976400000,982000000,,,17.61470708725932,0.474190905366653,1.081523965587874,0.8131913150348218,2.3678820155673903,15.477263416632528,13.53748463744367,15.477263416632528,2.4498156493240475,31264328000.000004,31920328000.000004,16.881386609071274,1.8177991743706032,29.606371212121218,39.37572795969774,2.0688411858125995,2.0688411858125995,1.855940926798069,29.2310695970696,30.22758333333333,40.201924433249374,0.0148092100364351,0.0253963558724179,0.1566966649020645,0.0886658928370839,0.6007326007326007,1.680425010216592,34.541666666666664,2.2807775377969763,0.004318020205008,0.2915766738660907,0.0,0.0,0.0709177369229041,0.2481060606060606,0.0152334438048723,0.9961977186311788,0.0011047153904296,12.85034999223566,0.0246092246042877,0.0186595736106073,-3.770227365833674,4995000000.0,13218000000.0,741000000.0,18043000000.0,2711500000.0,4597500000.0,7155000000.0,14.280481423338566,33.13734939759036,51.39759036144578,6.30230853792598,2.7159685863874348,1.751054852320675,0.0306379036527263,0.268332650553052,2010-06-22,0.57,bmo,19009421052.0,2025-04-25,2010-05-31,-0.1052631578947367,28.7909375,8964989.640625
2010-02-28,WBA,USD,1618921,2010-02-28,2010-02-27 19:00:00,2010,Q2,16987000000.0,12090000000.0,4897000000.0,0.2882792724,0,0.0,0.0,3811000000.0,0.0,3811000000.0,15901000000.0,0.0,22000000.0,248000000.0,1334000000.0,0.0785306411,1086000000.0,0.0639312415,-22000000.0,1064000000.0,0.0626361335,395000000.0,669000000.0,0.0393830576,0.68,0.68,982900000,989800000,,,17.28253128497304,0.6806389256282429,0.6053515108352834,0.3815240614508088,3.1549496388238887,15.20805778817784,13.70230949231865,15.20805778817784,2.418353850849527,34814318000.0,34668318000.0,13.009834828101646,2.0494682992876907,58.51145882352941,92.83818133333334,2.3290284987958256,2.3290284987958256,2.040873491493495,25.988244377811096,58.266080672268906,92.448848,0.0192162316665229,0.0107714303063469,0.1575461600214075,0.0894281157439052,-0.1094452773613193,1.80334383993422,49.36363636363637,0.8893871449925261,0.0039064387244351,0.2032884902840059,0.0,0.0,0.0562011088326877,0.3697478991596639,0.0129510802378289,0.8870967741935484,0.0012362394772473,15.261124223377056,0.0358536469817231,0.0269171964271344,-2.710855631295147,5862000000.0,13468000000.0,1773000000.0,18233000000.0,2635500000.0,4827000000.0,7337000000.0,14.27326779301819,34.32506203473945,53.59801488833747,6.305493689680772,2.6219908913467798,1.6791666666666667,0.0447551511907947,0.2238274493844745,2010-03-23,0.71,bmo,17704760563.0,2025-04-25,2010-02-28,-0.0422535211267604,33.32666666666667,9774837.317460315
2009-11-30,WBA,USD,1618921,2009-11-30,2009-11-29 19:00:00,2010,Q1,16364000000.0,11826000000.0,4538000000.0,0.2773160596,0,0.0,0.0,3741000000.0,0.0,3741000000.0,15567000000.0,0.0,21000000.0,257000000.0,1054000000.0,0.0644096798,797000000.0,0.0487044732,-21000000.0,776000000.0,0.0474211684,287000000.0,489000000.0,0.0298826693,0.49,0.49,988400000,993400000,,,16.556050182112504,0.4947389720760826,1.1817078106029948,0.8741400242816674,3.188992310805342,14.792594091460948,13.3083771752327,14.792594091460948,2.4281667341157425,38438876000.0,38265876000.0,19.65177709611452,2.348990222439501,32.90999657534246,44.489439814814816,2.6290182614048287,2.6290182614048287,2.33841823515033,36.30538519924099,32.7618801369863,44.289208333333335,0.0127214958106475,0.0224772441316962,0.1627111688666986,0.0896112701521772,-0.1641366223908918,1.70966504730248,37.95238095238095,2.388548057259713,0.0035380847244336,0.278118609406953,0.0,0.0,0.0552583998794636,0.2602739726027397,0.0185773649474456,1.1828793774319066,0.0014666340747983,12.832210950994874,0.0268014967406307,0.0194968302699254,-3.1416936462970457,5551000000.0,13154000000.0,1446000000.0,17883000000.0,2536500000.0,4675500000.0,7131500000.0,14.173185040332438,38.37899543378995,56.87975646879757,6.3500194024058985,2.345032718619869,1.5822852555525824,0.0334450447985773,0.3075677863213274,2009-12-21,0.48,bmo,16023083333.0,2025-04-25,2009-11-30,0.0208333333333333,35.493770491803275,7908710.868852459
2009-08-31,WBA,USD,1618921,2009-08-31,2009-08-30 20:00:00,2009,Q4,15703000000.0,11357000000.0,4346000000.0,0.2767624021,0,0.0,0.0,3644000000.0,0.0,3644000000.0,15001000000.0,0.0,23000000.0,234000000.0,936000000.0,0.0596064446,702000000.0,0.0447048335,-23000000.0,679000000.0,0.0432401452,243000000.0,436000000.0,0.0277653951,0.44,0.44,988400000,993400000,,,15.88729259409146,0.4411169566976932,0.8619991906110887,0.4643868878996358,2.6173613921489274,14.544718737353298,13.06657223796034,14.544718737353298,2.401861594496155,33486992000.000004,33750992000.000004,19.201256880733947,2.1325219384830927,39.30398122065728,72.95640958605665,2.3293678352810243,2.3293678352810243,2.149334012609056,36.05875213675214,39.61384037558686,73.53157298474946,0.0130199810123286,0.0137068148730707,0.163536449638286,0.0935088696205552,0.282051282051282,1.7800265918156302,30.52173913043478,1.9541284403669723,0.0033445822783963,0.2568807339449541,0.0,0.0,0.0581099355659852,0.4612676056338028,0.0250270648920588,1.6794871794871795,0.0010825956823536,12.01491766399242,0.0245142907121023,0.0184113846543642,-2.946681505463375,5280000000.0,12915000000.0,1283000000.0,17543000000.0,2646500000.0,4453500000.0,6840000000.0,14.305546710819588,34.1392973496522,53.8002993748349,6.2912660256410255,2.636258124419684,1.6728531447930477,0.0303283249860879,0.3976123027114528,2009-09-29,0.39,bmo,13689794871.0,2025-04-25,2009-08-31,0.1282051282051281,38.58625,7436386.625
2009-05-31,WBA,USD,1618921,2009-05-31,2009-05-30 20:00:00,2009,Q3,16210000000.0,11751000000.0,4459000000.0,0.2750771129,0,0.0,0.0,3613000000.0,0.0,3613000000.0,15364000000.0,0.0,25000000.0,264000000.0,1110000000.0,0.0684762492,846000000.0,0.0521900062,-25000000.0,821000000.0,0.0506477483,299000000.0,522000000.0,0.0322023442,0.53,0.53,992000000,993000000,,,16.340725806451612,0.5262096774193549,1.53125,1.0856854838709675,2.419354838709677,14.30141129032258,12.826612903225806,14.30141129032258,2.392137096774193,30890880000.0,30938880000.0,14.794482758620688,1.905668106107341,20.336326530612244,28.68233983286908,2.177407485726369,2.177407485726369,1.90862924120913,27.872864864864862,20.367926267281103,28.72690807799443,0.0168981913108334,0.0348646590838461,0.1655036300838796,0.0933858330350395,0.0432432432432432,1.7570629571203211,33.84,2.9099616858237547,0.0035932935546025,0.2126436781609195,0.0,0.0,0.058187169391083,0.2909809084924292,0.0272671190623072,1.6742424242424243,0.0011104256631708,13.012481430870466,0.0295871974529974,0.0220439189189189,-3.037046370967742,5279000000.0,12724000000.0,1296000000.0,17337000000.0,2816500000.0,4766500000.0,7237500000.0,15.529302899444788,35.223385243809034,52.77763594587695,5.795495173400072,2.5551206784083496,1.7052677405311276,0.0367942482554451,0.4455645161290322,2009-06-22,0.56,bmo,17078392857.0,2025-04-25,2009-05-31,-0.0535714285714286,31.89484375,6802674.109375
2009-02-28,WBA,USD,1618921,2009-02-28,2009-02-27 19:00:00,2009,Q2,16475000000.0,11818000000.0,4657000000.0,0.2826707132,0,0.0,0.0,3627000000.0,0.0,3627000000.0,15445000000.0,0.0,20000000.0,241000000.0,1271000000.0,0.0771471927,1030000000.0,0.0625189681,-20000000.0,1010000000.0,0.0613050076,370000000.0,640000000.0,0.0388467375,0.65,0.65,988000000,988900000,,,16.675101214574898,0.6477732793522267,1.445344129554656,0.98582995951417,1.5779352226720649,13.845141700404858,12.37651821862348,13.845141700404858,2.3927125506072877,23573680000.0,25008680000.0,9.20846875,1.4308758725341426,16.508179271708684,24.202956878850102,1.7233481979676877,1.7233481979676877,1.5179775417298935,19.676380802517706,17.513081232492997,25.676262833675565,0.0271489220181151,0.0413172656963189,0.171357555376855,0.0944209466263847,1.1290322580645162,1.6777303401735295,51.5,2.23125,0.0047510613531701,0.175,0.0,0.0,0.0584491440080564,0.3179271708683473,0.0275569044006069,1.883817427385892,0.0,14.20533487649162,0.03713434611554,0.0273808505176692,-3.7125506072874495,4921000000.0,12228000000.0,1036000000.0,16759000000.0,2806000000.0,4980000000.0,7941000000.0,15.492564491654022,37.57488576747335,57.75596547639195,5.809238363892807,2.395216862586137,1.5582805907172996,0.0467870458366839,0.4595141700404858,2009-03-23,0.66,bmo,16724621212.0,2025-04-25,2009-02-28,-0.0151515151515151,30.11031746031746,7816344.428571428
2008-11-30,WBA,USD,1618921,2008-11-30,2008-11-29 19:00:00,2009,Q1,14947000000.0,10796000000.0,4151000000.0,0.2777145916,0,0.0,0.0,3482000000.0,0.0,3482000000.0,14278000000.0,0.0,0.0,236000000.0,905000000.0,0.060547267,669000000.0,0.0447581454,-15000000.0,654000000.0,0.0437545996,246000000.0,408000000.0,0.0272964474,0.41,0.41,988600000,990200000,,,15.119360712118146,0.4127048351203722,0.3155978150920493,-0.3297592555128464,0.8962168723447299,13.28241958324904,11.832895003034594,13.28241958324904,2.4448715355047543,22797116000.0,24328116000.0,13.968821078431372,1.5251967618920184,73.06767948717948,-69.92980368098159,1.7361294646256948,1.7361294646256948,1.6276253428781695,26.881896132596687,77.97473076923077,-74.6261226993865,0.0178970006556969,-0.0143000544454833,0.1840682354733074,0.0986007424631828,1.6917127071823204,1.43114406779661,0.0,0.7647058823529411,0.004869036943094,0.2720588235294117,0.0,0.0,0.0584587769754824,2.0448717948717947,0.0426841506656854,2.7033898305084745,0.0,11.105794552500464,0.0244111714432437,0.0176776429809358,-4.31418167104997,3663000000.0,11698000000.0,777000000.0,15246000000.0,2651550000.0,4657500000.0,7773500000.0,16.715059878236435,41.89885142645424,69.1756206002223,5.384365994236311,2.148030242737764,1.3010363943118823,0.0310715101667809,0.6453570706048958,2008-12-22,0.46,bmo,16571673913.0,2025-04-25,2008-11-30,-0.1086956521739131,25.56295081967213,9352244.819672132
2008-08-31,WBA,USD,1618921,2008-08-31,2008-08-30 20:00:00,2008,Q4,14597100000.0,10542200000.0,4054900000.0,0.2777880538,0,0.0,0.0,3344000000.0,0.0,3344000000.0,13886200000.0,0.0,0.0,232300000.0,943200000.0,0.0646155743,710900000.0,0.0487014544,-7200000.0,703700000.0,0.0482082057,260700000.0,443000000.0,0.0303484939,0.45,0.45,988600000,990200000,,,14.765425854744082,0.4481084361723649,0.5543192393283431,-0.024681367590532,0.4478049767347764,13.01780295367186,11.563625328747724,13.01780295367186,1.436273518106413,35589600000.0,36566800000.0,20.084424379232505,2.43812812133917,64.94452554744525,-1458.5901639344263,2.7654436104247284,2.7654436104247284,2.505072925444095,38.76887192536047,66.72773722627737,-1498.639344262295,0.0124474565603434,-0.0006855935441814,0.1103314839852673,0.0633595416372901,1.0360474978795589,1.570372823191198,0.0,1.237020316027088,0.0026271719828264,0.2110609480812641,0.0,0.0,0.0641493605590311,1.0445255474452555,0.0392132683889265,2.46405510116229,0.0,11.456492255019532,0.0282367431577132,0.0211227983178051,-3.619537730123407,3789500000.0,11431800000.0,892600000.0,15002600000.0,2461100000.0,4231150000.0,7156400000.0,15.58110857636106,36.61569691335775,61.88556468289352,5.776225713268173,2.457962228957799,1.454297144433715,0.0344227392108412,0.5790006069188752,2008-09-29,0.45,bmo,14597100000.0,2025-04-25,2008-08-31,0.0,24.615,9157762.890625
2008-05-31,WBA,USD,1618921,2008-05-31,2008-05-30 20:00:00,2008,Q3,15015000000.0,10770000000.0,4245000000.0,0.2827172827,0,0.0,0.0,3331000000.0,0.0,3331000000.0,14101000000.0,0.0,2000000.0,211100000.0,1124600000.0,0.0748984349,913800000.0,0.0608591409,-2000000.0,912300000.0,0.0607592408,340000000.0,572300000.0,0.0381152181,0.58,0.58,990200000,994000000,,,15.16360331246213,0.5779640476671379,0.994647545950313,0.3789133508382145,0.4764694001211876,12.659058776004848,11.226822864067865,12.659058776004848,1.149565744294082,35667004000.0,36331504000.0,15.580553905294428,2.375424841824842,36.21383287643416,95.06131130063966,2.845393218986837,2.845393218986837,2.419680586080586,32.30615685577094,36.88852066199614,96.83236673773987,0.016045642633735,0.0105195266751308,0.0906501794974072,0.0526366988456336,0.5908767561799751,1.3573837356543994,456.9,1.7209505504106235,0.0026382928041839,0.1644242530141534,0.0,0.0,0.0656951212733235,0.6190476190476191,0.0406060606060606,2.8923149905123338,0.0,12.830464493591386,0.0376597055082267,0.0283746665741172,-3.2847657038982025,2681200000.0,11116800000.0,1130900000.0,13407100000.0,2367500000.0,4179300000.0,7195750000.0,14.356243756243757,34.87437325905292,59.02896935933148,6.269049309005887,2.580691539069801,1.5246751040516435,0.0456561627443159,0.6157341951120986,2008-06-23,0.59,bmo,15270203389.0,2025-04-25,2008-05-31,-0.0169491525423729,34.30765625,7678842.109375
2008-02-29,WBA,USD,1618921,2008-02-29,2008-02-28 19:00:00,2008,Q2,15393600000.0,10957400000.0,4436200000.0,0.2881847001,0,0.0,0.0,3348000000.0,0.0,3348000000.0,14305400000.0,0.0,0.0,201900000.0,1289400000.0,0.0837620829,1088200000.0,0.070691716,-2500000.0,1085700000.0,0.0705293109,399800000.0,685900000.0,0.0445574784,0.69,0.69,991100000,995000000,,,15.531833316517002,0.6920593280193724,1.125819796186056,0.5683583896680456,0.2575925739077792,12.171627484613056,11.082635455554437,12.171627484613056,0.7343355867218242,36185061000.0,36657561000.0,13.18889816299752,2.3506561817898346,32.42970155941925,64.2376371382922,2.999598865981945,2.999598865981945,2.3813507561584037,28.42993718008376,32.853164545617496,65.07644416829399,0.0189553362919576,0.0155671977449478,0.0603317500186516,0.0350775726204074,0.3664495114006514,1.402835211949381,0.0,1.626767750400933,0.002603284266952,0.1373378043446566,0.0,0.0,0.0520187196059436,0.4951604230148772,0.0358915393410248,2.746023856858847,0.0,13.766934575381237,0.0482590691709386,0.0348721338146321,-3.0379628695388963,2912700000.0,10984000000.0,1458200000.0,12933400000.0,2293450000.0,4145950000.0,7440300000.0,13.680425631431245,34.376494423859675,60.186996915326624,6.578742681311168,2.618067999904427,1.4953396017850076,0.0568584052456624,0.5574614065180102,2008-03-24,0.67,bmo,14934089552.0,2025-04-25,2008-02-29,0.0298507462686565,35.74640625,5603661.75
2007-11-30,WBA,USD,1618921,2007-11-30,2007-11-29 19:00:00,2008,Q1,14028000000.0,10107000000.0,3921000000.0,0.2795124038,0,0.0,0.0,3193000000.0,0.0,3193000000.0,13300000000.0,0.0,0.0,195000000.0,923500000.0,0.0658326205,727800000.0,0.0518819504,200000.0,728200000.0,0.0519104648,272700000.0,455500000.0,0.0324707727,0.46,0.46,991300000,997500000,,,14.15111469787148,0.4594976293755674,0.3937254110763644,-0.1009785130636537,0.2976899021486936,11.590941188338546,10.515383839402803,11.590941188338546,1.1767376172702513,36271667000.0,37143067000.0,19.907610867178928,2.585662033076704,92.9327875992826,-362.3543156843157,3.156775572014169,3.156775572014169,2.6477806529797547,40.2198884677856,95.16542915705868,-371.0596103896104,0.0125580111881816,-0.0027597297912996,0.1015221799636208,0.0569702475141143,0.943584190579318,1.3697219497972275,0.0,0.8568605927552141,0.0025970683950092,0.2068057080131723,0.0,0.0,0.0520717341616362,1.2564693825262618,0.0349586541203307,2.505876341338784,0.0,10.946927649397646,0.0322947777857678,0.0234680103455026,-3.2570362150711185,2789700000.0,10423900000.0,1349600000.0,12353300000.0,2241750000.0,3919950000.0,7171700000.0,14.41616766467066,36.56812110418522,67.25645592163846,6.242990654205608,2.4611600837675938,1.3381615008804566,0.0396428229519325,0.4947039241400182,2007-12-21,0.44,bmo,13390268181.0,2025-04-25,2007-11-30,0.0454545454545455,35.70508196721312,7376111.065573771
2007-08-31,WBA,USD,1618921,2007-08-31,2007-08-30 20:00:00,2007,Q4,13421500000.0,9666200000.0,3755300000.0,0.2797973401,0,0.0,0.0,3151800000.0,0.0,3151800000.0,12818000000.0,0.0,0.0,180000000.0,783500000.0,0.0583764855,603500000.0,0.0449651678,6400000.0,609900000.0,0.0454420147,213400000.0,396500000.0,0.0295421525,0.4,0.4,991300000,997500000,,,13.539291838999294,0.3999798244729143,0.2751941894481993,-0.2626853626550993,0.2570362150711187,11.20175527085645,10.132250580046405,11.20175527085645,0.8862100272369615,44677891000.0,45301591000.0,28.17017087011349,3.328829937041314,163.77526026392962,-171.5740821812596,4.023476581144242,4.023476581144242,3.3753001527400066,57.819516273133374,166.06155058651026,-173.9692434715822,0.0088746355552011,-0.0058283861250299,0.0791134965733995,0.0454860823461188,0.7960433950223357,1.4101537594709606,0.0,0.6880201765447667,0.0017234475100894,0.1941992433795712,0.0,0.0,0.0548939607323336,1.9545454545454544,0.0397273032075401,2.962222222222222,0.0,10.040453794927716,0.0291749816268066,0.0217219805625253,-2.907167355997176,2766200000.0,10044100000.0,1301200000.0,12026300000.0,2120050000.0,3721150000.0,6623100000.0,14.99720597548709,34.75998841323374,63.22494879063128,6.001117818019226,2.5891838319985,1.42348869744496,0.0357068883225417,0.5378795521032987,2007-10-01,0.47,bmo,15420446808.0,2025-04-25,2007-08-31,-0.1489361702127658,38.4421875,10018039.40625
2007-05-31,WBA,USD,1618921,2007-05-31,2007-05-30 20:00:00,2007,Q3,13698300000.0,9821100000.0,3877200000.0,0.2830424213,0,0.0,0.0,3022400000.0,0.0,3022400000.0,12843500000.0,0.0,0.0,177200000.0,1032000000.0,0.0753378156,854800000.0,0.0624019039,11200000.0,866000000.0,0.0632195236,304800000.0,561200000.0,0.0409685873,0.56,0.56,995800000,1003400000,,,13.756075517172125,0.5635669813215505,0.7179152440249046,0.2819843342036554,0.7612974492870054,10.947378991765415,10.947378991765415,10.947378991765415,0.0,44940454000.0,44373054000.0,20.019803100498933,3.280732207646204,62.86257378654358,160.04435185185184,4.122447942466105,4.122447942466105,3.2393110093953266,42.99714534883721,62.06889634913974,158.0236965811966,0.0124876353051529,0.0062482679858997,0.0,0.0,-0.5498062015503876,1.6515037264357737,0.0,1.2738774055595152,0.0017200538294517,0.1377405559515324,0.0,0.0,0.0,0.6072177926982795,0.0316900637305359,2.4497742663656883,0.0,11.782002375015647,0.0452500437961073,0.0312745551512179,-1.5608053826069492,3715200000.0,10901400000.0,2374800000.0,11469000000.0,1991350000.0,3796250000.0,6493500000.0,13.163969251658964,33.98906436142591,59.15966643247702,6.836843681373527,2.647910488002157,1.5213067521724988,0.0514796264699946,0.4359309098212492,2007-06-25,0.54,bmo,13444627777.0,2025-04-25,2007-05-31,0.0185185185185185,45.16,5589055.444444444
2007-02-28,WBA,USD,1618921,2007-02-28,2007-02-27 19:00:00,2007,Q2,13933700000.0,9897900000.0,4035800000.0,0.2896430955,0,0.0,0.0,3015300000.0,0.0,3015300000.0,12913200000.0,0.0,0.0,158500000.0,1179000000.0,0.0846149982,1020500000.0,0.0732396994,10200000.0,1030700000.0,0.0739717376,378800000.0,651900000.0,0.0467858501,0.65,0.65,999600000,1007200000,,,13.939275710284114,0.6521608643457383,0.8691476590636255,0.469187675070028,0.9584833933573428,10.570528211284511,10.570528211284511,10.570528211284511,0.0,44682120000.0,43987920000.0,17.13534284399448,3.206766329115741,51.42969613259669,95.2710447761194,4.228738536668465,4.228738536668465,3.156944673704759,37.3095165394402,50.63066298342542,93.79087420042644,0.0145897285088532,0.0104963685697992,0.0,0.0,-0.5888040712468193,1.666878739940849,0.0,1.3327197422917625,0.0017389506138025,0.1191900598251265,0.0,0.0,0.0,0.4601749539594843,0.0286930248247055,2.5223974763406942,0.0,12.454232546985873,0.0544530785230543,0.0368953358726349,-1.3950830332132853,3878300000.0,10566300000.0,2591300000.0,11330000000.0,2141700000.0,4217900000.0,6765050000.0,12.783323883821238,35.312035886400146,59.38805201103264,7.04042241422869,2.54870606411742,1.515456341004088,0.061696147184918,0.3999599839935974,2007-03-26,0.61,bmo,13020014754.0,2025-04-25,2007-02-28,0.0655737704918033,44.967619047619046,4790824.349206349
2006-11-30,WBA,USD,1618921,2006-11-30,2006-11-29 19:00:00,2007,Q1,12708500000.0,9132900000.0,3575600000.0,0.2813549986,0,0.0,0.0,2903700000.0,0.0,2903700000.0,12036600000.0,0.0,0.0,160200000.0,832100000.0,0.0654758626,671900000.0,0.0528701263,10600000.0,682500000.0,0.0537042137,250800000.0,431700000.0,0.0339693906,0.43,0.43,1005200000,1013400000,,,12.642757660167131,0.429466772781536,0.4976124154397134,0.0815758058097891,0.7654198169518504,10.101969757262236,10.101969757262236,10.101969757262236,0.0,40700548000.0,40030848000.0,23.56992587444985,3.202624070503993,81.36854858056778,496.3481463414634,4.008129203801271,4.008129203801271,3.1499270566943385,48.10821776228818,80.02968412634947,488.1810731707317,0.0106067367938141,0.0020147148878683,0.0,0.0,-0.8048311501021512,1.5611256762695682,0.0,1.1586750057910586,0.0019213500516012,0.1811443131804493,0.0,0.0,0.0,0.8360655737704918,0.0329071094149584,2.610486891385768,0.0,9.880048475778446,0.0371912182922657,0.0239487407078664,-1.8647781536012733,3702700000.0,10154500000.0,2429900000.0,10905800000.0,2183500000.0,4295750000.0,6524600000.0,16.318763032615966,44.86055907762047,68.96954965016587,5.515123898797899,2.006216637743558,1.304923701205921,0.04251317150032,0.4160366096299244,2006-12-22,0.41,bmo,12088573170.0,2025-04-25,2006-11-30,0.048780487804878,45.60934426229508,4701041.901639344
2006-08-31,WBA,USD,1618921,2006-08-31,2006-08-30 20:00:00,2006,Q4,12170300000.0,8806700000.0,3363600000.0,0.2763777393,0,0.0,0.0,2732400000.0,0.0,2732400000.0,11539100000.0,0.0,0.0,163500000.0,794700000.0,0.0652983082,631200000.0,0.0518639639,20200000.0,651400000.0,0.0535237422,239100000.0,412300000.0,0.0338775544,0.41,0.41,1005200000,1013400000,,,12.107341822522882,0.4101671309192201,0.145841623557501,-0.2825308396339037,1.3280939116593713,10.063469956227616,10.063469956227616,10.063469956227616,0.0,49717192000.0,48797292000.0,30.146247877758917,4.085124606624323,339.1350068212824,-175.0605352112676,4.9148057494216975,4.9148057494216975,4.009538959598366,61.40341260853152,332.86010914051843,-171.82145070422536,0.0082929060032191,-0.0057123097378468,0.0,0.0,-1.1575437271926514,1.6863412854238702,0.0,0.3555663351928207,0.0013194630943758,0.1591074460344409,0.0,0.0,0.0,2.937244201909959,0.035381214924858,2.633639143730887,0.0,9.637082207719676,0.0351196858741169,0.0240673395170187,-1.1023428173497811,3950100000.0,10115800000.0,2690100000.0,10899000000.0,2052100000.0,3885100000.0,5797050000.0,15.253773530644274,41.27857199632098,61.83201426186881,5.900179376545305,2.18030798177857,1.4555566574110803,0.0407580221040352,0.4283724631914047,2006-09-25,0.41,bmo,12467136585.0,2025-04-25,2006-08-31,-0.0243902439024389,43.399047619047614,6964871.682539683
2006-05-31,WBA,USD,1618921,2006-05-31,2006-05-30 20:00:00,2006,Q3,12175200000.0,8832000000.0,3343200000.0,0.2745909718,0,0.0,0.0,2635600000.0,0.0,2635600000.0,11467600000.0,0.0,0.0,137000000.0,707600000.0,0.0581181418,707600000.0,0.0581181418,15600000.0,723200000.0,0.0593994349,254000000.0,469200000.0,0.0385373546,0.46,0.46,1008800000,1017900000,,,12.068992862807296,0.465107057890563,1.0177438540840602,0.7144131641554322,1.787470261697066,9.703905630452022,9.703905630452022,9.703905630452022,0.0,40957280000.0,40154880000.0,21.8229326513214,3.363992377948617,39.8921593454758,56.82985985847093,4.183882402214663,4.183882402214663,3.2980879164202643,56.7479932165065,39.11062627836758,55.71649784931317,0.0114558388642995,0.017596383353582,0.0,0.0,-1.1339739966082532,1.767577871962392,0.0,-0.0472584832360576,0.0016016688608227,0.1398124467178175,0.0,0.0,0.0,0.2980422713548261,0.0251330573625073,0.0,0.0,10.077226178423912,0.0415885150563373,0.0285371950589051,-0.5414601506740682,4147300000.0,9789300000.0,2898000000.0,10803700000.0,1944850000.0,3500600000.0,5579850000.0,15.09092253104672,38.01970108695652,56.49150815217392,5.963850110213079,2.367193781827928,1.593159803019644,0.0479298826269498,0.303330689928628,2006-06-26,0.44,bmo,11621781818.0,2025-04-25,2006-05-31,0.0454545454545455,47.9504761904762,4858502.063492063
2006-02-28,WBA,USD,1618921,2006-02-28,2006-02-27 19:00:00,2006,Q2,12163100000.0,8703800000.0,3459300000.0,0.2844094022,0,0.0,0.0,2638400000.0,0.0,2638400000.0,11342200000.0,0.0,0.0,138700000.0,820900000.0,0.0674910179,820900000.0,0.0674910179,10000000.0,830900000.0,0.0683131767,307400000.0,523500000.0,0.0430400145,0.52,0.51,1010700000,1020000000,,,12.034332640744038,0.5179578509943603,0.8201246660730187,0.560106856634016,1.211833382803997,9.353022657564065,9.353022657564065,9.353022657564065,0.0,45340002000.0,44761202000.0,21.65234097421203,3.7276682753574337,54.69900108577633,80.0918600953895,4.796310416688705,4.796310416688705,3.6800817225871696,54.526985016445366,54.00072626372301,79.06942589648472,0.0115460956530173,0.0124856633222027,0.0,0.0,-0.7050797904738701,1.7928404700579523,0.0,0.0364866470932612,0.0014512571040468,0.1256924546322827,0.0,0.0,0.0,0.3170466883821932,0.021606333911585,0.0,0.0,10.440335679962711,0.0484745867041842,0.0334737932489721,-0.7589294548332839,3940100000.0,9453100000.0,2723700000.0,10441500000.0,1660500000.0,3286800000.0,5927900000.0,13.675625457325848,33.81488545233116,58.07118729750224,6.581051834217076,2.6615497523087277,1.5498219373219373,0.0553786588526515,0.2600178094390026,2006-03-27,0.52,bmo,12397005769.0,2025-04-25,2006-02-28,-0.0192307692307692,42.254285714285714,4015720.73015873
2005-11-30,WBA,USD,1618921,2005-11-30,2005-11-29 19:00:00,2006,Q1,10900400000.0,7897900000.0,3002500000.0,0.2754486074,0,0.0,0.0,2460700000.0,0.0,2460700000.0,10358600000.0,0.0,0.0,133000000.0,541800000.0,0.049704598,541800000.0,0.049704598,6800000.0,548600000.0,0.0503284283,203000000.0,345600000.0,0.0317052585,0.34,0.34,1012800000,1022300000,,,10.76263823064771,0.3412322274881517,0.4318720379146919,0.0977488151658767,0.8841824644549763,8.99071879936809,8.99071879936809,8.99071879936809,0.0,46264704000.0,45680604000.0,33.466944444444444,4.244312502293494,105.77207133058984,467.3202424242425,5.080795097630081,5.080795097630081,4.190727312759165,84.31266888150608,104.4366803840878,461.4202424242424,0.0074700575194429,0.0021398602269237,0.0,0.0,-1.0780730897009967,1.7300627943485087,0.0,1.265625,0.0014244120096391,0.1906828703703703,0.0,0.0,0.0,0.7736625514403292,0.0310447323034017,0.0,0.0,8.308325195797853,0.0331178838855997,0.0224384986462884,-1.1614336492890995,3720400000.0,9105800000.0,2520100000.0,10091700000.0,1434550000.0,3110800000.0,5916250000.0,12.160287695864373,37.64367743324175,71.10523050431127,7.401140684410646,2.39083974087304,1.2657296708227828,0.0379538316238002,0.3341232227488152,2006-01-03,0.33,bmo,10570084848.0,2025-04-25,2005-11-30,0.0303030303030303,44.233870967741936,3307275.8387096776
2005-08-31,WBA,USD,1618921,2005-08-31,2005-08-30 20:00:00,2005,Q4,10494900000.0,7561800000.0,2933100000.0,0.2794786039,0,0.0,0.0,2408600000.0,0.0,2408600000.0,9970400000.0,0.0,0.0,0.0,524500000.0,0.0499766553,524500000.0,0.0499766553,-17400000.0,507100000.0,0.0483187072,178100000.0,329000000.0,0.0313485598,0.32,0.32,1012800000,1022300000,,,10.362263033175356,0.3248420221169036,0.2283767772511848,-0.1484004739336493,1.0580568720379149,8.777349921011059,8.777349921011059,8.777349921011059,0.0,46923024000.0,46346224000.0,35.655793313069914,4.471031072235085,202.86651102464333,-312.1957684630739,5.278358549782332,5.278358549782332,4.41607104403091,88.36267683508103,200.37277993947257,-308.35811044577514,0.0070114833178697,-0.0032031183667957,0.0,0.0,-1.099714013346044,1.855947333184557,0.0,0.5512392755004767,0.0011380340704384,0.1623100303951367,0.0,0.0,0.0,1.649805447470817,0.0363605179658691,0.0,0.0,8.009567540529245,0.0335994883047969,0.0225206724713871,-0.7937648104265402,3835500000.0,8889700000.0,2597400000.0,10000500000.0,1456000000.0,2872650000.0,5398650000.0,11.97410170654318,34.73220661747203,66.56391335396334,7.516221442383442,2.591254883147146,1.352083966599317,0.0370091229175337,0.3767772511848341,2005-09-26,0.37,bmo,11062191891.0,2025-04-25,2005-08-31,-0.0540540540540541,45.55222222222222,3307500.253968254
2005-05-31,WBA,USD,1618921,2005-05-31,2005-05-30 20:00:00,2005,Q3,10830600000.0,7814400000.0,3016200000.0,0.2784887264,0,0.0,0.0,2372100000.0,0.0,2372100000.0,10186500000.0,0.0,0.0,0.0,630900000.0,0.0582516204,637500000.0,0.0588610049,10900000.0,655000000.0,0.0604767972,244000000.0,411000000.0,0.0379480361,0.41,0.4,1019500000,1029100000,,,10.623442864149093,0.4031387935262383,0.5424227562530652,0.2604217753800882,1.3439921530161845,8.549779303580186,8.549779303580186,8.549779303580186,0.0,46224130000.0,45682930000.0,28.11686739659368,4.267919598175539,83.58793851717903,174.1021845574388,5.303060861584353,5.303060861584353,4.217950067401621,72.40914566492313,82.60927667269439,172.06376647834276,0.0088914599366175,0.00574375331672,0.0,0.0,-0.8578221588207323,1.8875113947128528,0.0,1.7259675405742825,0.0011595675245807,0.1304136253041362,0.0,0.0,0.0,0.5198915009041591,0.0265451590862925,0.0,0.0,8.80635131882783,0.040188382491708,0.0286578903330172,-0.5059588033349681,3894400000.0,8716500000.0,2657300000.0,9825900000.0,1499350000.0,2819250000.0,5182250000.0,12.595147083264084,32.56027334152334,59.942414004914,7.145609289437224,2.764104559442538,1.501441032932406,0.0471519531922216,0.2820009808729769,2005-06-27,0.38,bmo,10260568421.0,2025-04-25,2005-05-31,0.0526315789473684,46.14078125,3032521.828125
2005-02-28,WBA,USD,1618921,2005-02-28,2005-02-27 19:00:00,2005,Q2,10987000000.0,7856400000.0,3130600000.0,0.2849367434,0,0.0,0.0,2359700000.0,0.0,2359700000.0,10216100000.0,0.0,0.0,0.0,766200000.0,0.0697369619,770900000.0,0.0701647401,11400000.0,782300000.0,0.07120233,291400000.0,490900000.0,0.0446800765,0.48,0.48,1021600000,1029600000,,,10.754698512137823,0.480520751761942,0.5128230227094753,0.2551879404855129,1.4166014095536414,8.481989036805011,8.481989036805011,8.481989036805011,0.0,43755128000.0,43302028000.0,22.283116724383785,3.982445435514699,83.51809123878603,167.8370847717683,5.049523150071551,5.049523150071551,3.9412057886593246,56.51530670843122,82.65323153273525,166.0990717299578,0.0112192564035008,0.005958158778555,0.0,0.0,-0.5913599582354476,1.919336862635832,0.0,0.692531394580304,0.0012272847196333,0.1093909146465675,0.0,0.0,0.0,0.5023859515174651,0.0239555838718485,0.0,0.0,9.576265678177853,0.0490257014792647,0.0346338366022294,-0.3615896632732968,3959400000.0,8665200000.0,2757400000.0,9739700000.0,1399350000.0,3007250000.0,5371200000.0,12.14799308273414,32.2063540552925,59.10989766305178,7.4086311530681055,2.794479618695312,1.522587647047423,0.0566518949360661,0.2576350822239624,2005-03-28,0.48,bmo,11215895833.0,2025-04-25,2005-02-28,-0.0208333333333333,44.73109375,2702734.390625
2004-11-30,WBA,USD,1618921,2004-11-30,2004-11-29 19:00:00,2005,Q1,9889100000.0,7181200000.0,2707900000.0,0.2738267385,0,0.0,0.0,2201800000.0,0.0,2201800000.0,9383000000.0,0.0,0.0,0.0,482600000.0,0.0488012054,497600000.0,0.0503180269,5100000.0,517700000.0,0.0523505678,185000000.0,332700000.0,0.033643102,0.32,0.32,1022600000,1029400000,,,9.67054566790534,0.3253471543125367,0.0616076667318599,-0.2368472521024838,1.28437316643849,8.232055544690006,8.232055544690006,8.232055544690006,0.0,39042868000.0,37729468000.0,29.33789299669372,3.948070906351437,619.7280634920635,-161.20094137076796,4.63796676209596,4.63796676209596,3.815258011345825,78.17958557811852,598.8804444444445,-155.77815028901733,0.0085214026797416,-0.0062034377187659,0.0,0.0,-2.7215084956485702,1.80518837459634,0.0,1.0,0.0013779725403369,0.16170724376315,0.0,0.0,0.0,4.844444444444444,0.0308622624910254,0.0,0.0,7.7628091903750756,0.0336446948679674,0.0235128659971589,-0.626026794445531,3740100000.0,8418100000.0,2653500000.0,9378500000.0,1242400000.0,2922300000.0,5160550000.0,11.97409268790891,40.14356931989083,69.96393360441152,7.516227103443034,2.241953107926696,1.2863770712046574,0.0395219823950772,0.2984549188343438,2005-01-03,0.29,bmo,9207093103.0,2025-04-25,2004-11-30,0.0689655172413793,43.22754098360656,3588078.721311476
2004-08-31,WBA,USD,1618921,2004-08-31,2004-08-30 20:00:00,2004,Q4,9426700000.0,6812400000.0,2614300000.0,0.2773292881,0,0.0,0.0,2098300000.0,0.0,2098300000.0,8910700000.0,0.0,0.0,0.0,515400000.0,0.0546744884,516000000.0,0.0547381374,7500000.0,523500000.0,0.0555337499,196300000.0,327200000.0,0.0347099197,0.32,0.32,1022600000,1029400000,,,9.218364952082926,0.3199687072168981,0.2536671230197536,-0.0481126540191668,1.6580285546645803,8.046156855075298,8.046156855075298,8.046156855075298,0.0,37273770000.0,35578270000.0,28.47934749388753,3.954063458050007,143.69225134926754,-757.5969512195122,4.530113028682548,4.530113028682548,3.774202000700139,69.03040357004268,137.1560138781804,-723.135569105691,0.0087782910073223,-0.0013199630732281,0.0,0.0,-3.289677920062088,1.9040192255817945,0.0,0.7927872860635696,0.0011885033362603,0.1353911980440098,0.0,0.0,0.0,1.189668465690054,0.0327368007892475,0.0,0.0,7.610956848985125,0.0348127545731855,0.0245238755518246,-0.1686632114218658,3686500000.0,8228000000.0,2650300000.0,9132900000.0,1233700000.0,2459300000.0,4549200000.0,11.1618063585348,34.89739298925489,62.60260701074512,8.06321101702164,2.5789892106757524,1.4376398092263538,0.0397666504618376,0.3017797770389204,2004-09-27,0.31,bmo,9122612903.0,2025-04-25,2004-08-31,0.032258064516129,37.72265625,2498859.375
2004-05-31,WBA,USD,1618921,2004-05-31,2004-05-30 20:00:00,2004,Q3,9578500000.0,7000700000.0,2577800000.0,0.269123558,0,0.0,0.0,2036800000.0,0.0,2036800000.0,9037500000.0,0.0,0.0,0.0,541000000.0,0.0564806598,544700000.0,0.0568669416,6600000.0,551300000.0,0.0575559848,206700000.0,344600000.0,0.0359764055,0.33,0.33,1023300000,1030300000,,,9.360402618977815,0.3367536401837193,0.7386885566305091,0.5242841786377407,1.541092543731066,7.822730382097137,7.822730382097137,7.822730382097137,0.0,36009927000.0,34432927000.0,26.124439204875216,3.759453672286893,47.63847995766636,67.12008760484622,4.498429356652092,4.498429356652092,3.5948141149449286,63.64681515711645,45.55222516205848,64.18066542404473,0.009569583409597,0.0148986694696715,0.0,0.0,-2.9149722735674675,1.9319804388190067,0.0,2.193557748113755,0.0012274393113876,0.1282646546720836,0.0,0.0,0.0,0.2902500330731578,0.0229054653651406,0.0,0.0,7.698862966555987,0.038126195500787,0.0270187625939893,-0.0180543340173947,3563800000.0,8005000000.0,2638600000.0,8819200000.0,1285700000.0,2231700000.0,4439600000.0,12.198882914861407,29.27407259274073,56.04896653191824,7.377724716937534,3.0743928681217336,1.6057387953575852,0.043048094940662,0.2144043779927684,2004-06-21,0.32,bmo,9279171875.0,2025-04-25,2004-05-31,0.03125,36.64515625,2482839.0625
2004-02-29,WBA,USD,1618921,2004-02-29,2004-02-28 19:00:00,2004,Q2,9782200000.0,7076600000.0,2705600000.0,0.2765839995,0,0.0,0.0,2031600000.0,0.0,2031600000.0,9108200000.0,0.0,0.0,0.0,664300000.0,0.0679090593,677000000.0,0.0692073358,16700000.0,693700000.0,0.0709145182,260200000.0,433500000.0,0.0443151847,0.42,0.42,1024200000,1032400000,,,9.551064245264596,0.4232571763327475,0.4957039640695176,0.2927162663542277,1.0810388595977347,7.560144503026753,7.560144503026753,7.560144503026753,0.0,36625392000.0,35518192000.0,21.12191003460207,3.7440853795669686,72.13983060862714,122.16608405603736,4.730068318890367,4.730068318890367,3.630900206497516,53.46709619147976,69.95901516643687,118.47295530353568,0.0118360507923027,0.0081855779181831,0.0,0.0,-1.6667168447990366,1.9122477837602656,0.0,1.1711649365628605,0.0012068130219602,0.1019607843137254,0.0,0.0,0.0,0.4094937955485523,0.0212528878984277,0.0,0.0,8.485129453221061,0.0490668280268313,0.0352450486194673,-0.2292276899043155,3354700000.0,7743100000.0,2475600000.0,8509900000.0,1187050000.0,2361500000.0,4679050000.0,11.713009343501463,27.8053019811774,57.47760223836305,7.6837640405309875,3.2367927548826785,1.565827322210913,0.0559853288734486,0.20298769771529,2004-03-22,0.42,bmo,10015109523.0,2025-04-25,2004-02-29,-0.0238095238095238,34.30080645161291,2893612.935483871
2003-11-30,WBA,USD,1618921,2003-11-30,2003-11-29 19:00:00,2004,Q1,8720800000.0,6420700000.0,2300100000.0,0.2637487386,0,0.0,0.0,1895100000.0,0.0,1895100000.0,8315800000.0,0.0,0.0,0.0,405000000.0,0.0464406935,405000000.0,0.0464406935,2800000.0,407800000.0,0.046761765,152900000.0,254900000.0,0.0292289698,0.25,0.25,1025000000,1032200000,,,8.50809756097561,0.2486829268292683,0.1265365853658536,-0.0720975609756097,0.8469268292682927,7.194829268292683,7.194829268292683,7.194829268292683,0.0,37966000000.0,37097900000.0,37.2361710474696,4.3534996789285385,292.7216653816499,-513.7483085250338,5.148141619320108,5.148141619320108,4.253956059077149,91.59975308641977,286.02852737085584,-502.0013531799729,0.0067139019122372,-0.0019464784280672,0.0,0.0,-2.143456790123457,1.7864390193654718,0.0,0.5088269909768537,0.001164199546963,0.1734013338564143,0.0,0.0,0.0,1.5697764070932922,0.0233464819741308,0.0,0.0,6.344895744668143,0.0308200623763944,0.0210713400016533,-0.5942439024390244,3053900000.0,7374700000.0,2214800000.0,8103600000.0,1059400000.0,2472250000.0,4520700000.0,11.362489679845886,35.55733798495491,67.82484775803262,7.920799273387829,2.531123112705484,1.3269473205613078,0.0345641178624215,0.1986341463414634,2004-01-05,0.25,bmo,8720800000.0,2025-04-25,2003-11-30,0.0,34.439193548387095,3185504.919354839
2003-08-31,WBA,USD,1618921,2003-08-31,2003-08-30 20:00:00,2003,Q4,8246400000.0,6021000000.0,2225400000.0,0.269863213,0,0.0,0.0,1783700000.0,0.0,1783700000.0,7804700000.0,0.0,0.0,0.0,441100000.0,0.0534900078,441700000.0,0.0535627668,3500000.0,445200000.0,0.0539871944,168100000.0,277100000.0,0.0336025417,0.27,0.27,1025000000,1032200000,,,8.045268292682927,0.2703414634146341,0.3764878048780488,0.1598048780487805,0.9922926829268292,7.020195121951219,7.020195121951219,7.020195121951219,0.0,33517500000.000004,32500400000.000004,30.239534464092387,4.0645008731082655,86.8554029541332,204.62454212454216,4.65799018858485,4.65799018858485,3.9411622041133114,73.68034459306281,84.21974604819903,198.41514041514043,0.0082673230402028,0.0048869993287088,0.0,0.0,-2.305826343232827,1.858821809676948,0.0,1.392638036809816,0.001145670172298,0.1385781306387585,0.0,0.0,0.0,0.5755377040684115,0.0269329646876212,0.0,0.0,6.5346477342931655,0.0344280237534128,0.0242944441034902,-0.320390243902439,2937600000.0,7195700000.0,2147900000.0,7877600000.0,1012750000.0,2181800000.0,4111400000.0,11.10811990686845,35.99103139013453,62.82062780269058,8.102181175083514,2.500622975330177,1.4326504390034978,0.0385091096071264,0.2166829268292683,2003-09-29,0.27,bmo,8246400000.0,2025-04-25,2003-08-31,0.0,35.0478125,2780329.703125
2003-05-31,WBA,USD,1618921,2003-05-31,2003-05-30 20:00:00,2003,Q3,8328000000.0,6098000000.0,2230000000.0,0.2677713737,0,0.0,0.0,1769300000.0,0.0,1769300000.0,7867300000.0,0.0,0.0,0.0,448700000.0,0.0538784822,460700000.0,0.0553194044,15000000.0,475700000.0,0.0571205572,179600000.0,296100000.0,0.035554755,0.29,0.29,1024900000,1031100000,,,8.125670797150942,0.2889062347546102,0.4407259244804371,0.2090935701044004,0.8336423065664943,6.800761049858523,6.800761049858523,6.800761049858523,0.0,31556671000.0,30702271000.0,26.643592536305302,3.789225624399616,69.86201239760904,147.254647690154,4.527434470093685,4.527434470093685,3.686631964457253,68.42494094049476,67.97049147664379,143.26771348576762,0.0093831190241835,0.0067909571323286,0.0,0.0,-1.90416759527524,1.8694290233539064,0.0,1.5254981425194192,0.0012168583942203,0.1296859169199594,0.0,0.0,0.0,0.5255700686296214,0.0285062439961575,0.0,0.0,6.648879682966132,0.0370725040244756,0.0270176559149596,-0.3602058737437799,2803300000.0,6970100000.0,2038200000.0,7625700000.0,1032450000.0,1935950000.0,4040050000.0,10.890129682997118,28.865529681862903,59.33240406690719,8.26436439416493,3.117905716330913,1.5168776896097111,0.0424814565070802,0.2316323543760367,2003-06-23,0.29,bmo,8615172413.0,2025-04-25,2003-05-31,-0.0344827586206894,30.9084375,3556678.25
2003-02-28,WBA,USD,1618921,2003-02-28,2003-02-27 19:00:00,2003,Q2,8446100000.0,6098000000.0,2348100000.0,0.2780099691,0,0.0,0.0,1754900000.0,0.0,1754900000.0,7852900000.0,0.0,0.0,0.0,592900000.0,0.0701980796,593200000.0,0.0702335989,2600000.0,595800000.0,0.0705414333,224900000.0,370900000.0,0.043913759,0.36,0.36,1024900000,1031000000,,,8.240901551370866,0.3618889647770514,0.5280515172211923,0.3970143428627183,0.6666016196702117,6.5601522099717045,6.5601522099717045,6.5601522099717045,0.0,28840686000.0,28157486000.0,19.43966433000809,3.4146749387291178,53.29025498891353,70.8790513639715,4.289534617386778,4.289534617386778,3.333785534151857,47.49112160566706,52.02787509238729,69.20001474563774,0.0128603043630792,0.0141085409688243,0.0,0.0,-1.152302243211334,1.8046228710462289,0.0,1.4591534106228097,0.0013314523794614,0.1035319493124831,0.0,0.0,0.0,0.2481522542498152,0.0159008299688613,0.0,0.0,7.308628501370643,0.049479645294137,0.0344981537116441,-0.5090252707581228,2645600000.0,6723500000.0,1905800000.0,7348500000.0,1029350000.0,1953650000.0,4097250000.0,11.265317720604775,28.27959986880945,59.921285667431945,7.989122209610291,3.182506132247795,1.5019704433497536,0.0551647207555588,0.131037174358474,2003-03-24,0.36,bmo,8446100000.0,2025-04-25,2003-02-28,0.0,31.463015873015877,3689428.714285714
2002-11-30,WBA,USD,1618921,2002-11-30,2002-11-29 19:00:00,2003,Q1,7484900000.0,5489200000.0,1995700000.0,0.2666301487,0,0.0,0.0,1643000000.0,0.0,1643000000.0,7132200000.0,0.0,0.0,0.0,336000000.0,0.0448903793,352700000.0,0.047121538,19300000.0,372000000.0,0.0497000628,140400000.0,231600000.0,0.0309422972,0.23,0.22,1024900000,1032400000,,,7.303053956483559,0.225973265684457,0.1099619475070738,-0.0864474582886135,0.2871499658503268,6.244511659674115,6.244511659674115,6.244511659674115,0.0,29506871000.0,29212571000.0,31.851112910189983,3.942186401955938,261.81784383318546,-333.0346613995485,4.61044859375,4.61044859375,3.902867239375276,86.9421755952381,259.20648624667257,-329.71299097065463,0.007849019301301,-0.003002690458097,0.0,0.0,-0.8758928571428571,1.7076010814796607,0.0,0.486614853195164,0.0012607233074628,0.160621761658031,0.0,0.0,0.0,1.7861579414374444,0.0268941468823898,0.0,0.0,5.634677060637783,0.0308699591672365,0.0223379629629629,-0.8345448336423066,2303100000.0,6400000000.0,1589900000.0,6996900000.0,978150000.0,1913800000.0,3889850000.0,12.042245053374128,32.64738031042775,67.78856663994753,7.473689465801298,2.756729610285255,1.327657516023703,0.0361875,0.1964094057956874,2003-01-03,0.2,bmo,7110655000.0,2025-04-25,2002-11-30,0.0499999999999999,29.747540983606555,3190129.573770492
2002-08-31,WBA,USD,1618921,2002-08-31,2002-08-30 20:00:00,2002,Q4,7235300000.0,5299300000.0,1936000000.0,0.2675770182,0,0.0,0.0,1541300000.0,0.0,1541300000.0,6840600000.0,0.0,0.0,0.0,394000000.0,0.0544552403,394700000.0,0.0545519882,3300000.0,398000000.0,0.0550080854,150300000.0,247700000.0,0.0342349315,0.24,0.24,1024900000,1032400000,,,7.059518001756269,0.2416821153283247,0.2851985559566787,0.0484925358571567,0.4389696555761537,6.078836959703386,6.078836959703386,6.078836959703386,0.0,35615275000.0,35165375000.0,35.945977997577714,4.922432380136276,121.84493670886076,716.6051307847082,5.716554043208886,5.716554043208886,4.86025112987713,89.25222081218274,120.30576462538488,707.5528169014085,0.0069548810166424,0.0013954686577599,0.0,0.0,-1.1418781725888325,1.748274228478614,0.0,1.1800565199838515,0.0010416878712855,0.1497779572062979,0.0,0.0,0.0,0.8299692097160452,0.0335300540406064,0.0,0.0,5.749416400038801,0.0354795490828688,0.025073895614852,-0.643965264903893,2211300000.0,6230200000.0,1517900000.0,6802700000.0,976450000.0,1706850000.0,3494250000.0,11.876770831893632,31.18827014888759,61.90779914328307,7.577817343946376,2.8857002831627097,1.4537748271699769,0.039757953195724,0.2367060200995219,2002-09-30,0.25,bmo,7524712000.0,2025-04-25,2002-08-31,-0.04,31.32125,3809851.71875
2002-05-31,WBA,USD,1618921,2002-05-31,2002-05-30 20:00:00,2002,Q3,7397900000.0,5460700000.0,1937200000.0,0.2618580949,0,0.0,0.0,1523100000.0,0.0,1523100000.0,6983800000.0,0.0,0.0,0.0,414100000.0,0.0559753444,414100000.0,0.0559753444,1900000.0,416000000.0,0.056232174,157000000.0,259000000.0,0.0350099353,0.25,0.25,1023600000,1033900000,,,7.2273348964439235,0.2530285267682688,0.5519734271199688,0.3579523251270027,0.279601406799531,5.869089488081282,5.869089488081282,5.869089488081282,0.0,39162936000.0,38876736000.0,37.80206177606177,5.293790940672353,69.31493097345133,106.8857423580786,6.518898728277515,6.518898728277515,5.255104286351532,93.88248249215164,68.80838230088496,106.1046288209607,0.0066133958904409,0.0093557847654731,0.0,0.0,-0.6911374064235691,1.729945155393053,0.0,2.1814671814671813,0.0009473242761982,0.1432432432432432,0.0,0.0,0.0,0.351504424778761,0.0268454561429594,0.0,0.0,5.780446262998009,0.038359926693601,0.0273900169204737,-0.7248681125439624,1996400000.0,6007600000.0,1283000000.0,6593700000.0,982350000.0,1556100000.0,3409800000.0,12.142499898619878,25.99611771384621,55.10227626494771,7.41198276725779,3.4620554111456285,1.6333263542009393,0.0431120580597909,0.194021101992966,2002-06-24,0.25,bmo,7397900000.0,2025-04-25,2002-05-31,0.0,34.81421875,3200540.71875
2002-02-28,WBA,USD,1618921,2002-02-28,2002-02-27 19:00:00,2002,Q2,7488500000.0,5454600000.0,2033900000.0,0.2716031248,0,0.0,0.0,1510500000.0,0.0,1510500000.0,6965100000.0,0.0,0.0,0.0,523400000.0,0.0698938372,523400000.0,0.0698938372,1200000.0,524600000.0,0.0700540829,198000000.0,326600000.0,0.0436135408,0.32,0.32,1022100000,1031800000,,,7.326582526171608,0.3195382056550239,0.6212699344486841,0.3713922316798748,0.0157518833773603,5.636043439976519,5.636043439976519,5.636043439976519,0.1021426474904608,41129304000.0,41217604000.0,31.48293325168402,5.4923287707818655,64.77055748031496,108.349062170706,7.139760441620664,7.139760441620664,5.504120184282566,78.74972105464272,64.9096125984252,108.58167544783984,0.0079408102796974,0.0092294292166966,0.018123112175815,0.0113725490196078,0.1687046236148261,1.6650846962616823,0.0,1.944274341702388,0.0009020332558994,0.1135946111451316,0.0,0.0,0.0,0.4022047244094488,0.0341056286305668,0.0,0.0,6.3656069762110645,0.0497850205506043,0.0355773420479302,-0.9198708541238626,1821800000.0,5760600000.0,1141600000.0,6313400000.0,942050000.0,1696950000.0,3750050000.0,11.617012752887762,25.32559674403256,57.35837641623584,7.747258431615974,3.5537168545182096,1.569082070016972,0.0566954831093983,0.2498777027688093,2002-03-25,0.32,bmo,7488500000.0,2025-04-25,2002-02-28,0.0,38.29921875,2166148.453125
2001-11-30,WBA,USD,1618921,2001-11-30,2001-11-29 19:00:00,2002,Q1,6559400000.0,4861500000.0,1697900000.0,0.2588498948,0,0.0,0.0,1405900000.0,0.0,1405900000.0,6267400000.0,0.0,0.0,0.0,286500000.0,0.0436777754,292000000.0,0.0445162667,6700000.0,298700000.0,0.0455377016,112800000.0,185900000.0,0.0283410068,0.18,0.18,1020100000,1029900000,,,6.430153906479757,0.1822370355847466,-0.018135476914028,-0.2512498774629938,0.0336241544946573,5.322615429859818,5.322615429859818,5.322615429859818,0.6754239780413684,33663300000.0,34318000000.0,45.2707100591716,5.1320700064030245,-1819.637837837838,-131.343347639485,6.199959481361426,6.199959481361426,5.231880964722383,119.78359511343804,-1855.027027027027,-133.8977760436988,0.0055223344116589,-0.0076136326503937,0.1268970089877707,0.0710551012200026,2.2851657940663177,1.4027927554265174,0.0,-0.0995158687466379,0.0010605020898129,0.1920387305002689,0.0,0.0,0.0,-12.854054054054052,0.0362533158520596,0.0,0.0,4.671669647314964,0.0268466235366352,0.019171470706529,-1.5025732771296931,1456700000.0,5429600000.0,806100000.0,5953800000.0,857900000.0,1702900000.0,3753100000.0,12.588803854011037,34.415303918543664,74.49182351126196,7.149209809264305,2.615115653577192,1.208186291565187,0.0342382495948136,0.2331144005489658,2002-01-03,0.17,bmo,6173552941.0,2025-04-25,2001-11-30,0.0588235294117645,37.598,2711225.033333333
2001-08-31,WBA,USD,1618921,2001-08-31,2001-08-30 20:00:00,2001,Q4,6283600000.0,4620000000.0,1663600000.0,0.2647526895,0,0.0,0.0,1325300000.0,0.0,1325300000.0,5945300000.0,0.0,0.0,0.0,338300000.0,0.0538385639,338300000.0,0.0538385639,1500000.0,339800000.0,0.0540772805,122900000.0,216900000.0,0.0345184289,0.21,0.21,1020100000,1029900000,,,6.159788256053328,0.2126262131163611,0.1631212626213116,-0.1614547593373198,0.0165670032349769,5.104597588471719,5.104597588471719,5.104597588471719,0.43201646897363,35040435000.0,35464235000.0,40.38777662517289,5.576490387675855,210.5795372596154,-212.7530965391621,6.729227799969274,6.729227799969274,5.643935801133108,104.83072716523796,213.1264122596154,-215.3262598664238,0.0061899916482201,-0.0047002841146235,0.0846328161007835,0.0498879304489574,1.252734259532959,1.4589918979944216,0.0,0.7671738128169664,0.0010188229683792,0.1645919778699861,0.0,0.0,0.0,1.9897836538461533,0.0526927239162263,0.0,0.0,4.9417459699171244,0.0344796380294615,0.0245534198193302,-1.2447554161356729,1382300000.0,5207200000.0,767300000.0,5727600000.0,792050000.0,1496100000.0,3373100000.0,11.434050544273983,30.13246753246753,67.83896103896103,7.871226356006514,2.986811481768813,1.326671261199173,0.0416538638807804,0.3245760219586315,2001-10-01,0.21,bmo,6283600000.0,2025-04-25,2001-08-31,0.0,33.56265625,2680809.421875
2001-05-31,WBA,USD,1618921,2001-05-31,2001-05-30 20:00:00,2001,Q3,6296200000.0,4644600000.0,1651600000.0,0.2623169531,0,0.0,0.0,1306100000.0,0.0,1306100000.0,5950700000.0,0.0,0.0,0.0,345500000.0,0.0548743687,345500000.0,0.0548743687,0.0,345500000.0,0.0548743687,132100000.0,213400000.0,0.0338934595,0.21,0.21,1018000000,1030900000,,,6.184872298624755,0.2096267190569744,0.2419449901768172,-0.0225933202357563,0.0969548133595284,4.916601178781925,4.916601178781925,4.916601178781925,0.3514734774066798,40913420000.0,41172520000.0,47.930435801312086,6.4981131476128455,166.11213966707268,-1778.844347826087,8.174346166909752,8.174346166909752,6.539264953463994,119.16793053545588,167.16410881039383,-1790.1095652173913,0.0052158924871105,-0.0005621627329125,0.0714870831751613,0.0423612426595946,0.7499276410998553,1.5069678380199285,0.0,1.1541705716963448,0.0008676859573215,0.1663542642924086,0.0,0.0,0.0,1.0933820544051969,0.0427718306279978,0.0,0.0,4.815562990496899,0.0356611687638909,0.0252652017427543,-1.1015225933202355,1429700000.0,5005100000.0,808500000.0,5525000000.0,779950000.0,1440200000.0,3235150000.0,11.23248943807376,28.008009301123888,63.24376695517376,8.01247136675999,3.213366542133665,1.4230651387952693,0.0426365107590257,0.2645383104125737,2001-06-25,0.22,bmo,6582390909.0,2025-04-25,2001-05-31,-0.0454545454545455,34.225254237288134,3095189.86440678
2001-02-28,WBA,USD,1618921,2001-02-28,2001-02-27 19:00:00,2001,Q2,6429000000.0,4658200000.0,1770800000.0,0.2754394152,0,0.0,0.0,1313900000.0,0.0,1313900000.0,5972100000.0,0.0,0.0,0.0,434800000.0,0.0676310468,456900000.0,0.0710685954,22900000.0,479800000.0,0.0746305802,182900000.0,296900000.0,0.0461813657,0.29,0.29,1015800000,1029500000,,,6.329001772002362,0.2922819452648159,0.4203583382555621,0.1350659578657216,0.0734396534750935,4.7230754085449895,4.7230754085449895,4.7230754085449895,0.3197479818861981,45020256000.0,45270456000.0,37.90860222297069,7.002684087727485,105.43385480093676,328.1359766763848,9.383716364091129,9.383716364091129,7.0416014932337845,104.1178840846366,106.01980327868851,329.9595918367347,0.0065948092343144,0.0030475170998583,0.0676991058215394,0.0397265132890568,0.5754369825206992,1.4971042123817404,0.0,1.4381946783428765,0.0007907551658524,0.1199056921522398,0.0,0.0,0.0,0.6786885245901639,0.0450769948670088,0.0,0.0,5.573200833537561,0.0494213206989883,0.0363140449369488,-1.102357747588108,1381900000.0,4797700000.0,783600000.0,5296300000.0,746550000.0,1486850000.0,3233650000.0,10.83667755482968,27.72530161865098,61.95204156111803,8.30512853636481,3.2461324041811848,1.4527366287229069,0.0618838193300956,0.2852923803898405,2001-03-26,0.28,bmo,6429000000.0,2025-04-25,2001-02-28,0.0,40.49920634920635,2801066.73015873
2000-11-30,WBA,USD,1618921,2000-11-30,2000-11-29 19:00:00,2001,Q1,5614200000.0,4126100000.0,1488100000.0,0.2650600264,0,0.0,0.0,1230500000.0,0.0,1230500000.0,5356600000.0,0.0,0.0,0.0,257600000.0,0.0458836522,257600000.0,0.0458836522,0.0,257600000.0,0.0458836522,99200000.0,158400000.0,0.0282141712,0.16,0.15,1012400000,1026200000,,,5.545436586329514,0.1564598972738048,-0.1190241011457921,-0.4615764519952588,0.0140260766495456,4.380383247728171,4.380383247728171,4.380383247728171,0.4555511655472145,45112544000.0,45559544000.0,71.20035353535354,8.03543585907164,-374.3779585062241,-96.53872030815322,10.172625882246829,10.172625882246829,8.115055395247765,176.86158385093168,-378.0875020746888,-97.4952792638562,0.0035112185205072,-0.0103585379711682,0.1039980156493111,0.0582970977854181,1.735248447204969,1.4115249084502175,0.0,-0.7607323232323232,0.0007558873203869,0.2152777777777778,0.0,0.0,0.0,-2.8780082987551867,0.0617719354493961,0.0,0.0,3.926890887405393,0.0289167183905947,0.0200222469410456,-1.2768174634531806,1191200000.0,4434700000.0,609300000.0,4897100000.0,666750000.0,1451350000.0,3045800000.0,11.526130169926258,33.562686313952646,71.1257604032864,7.808344923504868,2.6815493598492237,1.265364327772326,0.0357183123999368,0.3425523508494666,2001-01-02,0.15,bmo,5614200000.0,2025-04-25,2000-11-30,0.0,41.115967741935485,2803571.0483870967
2000-08-31,WBA,USD,1618921,2000-08-31,2000-08-30 20:00:00,2000,Q4,5380800000.0,3676400000.0,1704400000.0,0.3167558727,0,0.0,0.0,1164400000.0,230100000.0,1394500000.0,5070900000.0,0.0,0.0,0.0,309900000.0,0.0575936664,309900000.0,0.0575936664,34900000.0,344800000.0,0.0640796908,128200000.0,216600000.0,0.0402542373,0.21,0.21,1012400000,1026200000,,,5.314895298301066,0.2139470564994073,0.3399841959699723,0.0029632556301856,0.0126432240221256,4.182141446068748,4.182141446068748,4.182141446068748,0.0,33287712000.000004,33274912000.000004,38.42072022160665,6.186387154326495,96.71037768739104,11095.904,7.862000944733113,7.862000944733113,6.184008325899495,107.37306227815424,96.67319000581058,11091.637333333334,0.0065069056112958,9.012334641683992e-05,0.0,0.0,-0.0413036463375282,1.5410426704866085,0.0,1.5891043397968605,0.0010244020376047,0.157433056325023,0.0,0.0,0.0,0.991284137129576,0.0634106452572108,0.0,0.0,4.486872984121361,0.0405575333526682,0.030491152497994,-0.9686141841169498,1246400000.0,4234000000.0,680400000.0,4674600000.0,618850000.0,1281750000.0,2713000000.0,10.27821141837645,33.39136111413339,69.2993145468393,8.756387306753458,2.695307917888563,1.2987141444114738,0.0511572980632971,0.3370209403397866,2000-10-02,0.19,bmo,5380800000.0,2025-04-25,2000-08-31,0.0,41.30015873015873,2444736.507936508
2000-05-31,WBA,USD,1618921,2000-05-31,2000-05-30 20:00:00,2000,Q3,5394100000.0,3943100000.0,1451000000.0,0.2689976085,0,0.0,0.0,1138200000.0,0.0,1138200000.0,5081300000.0,0.0,0.0,0.0,312800000.0,0.0579892846,312800000.0,0.0579892846,2100000.0,314900000.0,0.0583785988,121300000.0,193600000.0,0.0358910662,0.2,0.19,1008300000,1020300000,,,5.349697510661509,0.1920063473172666,0.3153823266884856,0.0309431716750966,0.046613111177229,3.9952395120499857,3.9952395120499857,3.9952395120499857,0.0,28615554000.0,28568554000.0,36.95190340909091,5.304972840696316,89.98601886792451,917.1651923076925,7.1034539767649685,7.1034539767649685,5.296259616988932,91.33169437340152,89.83822012578617,915.658782051282,0.0067655513501503,0.0010903161266771,0.0,0.0,-0.1502557544757033,1.6209817970565452,0.0,1.6425619834710743,0.0011846704068703,0.1751033057851239,0.0,0.0,0.0,0.9018867924528302,0.0531692033888878,0.0,0.0,4.15451624990715,0.0421268178461703,0.0291979609688414,-0.7836953287711991,1282700000.0,4028400000.0,746100000.0,4460800000.0,625050000.0,1141350000.0,2614500000.0,10.398027474462838,27.37820496563617,59.23461236083285,8.65548780487805,3.28728636932055,1.5193819358816276,0.048058782643233,0.2844391550133888,2000-06-26,0.18,bmo,5094427777.0,2025-04-25,2000-05-31,0.0555555555555556,33.91619047619047,1927931.746031746
2000-02-29,WBA,USD,1618921,2000-02-29,2000-02-28 19:00:00,2000,Q2,5608800000.0,4065300000.0,1543500000.0,0.2751925546,0,0.0,0.0,1152300000.0,0.0,1152300000.0,5217600000.0,0.0,0.0,0.0,391200000.0,0.0697475396,391200000.0,0.0697475396,1100000.0,392300000.0,0.06994366,153400000.0,238900000.0,0.0425937812,0.23,0.23,1006400000,1019400000,,,5.573131955484897,0.2373807631160572,0.3622813990461049,0.089527027027027,0.011724960254372,3.81120826709062,3.81120826709062,3.81120826709062,0.0070548489666136,25975184000.0,25970484000.0,27.18206781079949,4.631148195692483,71.24296215030171,288.29283018867926,6.772130566273855,6.772130566273855,4.630310226786478,66.38671779141104,71.23007131102578,288.2406659267481,0.009197239950254,0.0034686953516864,0.0018510793617686,0.0011068327435421,-0.0120143149284253,1.6356143003462909,0.0,1.5261615738802847,0.0013089416421458,0.1423189619087484,0.0,0.0,0.0,0.7528798683488754,0.0489409499358151,0.0,0.0,4.511753467756682,0.0544961981019213,0.0372425834411585,-0.7752633147853736,1303200000.0,3835600000.0,774400000.0,4270900000.0,596150000.0,1248450000.0,2795450000.0,10.059370988446728,23.98051804294886,58.3086119105601,8.946881480299888,3.753046528803545,1.5435112764826486,0.0622849097924705,0.2727543720190779,2000-03-27,0.24,bmo,5842499999.0,2025-04-25,2000-02-29,-0.0416666666666665,28.153809523809525,1934187.3015873013
1999-11-30,WBA,USD,1618921,1999-11-30,1999-11-29 19:00:00,2000,Q1,4823200000.0,3551000000.0,1272200000.0,0.2637667938,0,0.0,0.0,1062000000.0,0.0,1062000000.0,4613000000.0,0.0,0.0,0.0,210200000.0,0.043581025,210200000.0,0.043581025,1100000.0,211300000.0,0.0438090894,83500000.0,127800000.0,0.0264969315,0.13,0.13,1004700000,1017500000,,,4.800637006071464,0.1272021498954912,-0.0548422414651139,-0.2704289837762516,0.0119438638399522,3.5843535383696628,3.5843535383696628,3.5843535383696628,0.0975415546929431,29266911000.0,29352911000.0,57.25139084507042,6.067944725493448,-531.1599092558984,-107.71774383511226,8.126988503832056,8.126988503832056,6.085775211477857,139.64277354900096,-532.7207078039927,-108.03426941479572,0.0043667061412801,-0.0092835215851785,0.0272131511718316,0.015141215005253,0.4091341579448144,1.5363909965664873,0.0,-0.4311424100156494,0.0011138859171027,0.2550860719874804,0.0,0.0,0.0,-3.931034482758621,0.0449079449328246,0.0,0.0,3.202903871721406,0.0301889416603418,0.0197453803844014,-0.9521250124415248,1265400000.0,3601200000.0,753300000.0,4020600000.0,525950000.0,1272000000.0,2709850000.0,10.550257090728149,35.83018867924529,74.94762038862292,8.530597806862398,2.511848341232227,1.2008386594974807,0.0354881706097967,0.2155867423111376,2000-01-03,0.13,bmo,4823200000.0,2025-04-25,1999-11-30,0.0,27.59206349206349,2413152.380952381
1999-08-31,WBA,USD,1618921,1999-08-31,1999-08-30 20:00:00,1999,Q4,4560000000.0,3103700000.0,1456300000.0,0.3193640351,0,0.0,0.0,985800000.0,210100000.0,1195900000.0,4299600000.0,0.0,0.0,0.0,260400000.0,0.0571052632,260400000.0,0.0571052632,3900000.0,264300000.0,0.0579605263,103700000.0,160600000.0,0.0352192982,0.16,0.16,1004700000,1017500000,,,4.538668259181845,0.1598487110580272,0.1043097442022494,-0.1059022593809097,0.1411366577087688,3.468000398128795,3.468000398128795,3.468000398128795,0.0,23298993000.0,23157193000.0,36.26866905354919,5.109428289473684,222.3186354961832,-218.9754981203008,6.686850443417616,6.686850443417616,5.078331798245614,88.92931259600614,220.96558206106872,-217.64279135338347,0.0068930017705057,-0.0045667209737347,0.0,0.0,-0.5445468509984639,1.6746543299719303,0.0,0.6525529265255293,0.0013949100718644,0.2023661270236612,0.0,0.0,0.0,2.015267175572519,0.0463157894736842,0.0,0.0,3.5317129492310526,0.0397273828021146,0.0271894628134152,-0.6812232507216084,1297900000.0,3484300000.0,799300000.0,3891800000.0,500650000.0,1062300000.0,2312800000.0,9.601973684210527,32.77604149885621,71.40960788736025,9.373072970195272,2.7459081659736357,1.2603346057012914,0.0460924719455844,0.2102120035831591,1999-10-04,0.16,bmo,4560000000.0,2025-04-25,1999-08-31,0.0,27.44125,2077789.0625
1999-05-31,WBA,USD,1618921,1999-05-31,1999-05-30 20:00:00,1999,Q3,4571400000.0,3330700000.0,1240700000.0,0.2714048213,0,0.0,0.0,984400000.0,0.0,984400000.0,4315100000.0,0.0,0.0,0.0,256300000.0,0.0560659754,256300000.0,0.0560659754,5900000.0,262200000.0,0.0573566085,102900000.0,159300000.0,0.0348470928,0.16,0.16,1001700000,1015600000,,,4.563641808924828,0.1590296495956873,0.1446540880503144,-0.0508136168513527,0.2548667265648398,3.3326345213137665,3.3326345213137665,3.3326345213137665,0.0,23790375000.0,23535075000.0,37.335805084745765,5.204177057356609,164.18478260869566,-467.3944007858546,7.126494023904383,7.126494023904383,5.148329833311458,91.82627779945376,162.4228778467909,-462.3786836935167,0.0066959852461342,-0.0021395207095306,0.0,0.0,-0.9960983222785798,1.7009657197718415,0.0,0.9096045197740112,0.0013618953042984,0.2033898305084746,0.0,0.0,0.0,1.3512767425810903,0.0428315176969856,0.0,0.0,3.4532192593995443,0.040745073193672,0.0284850869036549,-0.5302984925626435,1241200000.0,3338300000.0,757800000.0,3684400000.0,497500000.0,1019850000.0,2151400000.0,10.135188344927156,26.86732518689765,58.44717326688084,8.87995337995338,3.349793824801368,1.5398520573277854,0.0477188988407273,0.1954677049016671,1999-06-28,0.15,bmo,4266639999.0,2025-04-25,1999-05-31,0.0666666666666667,26.21359375,1794487.5
1999-02-28,WBA,USD,1618921,1999-02-28,1999-02-27 19:00:00,1999,Q2,4691000000.0,3392400000.0,1298600000.0,0.2768279685,0,0.0,0.0,968600000.0,0.0,968600000.0,4361000000.0,0.0,0.0,0.0,330000000.0,0.0703474739,330000000.0,0.0703474739,1000000.0,331000000.0,0.070560648,130800000.0,200200000.0,0.0426774675,0.2,0.2,999000000,1013600000,,,4.695695695695696,0.2004004004004004,0.3648648648648648,0.2214214214214214,0.2638638638638638,3.1464464464464466,3.1464464464464466,3.1464464464464466,0.0,30849120000.0,30585520000.0,38.52287712287712,6.576235344276274,84.63407407407408,139.4625678119349,9.814246174402696,9.814246174402696,6.520042634832659,92.68339393939394,83.91089163237311,138.27088607594936,0.0064896502720336,0.0071703828180512,0.0,0.0,-0.7987878787878788,1.6903567764732703,0.0,1.8206793206793208,0.0010599978216558,0.1633366633366633,0.0,0.0,0.0,0.3931412894375857,0.0305478575996589,0.0,0.0,3.766610594870594,0.0545640148067638,0.0369877692790895,-0.5762262262262262,1211300000.0,3143300000.0,696600000.0,3519900000.0,457600000.0,1047700000.0,2188900000.0,9.212960989128115,27.73434736469756,56.76865935620799,9.768846314035818,3.245073656016836,1.5853818113842415,0.063691025355518,0.1434434434434434,1999-03-29,0.2,bmo,4691000000.0,2025-04-25,1999-02-28,0.0,26.25333333333333,2779358.8253968256
1998-11-30,WBA,USD,1618921,1998-11-30,1998-11-29 19:00:00,1999,Q1,4016400000.0,2941700000.0,1074700000.0,0.2675779305,0,0.0,0.0,906000000.0,0.0,906000000.0,3847700000.0,0.0,0.0,0.0,170000000.0,0.0423264615,170000000.0,0.0423264615,1000000.0,171000000.0,0.0425754407,67000000.0,104000000.0,0.0258938353,0.05,0.05,1994400000,2022400000,,,2.0138387484957883,0.0521460088247091,0.005515443241075,-0.0676895306859205,0.0566586442037705,1.4751303650220615,1.4751303650220615,1.4751303650220615,0.0501403931006819,53729136000.0,53716136000.0,129.15657692307693,13.37743651030774,4884.466909090909,-397.9936,18.262792658055744,18.262792658055744,13.374199780898318,315.9772705882353,4883.285090909091,-397.8973037037037,0.0019356350714442,-0.0025126032177401,0.0339904826648538,0.0190839694656488,-0.0764705882352941,1.609715242881072,0.0,0.1057692307692307,0.0005769681462958,0.2980769230769231,0.0,0.0,0.0,13.272727272727272,0.0363509610596554,0.0,0.0,1.3155791968638113,0.029132660711608,0.0198473282442748,-0.3709135579622944,1092000000.0,2942000000.0,585000000.0,3314000000.0,404000000.0,978450000.0,2132500000.0,9.747535106065133,32.124281877825744,68.47061223102288,9.233103448275862,2.8016190476190475,1.314432529043789,0.0353501019714479,0.0732049739269955,1999-01-04,0.1,bmo,3614400000.0,2025-04-25,1998-11-30,0.0999999999999999,29.78918032786885,2476575.409836065
1998-08-31,WBA,USD,1618921,1998-08-31,1998-08-30 20:00:00,1998,Q4,3841000000.0,2609000000.0,1232000000.0,0.3207498047,0,0.0,0.0,834000000.0,189000000.0,1023000000.0,3632000000.0,0.0,0.0,0.0,209000000.0,0.0544129133,209000000.0,0.0544129133,40000000.0,249000000.0,0.064826868,97000000.0,152000000.0,0.0395730279,0.076,0.075,1996000000,2024000000,,,1.9243486973947896,0.0761523046092184,0.0731462925851703,-0.0165330661322645,0.0721442885771543,1.4273547094188377,1.4273547094188377,1.4273547094188377,0.0,38303240000.0,38159240000.0,62.99875,9.972205154907575,262.3509589041096,-1160.7042424242425,13.444450684450684,13.444450684450684,9.934714917990108,182.5800956937799,261.3646575342466,-1156.340606060606,0.0039683327050139,-0.0008615459162201,0.0,0.0,-0.6889952153110048,1.660126582278481,0.0,0.9605263157894736,0.0008093310122068,0.2039473684210526,0.0,0.0,0.0,1.226027397260274,0.0466024472793543,0.0,0.0,1.5638631298435233,0.0384052767360834,0.0310077519379844,-0.3084919839679358,1043000000.0,2849000000.0,570000000.0,3187000000.0,380500000.0,850950000.0,1932500000.0,8.739911481385056,31.28440015331545,69.92334227673439,10.297587131367292,2.8768331679347225,1.2871238283177109,0.0533520533520533,0.0896793587174348,1998-10-05,0.13,bmo,3841000000.0,2025-04-25,1998-08-31,0.0,25.806875,1967853.125
1998-05-31,WBA,USD,1618921,1998-05-31,1998-05-30 20:00:00,1998,Q3,3887500000.0,2840800000.0,1046700000.0,0.2692475884,0,0.0,0.0,842700000.0,0.0,842700000.0,3683500000.0,0.0,0.0,0.0,204000000.0,0.0524758842,204000000.0,0.0524758842,2000000.0,206000000.0,0.0529903537,79000000.0,127000000.0,0.0326688103,0.065,0.065,1987000000,2014200000,,,1.95646703573226,0.0639154504277805,0.1016607951685958,0.03472571716155,0.0558631102164066,1.3598389531957724,1.3598389531957724,1.3598389531957724,0.0,35944830000.0,35833830000.0,70.75753937007875,9.24625852090032,177.94470297029704,520.9395652173913,13.303045891931903,13.303045891931903,9.217705466237945,175.6560294117647,177.39519801980197,519.3308695652174,0.0035331923951233,0.0019196084666417,0.0,0.0,-0.5441176470588235,1.6817234190410006,0.0,1.5905511811023625,0.0008902532019208,0.2519685039370078,0.0,0.0,0.0,0.6584158415841584,0.0342122186495176,0.0,0.0,1.3984209602483302,0.040040429892156,0.0277292576419213,-0.2803220936084549,981000000.0,2702000000.0,542000000.0,3008000000.0,377500000.0,825500000.0,1888500000.0,8.982636655948552,25.186567164179102,58.23007603491974,10.019329896907216,3.5733333333333333,1.5455930359085963,0.0470022205773501,0.0669350780070458,1998-06-29,0.13,bmo,3887000000.0,2025-04-25,1998-05-31,0.0,22.554375,1687534.375
1998-02-28,WBA,USD,1618921,1998-02-28,1998-02-27 19:00:00,1998,Q2,4093400000.0,2960700000.0,1132700000.0,0.2767137343,0,0.0,0.0,854200000.0,0.0,854200000.0,3814900000.0,0.0,0.0,0.0,279000000.0,0.068158499,279000000.0,0.068158499,0.0,279000000.0,0.068158499,108000000.0,171000000.0,0.0417745639,0.085,0.085,1982400000,2009800000,,,2.064870863599677,0.0862590799031477,0.1200564971751412,0.0287530266343825,0.0176553672316384,1.3075060532687652,1.3075060532687652,1.3075060532687652,0.0,36357216000.0,36322216000.0,53.15382456140351,8.881911369521669,152.76141176470588,637.8458947368421,14.026703703703705,14.026703703703705,8.873361020178825,130.1871541218638,152.61435294117646,637.2318596491228,0.0047033304200189,0.0015677768066729,0.0,0.0,-0.1254480286738351,1.6262558606831885,0.0,1.391812865497076,0.0008251456877226,0.175438596491228,0.0,0.0,0.0,0.7605042016806722,0.0442175208872819,0.0,0.0,1.592999075725436,0.0568295114656031,0.0379831186139493,-0.3179227199354318,935000000.0,2592000000.0,518000000.0,2876000000.0,360000000.0,921500000.0,2000500000.0,8.069086822690183,26.0208734420914,58.94214206099909,11.15367847411444,3.4587616822429905,1.526921093347086,0.0659722222222222,0.0913034705407586,1998-03-30,0.17,bmo,4094000000.0,2025-04-25,1998-02-28,0.0,18.159523809523808,1507844.4444444445
1997-11-30,WBA,USD,1618921,1997-11-30,1997-11-29 19:00:00,1998,Q1,3485000000.0,2541000000.0,944000000.0,0.2708751793,0,0.0,0.0,801000000.0,0.0,801000000.0,3342000000.0,0.0,0.0,0.0,143000000.0,0.0410329986,143000000.0,0.0410329986,0.0,143000000.0,0.0410329986,56000000.0,61000000.0,0.0175035868,0.03,0.03,1976000000,2004000000,,,1.763663967611336,0.0308704453441295,-0.0075910931174089,-0.0824898785425101,0.0070850202429149,1.2282388663967612,1.2282388663967612,1.2282388663967612,0.0177125506072874,32722560000.0,32743560000.0,134.1088524590164,9.389543758967,-2181.504,-200.7519018404908,13.482719406674908,13.482719406674908,9.395569583931133,228.97594405594404,-2182.9039999999995,-200.880736196319,0.001864157327544,-0.0049812728588472,0.0144210960032962,0.0078598697507298,0.1468531468531468,1.554798761609907,0.0,-0.1724137931034483,0.0009167986856774,0.4918032786885246,0.0,0.0,0.0,-9.866666666666667,0.042467718794835,0.0,0.0,0.923642960174184,0.0302819352593108,0.0136986301369863,-0.3624746963562753,896000000.0,2427000000.0,485000000.0,2708000000.0,364500000.0,900000000.0,1897500000.0,9.116212338593972,34.95867768595041,73.03423848878394,9.872521246458923,2.574468085106383,1.2322987390882638,0.0251339101771734,0.0748987854251012,1998-01-05,0.09,bmo,3485000000.0,2025-04-25,1997-11-30,0.0,17.29590163934426,1543731.1475409835
1997-08-31,WBA,USD,1618921,1997-08-31,1997-08-30 20:00:00,1997,Q4,3303100000.0,2226800000.0,1076300000.0,0.3258454179,0,0.0,0.0,741300000.0,164000000.0,905300000.0,3132100000.0,0.0,0.0,0.0,169300000.0,0.0512548818,171000000.0,0.0517695498,1300000.0,172300000.0,0.0521631195,66900000.0,105400000.0,0.0319094184,0.053,0.053,1976000000,2004000000,,,1.6716093117408908,0.0533400809716599,0.0729251012145749,-0.0262145748987854,0.0369433198380566,1.200910931174089,1.200910931174089,1.200910931174089,0.0,26992160000.0,26919160000.0,64.02314990512335,8.171765916865974,187.3154753643303,-521.0841698841699,11.374698693636748,11.374698693636748,8.149665465774575,159.00271707028944,186.8088827203331,-519.6749034749034,0.0039048375528301,-0.001919075761258,0.0,0.0,-0.4311872415829887,1.616400277970813,0.0,1.3671726755218216,0.0011040242796426,0.2827324478178368,0.0,0.0,0.0,1.359472588480222,0.0593079228603433,0.0,0.0,1.200531316519062,0.0377907366838992,0.025053482291419,-0.3099696356275304,887000000.0,2373000000.0,492000000.0,2641000000.0,359450000.0,770400000.0,1692450000.0,10.244921437437558,32.85881084964972,70.04221304113526,8.784840425531915,2.7389913899139,1.284939411425274,0.0444163506110408,0.0991396761133603,1997-09-29,0.11,bmo,3303100000.0,2025-04-25,1997-08-31,0.0,14.98578125,1657268.75
1997-05-31,WBA,USD,1618921,1997-05-31,1997-05-30 20:00:00,1997,Q3,3403300000.0,2470600000.0,932700000.0,0.2740575324,0,0.0,0.0,757400000.0,0.0,757400000.0,3228000000.0,0.0,0.0,0.0,173700000.0,0.0510386977,175300000.0,0.0515088297,1200000.0,176500000.0,0.0518614286,68400000.0,108100000.0,0.0317632886,0.0275,0.0275,984564000,984564000,,,3.4566569567849323,0.1097947924157291,0.2337075091106317,0.1176155130595878,0.1398588613843285,2.306706318736009,2.306706318736009,2.306706318736009,0.0,11509553160.0,11371853160.0,26.617838020351527,3.3818802809038284,50.01978774445893,99.39165077720207,5.067831958081987,5.067831958081987,3.341419551611671,65.46835440414507,49.42135228161669,98.20253160621762,0.0093921978114396,0.0100612072762692,0.0,0.0,-0.7927461139896373,1.7043666100910353,0.0,2.1285846438482885,0.0025717766440204,0.2738205365402405,0.0,0.0,0.0,0.4967405475880052,0.0335850498046014,0.0,0.0,2.3871421579301884,0.0397972579482978,0.0270655983975963,-0.5099465347097801,913000000.0,2271100000.0,486300000.0,2524100000.0,343650000.0,721850000.0,1684550000.0,9.067963447242382,26.51258803529507,60.17607059014004,9.925051035287256,3.3946139049189337,1.495611114474242,0.0475980802254414,0.1160919960510439,1997-06-30,0.11,bmo,3403300000.0,2025-04-25,1997-05-31,0.0,13.92515625,1959093.75
1997-02-28,WBA,USD,1618921,1997-02-28,1997-02-27 19:00:00,1997,Q2,3602600000.0,2596500000.0,1006100000.0,0.2792705268,0,0.0,0.0,766600000.0,0.0,766600000.0,3363100000.0,0.0,0.0,0.0,237700000.0,0.0659801255,239500000.0,0.0664797646,1200000.0,240700000.0,0.0668128574,93300000.0,147400000.0,0.0409148948,0.0375,0.0375,984564000,984564000,,,3.6590815833201296,0.1497109380395789,0.1742903457774202,0.0927314019200377,0.0212276703190447,2.232358688719068,2.232358688719068,2.232358688719068,0.0,10524989160.0,10504089160.0,17.8510670963365,2.9214981291289623,61.33443566433567,115.27918028477546,4.788656972564721,4.788656972564721,2.9156967634486204,44.19053075305006,61.2126407925408,115.05026462212486,0.0140047650177342,0.0086745932572532,0.0,0.0,-0.0879259570887673,1.688071244434029,0.0,1.1633898305084749,0.0028028532430336,0.200135685210312,0.0,0.0,0.0,0.4679487179487179,0.0222894576139454,0.0,0.0,2.742205599494877,0.0557407811386243,0.0376856799529568,-0.5846242600785728,880800000.0,2197900000.0,447500000.0,2423700000.0,335400000.0,809100000.0,1781350000.0,8.603786154444013,24.81455805892548,59.52166377816291,10.460511033681763,3.626903198770778,1.5120545073375262,0.0670640156513035,0.0815589438573825,1997-03-31,0.15,bmo,3602600000.0,2025-04-25,1997-02-28,0.0,11.56296875,1470018.75
1996-11-30,WBA,USD,1618921,1996-11-30,1996-11-29 19:00:00,1997,Q1,3054000000.0,2224000000.0,830000000.0,0.2717747217,0,0.0,0.0,707700000.0,0.0,707700000.0,2931700000.0,0.0,0.0,0.0,121500000.0,0.03978389,122300000.0,0.0400458415,200000.0,122500000.0,0.0401113294,47500000.0,75000000.0,0.0245579568,0.02,0.02,984564000,984564000,,,3.1018806293953465,0.0761758504271941,0.1058336481935151,0.0098520766552504,0.0305719079714472,2.114844743460049,2.114844743460049,2.114844743460049,0.0426584762392287,10278848160.0,10290748160.0,34.2628272,3.3657001178781925,98.64537581573896,1059.6750680412372,4.936532590529247,4.936532590529247,3.369596647020302,84.6975157201646,98.7595792706334,1060.9018721649484,0.0072965373972408,0.0009436855033764,0.020170973009317,0.010634526763559,0.0979423868312757,1.5713596581903384,0.0,1.3893333333333333,0.0026364821795363,0.3613333333333333,0.0,0.0,0.0,0.9069097888675623,0.030943025540275,0.0,0.0,1.9038781944303549,0.0294758693935394,0.0189902263634982,-0.6800472087137047,829100000.0,2082200000.0,413000000.0,2331100000.0,307450000.0,797050000.0,1738750000.0,9.6188605108055,36.51393884892087,74.6830035971223,9.356617647058824,2.4648121467361186,1.2050934706041725,0.0360195946594947,0.0959815715382646,1997-01-06,0.07,bmo,2617714285.0,2025-04-25,1996-11-30,0.1428571428571427,10.479180327868852,1614681.9672131147
1996-08-31,WBA,USD,1618921,1996-08-31,1996-08-30 20:00:00,1996,Q4,2917700000.0,1958300000.0,959400000.0,0.3288206464,0,0.0,0.0,666500000.0,147300000.0,813800000.0,2772100000.0,0.0,0.0,0.0,144400000.0,0.0494910375,145600000.0,0.0499023203,900000.0,146500000.0,0.0502107825,56800000.0,89700000.0,0.0307433938,0.091,0.091,984564000,984564000,,,2.9634437172189925,0.0911063171109242,0.1060367837946542,-0.0172665260968306,0.0089379664501241,2.0751317334373387,2.0751317334373387,2.0751317334373387,0.0,8093116080.000001,8084316080.000001,22.556064882943147,2.7737999383075715,77.52026896551725,-476.06565176470593,3.961194302775195,3.961194302775195,2.770783864002468,55.98556842105264,77.4359777777778,-475.5480047058824,0.0110834935658058,-0.0021005506200523,0.0,0.0,-0.0609418282548476,1.7081218274111676,0.0,1.1638795986622072,0.0033361686318479,0.3010033444816054,0.0,0.0,0.0,1.1628352490421456,0.0416081159817664,0.0,0.0,2.0624733257556063,0.0363635756157293,0.0246862615587846,-0.5579373204789125,837000000.0,2043100000.0,428500000.0,2285400000.0,294750000.0,661750000.0,1581950000.0,8.899132878637284,31.793902874942557,75.00382985242302,10.113344887348353,2.8307314252674183,1.199938725490196,0.0439038715677157,0.1233033098914849,1996-09-30,0.09,bmo,2917700000.0,2025-04-25,1996-08-31,0.0,9.83953125,1694862.5
1996-05-31,WBA,USD,1618921,1996-05-31,1996-05-30 20:00:00,1996,Q3,2988800000.0,2165600000.0,823200000.0,0.2754282655,0,0.0,0.0,674900000.0,0.0,674900000.0,2840500000.0,0.0,0.0,0.0,146700000.0,0.0490832441,148300000.0,0.049618576,1200000.0,149500000.0,0.0500200749,57900000.0,91600000.0,0.0306477516,0.025,0.025,984564000,984564000,,,3.0356584234239725,0.0930361053217464,0.077699367435738,-0.0076175850427194,0.0488541120739738,2.01754279051438,2.01754279051438,2.01754279051438,0.0,7846975080.0,7798875080.0,21.41641670305677,2.6254600776231265,102.57483764705884,-1046.263344,3.9503499194522753,3.9503499194522753,2.609366662205568,53.16206598500341,101.9460794771242,-1039.8500106666668,0.0116732879952003,-0.0009557823140174,0.0,0.0,-0.3278800272665303,1.781487513572204,0.0,0.8360655737704918,0.0034535600946498,0.2958515283842794,0.0,0.0,0.0,1.0980392156862746,0.0281049250535331,0.0,0.0,2.055078412095774,0.037874515094777,0.0261393145564021,-0.4855956545232204,863700000.0,1986400000.0,451000000.0,2238400000.0,297500000.0,652400000.0,1560800000.0,9.063838329764454,26.25277059475433,63.66411156261544,9.929568106312292,3.4282095931613106,1.4136692995626343,0.0461135722915827,0.0853169524784574,1996-06-24,0.09,bmo,,2025-04-25,1996-05-31,0.0,8.45390625,1377125.0
1996-02-29,WBA,USD,1618921,1996-02-29,1996-02-28 19:00:00,1996,Q2,3179100000.0,2289800000.0,889300000.0,0.2797332578,0,0.0,0.0,682900000.0,0.0,682900000.0,2972700000.0,0.0,0.0,0.0,205200000.0,0.0645465698,206400000.0,0.0649240351,600000.0,207000000.0,0.0651127678,80200000.0,126800000.0,0.0398855022,0.0325,0.0325,984564000,984564000,,,3.2289419479079062,0.1287879711222429,0.2197927204325975,0.1355930137604056,0.0079222884444281,1.952437830349271,1.952437830349271,1.952437830349271,0.0,8122653000.0,8114853000.0,16.014694400630916,2.5550165141077663,37.53536506469501,60.84384269662922,4.22548665660927,4.22548665660927,2.552562989525337,39.54606725146199,37.49932070240296,60.78541573033708,0.0156106631663324,0.0164355168194431,0.0,0.0,-0.0380116959064327,1.6429284525790349,0.0,1.7066246056782337,0.0033363483581041,0.2137223974763407,0.0,0.0,0.0,0.383086876155268,0.0260765625491491,0.0,0.0,2.378578652376756,0.0542093486121493,0.0358769770534476,-0.5980819936540438,772800000.0,1922300000.0,362800000.0,2103500000.0,281850000.0,711700000.0,1627250000.0,8.323110314239878,26.456022360031444,62.4827495851166,10.81326530612245,3.401871935819343,1.440397559287916,0.0659626489101597,0.0841997066721919,1996-03-25,0.13,bmo,,2025-04-25,1996-02-29,0.0,8.167936507936508,1576069.8412698412
1995-11-30,WBA,USD,1618921,1995-11-30,1995-11-29 19:00:00,1996,Q1,2692800000.0,1953800000.0,739000000.0,0.2744355318,0,0.0,0.0,635200000.0,0.0,635200000.0,2589000000.0,0.0,0.0,0.0,102800000.0,0.0381758764,103800000.0,0.0385472371,200000.0,104000000.0,0.0386215092,40300000.0,63700000.0,0.0236556744,0.0175,0.0175,984564000,984564000,,,2.7350177337379797,0.0646986889628302,0.0142194920797429,-0.0632767397548559,0.007719152843289,1.8571672334149936,1.8571672334149936,1.8571672334149936,0.0785119098402948,7197162840.0,7266862840.0,28.24632197802197,2.672743181818182,514.0830599999999,-115.52428314606742,3.936102182116489,3.936102182116489,2.69862702020202,70.68932723735409,519.0616314285714,-116.6430632423756,0.0088507098444364,-0.0086561887489543,0.042275088870659,0.0220127577172798,0.6780155642023347,1.5766088242160143,0.0,0.2197802197802197,0.003334647351122,0.3767660910518053,0.0,0.0,0.0,5.45,0.0283348187759952,0.0,0.0,1.644237335879533,0.0275967965969268,0.0181398792573186,-0.6508718580000894,741000000.0,1828500000.0,343000000.0,2028600000.0,257900000.0,678300000.0,1559350000.0,9.01403743315508,34.56187941447436,76.68748080663323,9.984427141268077,2.604025056644009,1.1735944257568476,0.034837298331966,0.0774962318345988,1996-01-02,0.06,bmo,,2025-04-25,1995-11-30,0.1666666666666668,8.306190476190476,2130806.3492063493
1995-08-31,WBA,USD,1618921,1995-08-31,1995-08-30 20:00:00,1995,Q4,2565200000.0,1712700000.0,852500000.0,0.3323327616,0,0.0,0.0,597800000.0,131500000.0,729300000.0,2442000000.0,0.0,0.0,0.0,121600000.0,0.0474037112,123200000.0,0.0480274443,1400000.0,124600000.0,0.0485732107,48300000.0,76300000.0,0.0297442695,0.077,0.077,984564000,984564000,,,2.60541722021118,0.0774962318345988,0.0081254240455673,-0.0692692399884618,0.0225480517264494,1.8207043930105105,1.8207043930105105,1.8207043930105105,0.0,6035377320.0,6013177320.0,19.77515504587156,2.3527901606112582,754.422165,-88.49526862170087,3.366828807318978,3.366828807318978,2.34413586464993,49.45047138157895,751.647165,-88.16975542521995,0.0126421259110275,-0.0113000391498306,0.0,0.0,-0.1825657894736842,1.6820374837632217,0.0,0.1048492791612057,0.0039765533665093,0.3145478374836173,0.0,0.0,0.0,9.525,0.0297052861375331,0.0,0.0,1.7817684808127685,0.0346894871386856,0.0234581565516817,-0.5345259424476215,735100000.0,1792600000.0,352900000.0,1984100000.0,243050000.0,586950000.0,1397100000.0,8.634414470606579,31.86022070415134,76.4004203888597,10.423405119869972,2.824839188520534,1.1780039892702387,0.0425638737030012,0.0773946640340292,1995-10-02,0.08,bmo,,2025-04-25,1995-08-31,0.0,7.245555555555556,1780806.349206349
1995-05-31,WBA,USD,1618921,1995-05-31,1995-05-30 20:00:00,1995,Q3,2617400000.0,1888200000.0,729200000.0,0.2785970811,0,0.0,0.0,601500000.0,0.0,601500000.0,2489700000.0,0.0,0.0,0.0,126200000.0,0.0482157867,127700000.0,0.0487888745,1300000.0,129000000.0,0.0492855505,50000000.0,79000000.0,0.030182624,0.01,0.01,989608000,989608000,,,2.644885651692387,0.0798295890898214,0.1640043330288356,0.0905409010436455,0.1172181308154339,1.762010816404071,1.762010816404071,1.762010816404071,0.0,5957440160.0,5841440160.0,18.85265873417721,2.276090838236418,36.706347258163895,66.4892875,3.4165511039743075,3.4165511039743075,2.231772048597845,46.28716450079239,35.99162144177449,65.19464464285714,0.0132607290846879,0.0150400167846587,0.0,0.0,-0.919175911251981,1.7250170948520074,0.0,2.0570342205323198,0.0040285759244621,0.3037974683544304,0.0,0.0,0.0,0.447935921133703,0.0277756552303812,0.0,0.0,1.779006320258742,0.0366466147933422,0.0250182094562498,-0.4525529300490699,742200000.0,1743700000.0,351900000.0,1954500000.0,246950000.0,539200000.0,1335850000.0,8.252464277527316,27.054337464251667,63.88465204957102,10.905833333333334,3.3266384778012683,1.4087890770722973,0.0453059585937948,0.07346343198519,1995-06-26,0.08,bmo,,2025-04-25,1995-05-31,0.0,6.371428571428571,2190279.365079365
1995-02-28,WBA,USD,1618921,1995-02-28,1995-02-27 19:00:00,1995,Q2,2807000000.0,2009100000.0,797900000.0,0.2842536516,0,0.0,0.0,616500000.0,0.0,616500000.0,2625600000.0,0.0,0.0,0.0,180400000.0,0.0642679017,181400000.0,0.0646241539,800000.0,182200000.0,0.0649091557,70600000.0,111600000.0,0.0397577485,0.015,0.015,984568000,984568000,,,2.850996579210374,0.1133492049304872,0.1601717707664681,0.0827774211633934,0.0542369851549105,1.7161841538624043,1.7161841538624043,1.7161841538624043,0.0,5818796880.0,5765396880.0,13.034939247311828,2.072959344495903,36.89788763474953,71.39628073619632,3.4436863821980235,3.4436863821980235,2.0539354755967225,31.958962749445675,36.55927000634115,70.74106601226994,0.0191792224924682,0.0140063318381376,0.0,0.0,-0.2960088691796009,1.75270607826811,0.0,1.4130824372759856,0.0041245639768748,0.2150537634408602,0.0,0.0,0.0,0.4831959416613823,0.0271464196651229,0.0,0.0,2.0921000120641,0.0536400449082995,0.0368049600949805,-0.4397613978922736,723200000.0,1689700000.0,341500000.0,1899600000.0,238650000.0,598750000.0,1406850000.0,8.140719629497685,22.881887412274157,59.641630580857104,11.055533674675068,3.933241973375098,1.5090130689499774,0.0660472273184589,0.0773943496030746,1995-03-27,0.11,bmo,,2025-04-25,1995-02-28,0.0,5.995238095238095,1931504.761904762
1994-11-30,WBA,USD,1618921,1994-11-30,1994-11-29 19:00:00,1995,Q1,2405600000.0,1740800000.0,664800000.0,0.2763551713,0,0.0,0.0,576900000.0,0.0,576900000.0,2317700000.0,0.0,0.0,0.0,87100000.0,0.0362071832,87900000.0,0.0365397406,300000.0,88200000.0,0.0366644496,34200000.0,54000000.0,0.0224476222,0.0075,0.0075,984568000,984568000,,,2.44330508405717,0.0548463894824938,0.0172664559481925,-0.0692689585686311,0.0164539168447481,1.6280236611386922,1.6280236611386922,1.6280236611386922,0.0355485857756904,5119753600.0,5138553600.0,23.702562962962965,2.128264715663452,301.16197647058823,-75.06970087976539,3.194056772100568,3.194056772100568,2.136079813767875,58.99602296211251,302.2678588235294,-75.34536070381232,0.0105473825927872,-0.0133209535708905,0.0218354232952773,0.0112775898179474,0.2158438576349024,1.589086362418505,0.0,0.3148148148148148,0.0040822277072084,0.387037037037037,0.0,0.0,0.0,5.011764705882353,0.0354173594945128,0.0,0.0,1.4174104718197853,0.0266575819945572,0.0173997100048332,-0.5847234523161428,659600000.0,1602900000.0,278700000.0,1796200000.0,208650000.0,609750000.0,1372850000.0,8.357998004655803,35.50264246323529,76.63545496323529,10.768128916741272,2.53502257171982,1.174391148890238,0.0336889387984278,0.0865354145168236,1995-01-03,0.05,bmo,,2025-04-25,1994-11-30,0.1999999999999999,5.875873015873016,2307009.523809524
1994-08-31,WBA,USD,1618921,1994-08-31,1994-08-30 20:00:00,1994,Q4,2282500000.0,1502600000.0,779900000.0,0.341686747,0,0.0,0.0,549200000.0,118100000.0,667300000.0,2169900000.0,0.0,0.0,0.0,110800000.0,0.048543264,112600000.0,0.0493318729,1200000.0,113800000.0,0.0498576123,44700000.0,69100000.0,0.0302738226,0.07,0.07,984568000,984568000,,,2.3182756295146705,0.070183065060006,0.0051799367844577,-0.0749567322927415,0.0791209951978939,1.5982644164750428,1.5982644164750428,1.5982644164750428,0.0,4627469600.0,4549569600.0,16.74193053545586,2.027368937568456,907.346980392157,-62.70284010840109,2.9406898830706663,2.9406898830706663,1.9932396933187293,41.06109747292419,892.0724705882353,-61.64728455284553,0.0149325670340438,-0.0159482409133492,0.0,0.0,-0.7030685920577617,1.5920814694965262,0.0,0.0738060781476121,0.0045165072505284,0.3024602026049204,0.0,0.0,0.0,15.470588235294118,0.0345673603504928,0.0,0.0,1.5886628494751838,0.0367983601998482,0.0237563172551311,-0.4875996376075598,622100000.0,1573600000.0,337700000.0,1707600000.0,185800000.0,487850000.0,1192800000.0,7.645564074479737,31.91268467988819,75.67283375482496,11.771531717380093,2.820195195195195,1.189330378344151,0.0439120488052872,0.0801366690771993,1994-10-03,0.07,bmo,,2025-04-25,1994-08-31,0.0,5.170158730158731,2478146.031746032
1994-05-31,WBA,USD,1618921,1994-05-31,1994-05-30 20:00:00,1994,Q3,2336000000.0,1679900000.0,656100000.0,0.280864726,0,0.0,0.0,541900000.0,0.0,541900000.0,2221800000.0,0.0,0.0,0.0,112700000.0,0.048244863,114200000.0,0.0488869863,800000.0,115000000.0,0.0492294521,44000000.0,71000000.0,0.0303938356,0.01,0.01,984568000,984568000,,,2.372614182057512,0.0721128454306863,0.2364488791023068,0.1636250619561066,0.1827197308870489,1.5506293115356176,1.5506293115356176,1.5506293115356176,0.0,5031142480.0,4851242480.0,17.71529042253521,2.1537425,21.61143676975945,31.22993469894476,3.2954362219165523,3.2954362219165523,2.0767305136986303,43.0456298136646,20.8386704467354,30.113236995654876,0.014112102824009,0.0320205600696881,0.0,0.0,-1.596273291925466,1.6633807201411228,0.0,3.27887323943662,0.0041541260425604,0.2943661971830986,0.0,0.0,0.0,0.3079896907216495,0.0306934931506849,0.0,0.0,1.5861767136478964,0.038641941771633,0.0254635440949682,-0.3933958853019801,639300000.0,1526700000.0,341400000.0,1681700000.0,184300000.0,431400000.0,1156650000.0,6.846318493150685,23.72819810703018,60.12143579974998,13.145751266178952,3.7929555204335066,1.4969702370343967,0.0465055348136503,0.0728238171462001,1994-06-27,0.07,bmo,,2025-04-25,1994-05-31,0.0,4.616875,2079975.0
1994-02-28,WBA,USD,1618921,1994-02-28,1994-02-27 19:00:00,1994,Q2,2498500000.0,1785600000.0,712900000.0,0.2853311987,0,0.0,0.0,555300000.0,0.0,555300000.0,2340900000.0,0.0,0.0,0.0,156500000.0,0.0626375825,157600000.0,0.0630778467,500000.0,158100000.0,0.0632779668,60500000.0,97600000.0,0.0390634381,0.0125,0.0125,984568000,984568000,,,2.537661187444646,0.0991297706202111,0.1255372914821526,0.0574871415686879,0.0492601831463139,1.5007597240617203,1.5007597240617203,1.5007597240617203,0.0,5001605440.0,4953105440.0,12.811489344262297,2.001843281969182,40.46606343042071,88.36758727915195,3.384952246886844,3.384952246886844,1.9824316349809885,31.649236038338657,40.07366860841424,87.51069681978798,0.0195137343740573,0.0113163664505291,0.0,0.0,-0.3099041533546325,1.6882874986304373,0.0,1.2663934426229508,0.0041786582829692,0.214139344262295,0.0,0.0,0.0,0.5420711974110033,0.0268160896537922,0.0,0.0,1.829569419850342,0.0549792804014214,0.0363866830704992,-0.4240184527630392,628200000.0,1477600000.0,336200000.0,1632400000.0,174500000.0,480500000.0,1230950000.0,6.87652591554933,21.164314516129032,60.03528225806452,13.088004190675749,4.252441057394618,1.4991184619259508,0.0660530590146183,0.0680501499134645,1994-03-28,0.1,bmo,,2025-04-25,1994-02-28,0.0,5.09016129032258,1654103.2258064516
1993-11-30,WBA,USD,1618921,1993-11-30,1993-11-29 19:00:00,1994,Q1,2118000000.0,1528200000.0,589800000.0,0.278470255,0,0.0,0.0,518400000.0,0.0,518400000.0,2046600000.0,0.0,0.0,0.0,70600000.0,0.0333333333,71400000.0,0.0337110482,200000.0,71600000.0,0.0338054769,27400000.0,44200000.0,0.0208687441,0.0063,0.0063,984568000,984568000,,,2.1511972763689253,0.0448927854653005,-0.0061956106637631,-0.0797303995254771,0.0224463927326502,1.423568509234507,1.423568509234507,1.423568509234507,0.0132037604309707,5011451120.0,5002351120.0,28.34531176470588,2.3661242304060432,-821.5493639344262,-63.84014165605095,3.575521632420091,3.575521632420091,2.3618277242681773,70.85483172804533,-820.0575606557377,-63.72421808917198,0.0088198006808056,-0.0156641256435122,0.0092751141552511,0.0048632673674759,-0.1288951841359773,1.5684475806451612,0.0,-0.1380090497737556,0.0036915455338213,0.418552036199095,0.0,0.0,0.0,-11.868852459016392,0.0341831916902738,0.0,0.0,1.1991367740191292,0.0260176709242955,0.0165351090494182,-0.5031902316548984,563900000.0,1401600000.0,284400000.0,1534400000.0,148700000.0,484150000.0,1182400000.0,6.718130311614731,31.86690223792697,74.84098939929329,13.396584440227704,2.82424690445389,1.2025495750708215,0.0315353881278538,0.0735347888617139,1994-01-03,0.05,bmo,,2025-04-25,1993-11-30,0.0,4.980793650793651,2171961.904761905
1993-08-31,WBA,USD,1618921,1993-08-31,1993-08-30 20:00:00,1993,Q4,2037000000.0,1343900000.0,693100000.0,0.3402552774,0,0.0,0.0,492900000.0,104700000.0,597600000.0,1941500000.0,0.0,0.0,0.0,93600000.0,0.0459499264,95500000.0,0.0468826706,800000.0,96300000.0,0.047275405,39900000.0,32800000.0,0.0161021109,0.033,0.033,984568000,984568000,,,2.0689276921451847,0.0333141032412184,0.0092426323016795,-0.049463317922175,0.0930357273443784,1.4004111447863428,1.4004111447863428,1.4004111447863428,0.0,4785000480.0,4693400480.0,36.47104024390244,2.3490429455081,525.8242285714285,-98.25462997946612,3.470409399477808,3.470409399477808,2.304074855179185,50.14316752136752,515.7582945054945,-96.37372648870635,0.0068547537533371,-0.0101776374325462,0.0,0.0,-0.9786324786324786,1.6560271646859084,0.0,0.1613475177304964,0.003866248305998,0.5640243902439024,0.0,0.0,0.0,6.351648351648351,0.028375061364752,0.0,0.0,1.0245498683788978,0.0338629679569261,0.0129378352792679,-0.4198034061639216,579600000.0,1378800000.0,306700000.0,1506900000.0,144000000.0,433700000.0,1057800000.0,6.154639175257732,28.60927152317881,73.26437979016296,14.623115577889449,3.145833333333333,1.2284277879341865,0.0237888018566869,0.0587059502238545,1993-10-04,0.06,bmo,,2025-04-25,1993-08-31,0.0,5.15765625,1433437.5
1993-05-31,WBA,USD,1618921,1993-05-31,1993-05-30 20:00:00,1993,Q3,2085300000.0,1503500000.0,581800000.0,0.2790006234,0,0.0,0.0,479000000.0,0.0,479000000.0,1982500000.0,0.0,0.0,0.0,101300000.0,0.0485781422,102800000.0,0.0492974632,700000.0,103500000.0,0.0496331463,39100000.0,64400000.0,0.0308828466,0.0088,0.0088,984568000,984568000,,,2.117984740515637,0.0654093978272704,0.1596639338268154,0.1143648788097927,0.1824150287232573,1.3861917104760666,1.3861917104760666,1.3861917104760666,0.0089379301378878,5336358560.0,5165558560.0,20.71567763975155,2.559036378458735,33.946301272264634,47.39217193605684,3.909993083235639,3.909993083235639,2.4771296983647435,50.99268075024679,32.85978727735369,45.87529804618117,0.0120681545806772,0.0211005311457182,0.0064478311840562,0.0035415325177076,-1.686080947680158,1.666398344066237,0.0,2.440993788819876,0.0034480441659077,0.2857142857142857,0.0,0.0,0.0,0.2837150127226463,0.0213878099074473,0.0,0.0,1.428311665480036,0.0396015629299433,0.0259175788795878,-0.3230604691600783,579500000.0,1364800000.0,329100000.0,1480900000.0,151200000.0,421250000.0,1028550000.0,6.417781614156237,26.350515463917525,61.15330894579315,14.023537323470071,3.415492957746479,1.471711041503524,0.0471864009378663,0.0452990550170226,1993-06-29,0.06,bmo,,2025-04-25,1993-05-31,0.1666666666666668,4.835,1540950.0
1993-02-28,WBA,USD,1618921,1993-02-28,1993-02-27 19:00:00,1993,Q2,2257900000.0,1619700000.0,638200000.0,0.2826520218,0,0.0,0.0,496300000.0,0.0,496300000.0,2116000000.0,0.0,0.0,0.0,141900000.0,0.0628460074,141900000.0,0.0628460074,-6700000.0,135200000.0,0.0598786483,51000000.0,84200000.0,0.0372912884,0.0113,0.0113,984568000,984568000,,,2.2932900520837567,0.0855197406375181,0.1379285128096789,0.1007548488270998,0.0509868287411331,1.3398769815797384,1.3398769815797384,1.3398769815797384,0.0141178669223456,4735772080.0,4699472080.0,14.061080997624703,2.097423304840781,34.87313755522828,47.739637903225805,3.589881807155852,3.589881807155852,2.081346419239116,33.11819647639182,34.60583269513991,47.373710483870966,0.0177795718581118,0.020946954018108,0.010536688902365,0.0057991572447745,-0.2558139534883721,1.6778222383897174,0.0,1.6128266033254155,0.0039064379973286,0.2197149643705463,0.0,0.0,0.0,0.2695139911634757,0.0162097524248195,0.0,0.0,1.6056722794190597,0.0562095364050977,0.0351287079143894,-0.400657953539014,559000000.0,1319200000.0,306000000.0,1445100000.0,144850000.0,455750000.0,1096200000.0,6.126489215642854,22.35413965549176,57.53843304315614,14.690305790500975,4.026099925428785,1.5641718976339931,0.063826561552456,0.0371736639825791,1993-03-29,0.09,bmo,,2025-04-25,1993-02-28,0.0,4.992539682539682,1687060.3174603174
1992-11-30,WBA,USD,1618921,1992-11-30,1992-11-29 19:00:00,1993,Q1,1914600000.0,1387200000.0,527400000.0,0.2754622375,0,0.0,0.0,461400000.0,0.0,461400000.0,1848600000.0,0.0,0.0,0.0,64000000.0,0.0334273477,66000000.0,0.0344719524,-1300000.0,64700000.0,0.0337929594,24400000.0,40300000.0,0.021048783,0.0063,0.0063,984568000,984568000,,,1.9446092093181984,0.0409316573360092,0.0048752346206661,-0.0415410616635925,0.096692153309878,1.2738581794248849,1.2738581794248849,1.2738581794248849,0.120966759025278,5434815360.0,5458715360.0,33.71473548387097,2.8386166092134126,1132.2532,-132.88057114914426,4.333292425450486,4.333292425450486,2.851099634388384,85.2924275,1137.2323666666666,-133.46492322738385,0.0074151553144944,-0.0075255546492015,0.0949609312709296,0.0472206803584172,0.3734375,1.5162593614505322,0.0,0.119106699751861,0.0029439822588563,0.3970223325062035,0.0,0.0,0.0,9.520833333333334,0.0238692155019325,0.0,0.0,1.0831321923639194,0.0255753000179425,0.0159781143446197,-0.5000670344760342,523900000.0,1254200000.0,270700000.0,1400500000.0,136050000.0,460450000.0,1075550000.0,6.392980256972736,33.036332179930795,75.0583910034602,14.077941176470588,2.7242733699921446,1.1990664707407728,0.0321320363578376,0.0464162962842586,1992-11-29,,bmo,,2025-04-25,1992-11-30,,4.904516129032258,1945522.5806451607
1992-08-31,WBA,USD,1618921,1992-08-31,1992-08-30 20:00:00,1992,Q4,1842300000.0,1223100000.0,619200000.0,0.3361016121,0,0.0,0.0,443700000.0,92100000.0,535800000.0,1758900000.0,0.0,0.0,0.0,80500000.0,0.0436953808,83400000.0,0.0452695001,-1100000.0,82300000.0,0.0446724203,30900000.0,51400000.0,0.0278999077,0.052,0.052,984568000,984568000,,,1.871175987844415,0.0522056373962996,0.038087770473954,-0.007109717155138,0.1467648755596363,1.252630595347401,1.252630595347401,1.252630595347401,0.0232589318360946,4725926400.0,4604326400.0,22.9860233463035,2.565231721218043,126.024704,-675.1323428571428,3.831935782048163,3.831935782048163,2.499227270260001,57.19660124223603,122.78203733333334,-657.7609142857143,0.0108761744575624,-0.0014811910739871,0.0185680694072812,0.0096477923828783,-1.5105590062111802,1.6179017204542898,0.0,0.7295719844357976,0.0033855795976848,0.311284046692607,0.0,0.0,0.0,1.1866666666666668,0.0241545893719806,0.0,0.0,1.2130018630137764,0.0349929451024072,0.0216548702392989,-0.4028416523795207,549500000.0,1233300000.0,298500000.0,1405800000.0,139450000.0,392100000.0,958750000.0,6.64875427454812,30.294334069168507,73.15673289183223,13.53637031594416,2.970852562545543,1.2302353651176825,0.0416768020757317,0.0451974876290921,1993-01-04,0.03976,bmo,,2025-04-25,1992-08-31,0.006036217303823,5.1921875,1293412.5
1992-05-31,WBA,USD,1618921,1992-05-31,1992-05-30 20:00:00,1992,Q3,1886000000.0,1360400000.0,525600000.0,0.2786850477,0,0.0,0.0,434200000.0,0.0,434200000.0,1794600000.0,0.0,0.0,0.0,88400000.0,0.0468716861,91400000.0,0.0484623542,-900000.0,90500000.0,0.0479851538,33900000.0,56600000.0,0.0300106045,0.0075,0.0075,984568000,984568000,,,1.9155609363700628,0.0574871415686879,0.1275686392407634,0.0914106491374897,0.1733755311974388,1.2181992508389463,1.2181992508389463,1.2181992508389463,0.1206620568614864,4105648560.0,4053748560.0,18.134490106007068,2.176908038176034,32.6882847133758,45.61831733333333,3.423085342671336,3.423085342671336,2.1493894803817604,45.85688416289593,32.27506815286624,45.04165066666667,0.0137858852682705,0.0219210189778152,0.0990495247623811,0.0520049028191209,-0.5871040723981901,1.874274139095206,0.0,2.219081272084805,0.0038970700405004,0.2826855123674912,0.0,0.0,0.0,0.2834394904458598,0.0188759278897136,0.0,0.0,1.2552660426445796,0.0370249840845759,0.0247767466293118,-0.3509661089939953,647400000.0,1199400000.0,302900000.0,1486000000.0,145050000.0,385200000.0,943850000.0,6.814422057264051,24.64348720964422,61.082769773596,13.207282913165264,3.652080536912752,1.4734105924401604,0.0471902617975654,0.0361579901032737,1992-05-30,,bmo,,2025-04-25,1992-05-31,,4.63640625,1418950.0
1992-02-29,WBA,USD,1618921,1992-02-29,1992-02-28 19:00:00,1992,Q2,2038000000.0,1464800000.0,573200000.0,0.2812561335,0,0.0,0.0,448300000.0,0.0,448300000.0,1913100000.0,0.0,0.0,0.0,122400000.0,0.0600588813,124900000.0,0.0612855741,-1500000.0,123400000.0,0.0605495584,46300000.0,77100000.0,0.0378312071,0.01,0.01,984568000,984568000,,,2.06994336602449,0.0783084560944495,0.1756100137319108,0.1419912083269007,0.1594607990509543,1.1768613239512151,1.1768613239512151,1.1768613239512151,0.1206620568614864,4460093040.0,4421893040.0,14.462039688715954,2.1884656722276743,25.795795488721804,31.903383690987123,3.8492215759040302,3.8492215759040302,2.1697218056918546,36.12657712418301,25.57485853094274,31.63013619456366,0.0172866348994369,0.0313446375997573,0.1025286959523604,0.0530546623794212,-0.3120915032679738,1.8455328310010763,0.0,2.239637305699482,0.0035873691101295,0.2075226977950713,0.0,0.0,0.0,0.1914401388085598,0.0162414131501472,0.0,0.0,1.4399858852112104,0.0521639011431889,0.0344319399785637,-0.3360103111212227,628400000.0,1158700000.0,291100000.0,1455300000.0,143950000.0,417900000.0,1013550000.0,6.504906771344455,24.44770617149099,59.25450573457127,13.8357094365241,3.681326966574516,1.5188718374118624,0.0665400880296884,0.0336188054050101,1992-02-28,,bmo,,2025-04-25,1992-02-29,,4.134444444444445,1834260.3174603172
1991-11-30,WBA,USD,1618921,1991-11-30,1991-11-29 19:00:00,1992,Q1,1708700000.0,1237300000.0,471400000.0,0.2758822497,0,0.0,0.0,412600000.0,0.0,412600000.0,1649900000.0,0.0,0.0,0.0,56900000.0,0.0333001697,58800000.0,0.0344121262,-2100000.0,56700000.0,0.0331831217,21300000.0,35400000.0,0.0207175045,0.005,0.005,984568000,984568000,,,1.735481957569208,0.0359548553274126,0.0019297803706803,-0.0302670816033021,0.0596200567152294,1.1163271607446108,1.1163271607446108,1.1163271607446108,0.1246231849907776,3987500400.0,4051500400.0,28.16031355932203,2.3336456955580265,2098.6844210526315,-133.80873825503355,3.627968701664998,3.627968701664998,2.371101070989641,71.20387346221442,2132.3686315789478,-135.95638926174496,0.0088777420561512,-0.0074733534822968,0.111636793740333,0.0557955527261152,1.124780316344464,1.7540533472803348,0.0,0.0536723163841807,0.0035611281694166,0.4011299435028249,0.0,0.0,0.0,16.68421052631579,0.0185521156434716,0.0,0.0,0.9503110465312188,0.0255951412613198,0.0160974944295393,-0.4108400841790511,576700000.0,1099100000.0,241500000.0,1395100000.0,136500000.0,401700000.0,987350000.0,7.405630011119564,31.852420593227187,77.29976561868585,12.152916073968706,2.8255309431377027,1.1642984849910605,0.0322081703211718,0.0321968619739825,1991-11-29,,bmo,,2025-04-25,1991-11-30,,4.63936507936508,1429790.4761904762
1991-08-31,WBA,USD,1618921,1991-08-31,1991-08-30 20:00:00,1991,Q4,1667300000.0,1106400000.0,560900000.0,0.3364121634,0,0.0,0.0,401200000.0,84300000.0,485500000.0,1591900000.0,0.0,0.0,0.0,75400000.0,0.0452228153,75400000.0,0.0452228153,-1600000.0,73800000.0,0.04426318,27700000.0,46100000.0,0.0276494932,0.047,0.047,984568000,984568000,,,1.6934330589659627,0.0468225658359808,0.0079222562585824,-0.034532911896385,0.0731285193099918,1.0981465983050434,1.0981465983050434,1.0981465983050434,0.1291937174476521,4233642400.0,4288842400.0,22.959015184381776,2.539220536196245,542.7746666666667,-124.51889411764706,3.915688494265631,3.915688494265631,2.5723279553769567,56.88119893899204,549.8515897435898,-126.14242352941176,0.0108889687990653,-0.0080309097433453,0.1176470588235294,0.0607275852191349,0.7320954907161804,1.8242176074875696,0.0,0.1691973969631236,0.0033540858339854,0.3080260303687636,0.0,0.0,0.0,5.358974358974359,0.0250704732201763,0.0,0.0,1.0755956170539498,0.0332858360385724,0.0220089754607084,-0.392151684799831,563600000.0,1081200000.0,234000000.0,1372900000.0,132700000.0,356750000.0,888000000.0,7.146884184010076,29.73156182212581,74.18655097613882,12.592900302114804,3.0270861833105336,1.2131578947368422,0.0426378098409175,0.0424551681549674,1991-08-30,,bmo,,2025-04-25,1991-08-31,,4.16078125,1851337.5
1991-05-31,WBA,USD,1618921,1991-05-31,1991-05-30 20:00:00,1991,Q3,1704400000.0,1223500000.0,480900000.0,0.282152077,0,0.0,0.0,400800000.0,0.0,400800000.0,1624300000.0,0.0,0.0,0.0,77000000.0,0.0451771885,80100000.0,0.0469960103,-1200000.0,78900000.0,0.0462919502,29600000.0,49300000.0,0.0289251349,0.0063,0.0063,984560000,984560000,,,1.7311286259852117,0.0500731291135126,0.073636954578695,0.0158446412610709,0.2035426992768343,1.0663646705127163,1.0663646705127163,1.0663646705127163,0.1369139514097668,3997313599.999999,3931713599.999999,20.27035294117647,2.3452907768129543,55.13535999999999,256.23805128205123,3.807327935993904,3.807327935993904,2.3068021591175776,51.06121558441558,54.2305324137931,252.03292307692303,0.0123332830328848,0.0039026210002637,0.128393180302886,0.0653385681741069,-0.8519480519480519,1.8278008298755184,0.0,1.4705882352941178,0.0035273689810076,0.2860040567951318,0.0,0.0,0.0,0.7848275862068965,0.0333841821168739,0.0,0.0,1.0960907152900763,0.036051148804964,0.0238960787164945,-0.2854574632323068,558600000.0,1049900000.0,220200000.0,1350300000.0,129150000.0,341000000.0,857250000.0,7.022999295939921,25.59869227625664,63.55537392725787,12.815037593984965,3.5158045977011496,1.416087962962963,0.0469568530336222,0.0577923133176241,1991-05-30,,bmo,,2025-04-25,1991-05-31,,4.1790625,1425375.0
1991-02-28,WBA,USD,1618921,1991-02-28,1991-02-27 19:00:00,1991,Q2,1820800000.0,1303100000.0,517700000.0,0.2843255712,0,0.0,0.0,405000000.0,0.0,405000000.0,1708100000.0,0.0,0.0,0.0,108900000.0,0.0598088752,112700000.0,0.0618958699,-4700000.0,108000000.0,0.059314587,40500000.0,67500000.0,0.0370716169,0.0088,0.0088,984552000,984552000,,,1.849369053132795,0.0685591009921263,0.1310240596738415,0.0725202934938936,0.2156310687500507,1.0324492764221698,1.0324492764221698,1.0324492764221698,0.136915063907239,3849598320.0,3772098320.0,14.257771555555555,2.1142345782073813,29.841847441860462,53.91594285714286,3.7871109886866696,3.7871109886866696,2.071670869947276,34.63818475665748,29.24107224806201,52.83050868347339,0.0175342969289325,0.018547389640382,0.1326119035907526,0.0668319286068418,-0.711662075298439,1.837501872098248,0.0,1.9111111111111112,0.0036886965391235,0.2103703703703703,0.0,0.0,0.0,0.4465116279069767,0.031634446397188,0.0,0.0,1.2619965807236542,0.0522029941451122,0.0334655428854734,-0.2731953213238102,559200000.0,1016500000.0,226400000.0,1316300000.0,116400000.0,377950000.0,904250000.0,6.1934314586994725,23.06806845215256,58.740695265136985,14.531524341580209,3.901497005988024,1.5321575543797763,0.0664043285784554,0.0585037661799478,1991-02-27,,bmo,,2025-04-25,1991-02-28,,4.0834375,1957462.5
1990-11-30,WBA,USD,1618921,1990-11-30,1990-11-29 19:00:00,1991,Q1,1540500000.0,1111900000.0,428600000.0,0.2782213567,0,0.0,0.0,375700000.0,0.0,375700000.0,1487600000.0,0.0,0.0,0.0,49800000.0,0.0323271665,52900000.0,0.0343395002,-1500000.0,51400000.0,0.0333657903,19300000.0,32100000.0,0.0208373905,0.0025,0.0025,984504000,984504000,,,1.5647473245410888,0.0326052509690158,0.0031487937072881,-0.0437783899303608,0.1600806091189065,0.980087434891072,0.980087434891072,0.980087434891072,0.1488058961670039,3101187600.0,3090087600.0,24.15255140186916,2.013104576436222,1000.3830967741936,-71.95330858468678,3.2139989636231734,3.2139989636231734,2.005899123661149,62.04995180722892,996.8024516129032,-71.69576798143852,0.0103508733234971,-0.0138979015651939,0.151829205098974,0.0724386867088607,-0.2228915662650602,1.76681989134977,0.0,0.0965732087227414,0.0039662224884428,0.3831775700934579,0.0,0.0,0.0,14.903225806451612,0.0299902629016553,0.0,0.0,0.8479445310216667,0.025325236050606,0.0158722310126582,-0.3456308963701519,550500000.0,964900000.0,210900000.0,1274100000.0,102550000.0,385200000.0,893000000.0,6.280428432327166,34.14965374584045,77.54294450939832,14.330232558139535,2.6354586394880304,1.1606471816283923,0.0332676961343144,0.046927183637649,1990-11-29,,bmo,,2025-04-25,1990-11-30,,3.716065573770492,2402059.016393442
1990-08-31,WBA,USD,1618921,1990-08-31,1990-08-30 20:00:00,1990,Q4,1492300000.0,1047300000.0,445000000.0,0.2981974134,0,0.0,0.0,358700000.0,19700000.0,378400000.0,1425700000.0,0.0,0.0,19700000.0,86300000.0,0.057830195,66600000.0,0.044629096,-400000.0,66200000.0,0.0443610534,25800000.0,40400000.0,0.0270723045,0.041,0.041,984384000,984504000,,,1.5159734412586958,0.0410408946102334,0.0348441258695793,-0.0126982965997009,0.2172932514140823,0.9623277095117352,0.9623277095117352,0.9623277095117352,0.1522779728236135,2805494400.0,2741494400.0,17.360732673267325,1.8799801648462104,81.79283965014578,-224.439552,2.961569091101024,2.961569091101024,1.837093345841989,31.767026651216685,79.92695043731779,-219.319552,0.0144003138983275,-0.0044555426665617,0.1582392061648896,0.0783340301003344,-0.7415990730011588,1.87727344614898,0.0,0.849009900990099,0.0043842539838967,0.3044554455445544,0.0,0.0,0.0,1.3644314868804666,0.0313609863968371,2.375634517766497,0.0,0.9426732081681408,0.0316419686736701,0.0211120401337792,-0.2694070606592549,554700000.0,947300000.0,220700000.0,1251900000.0,100100000.0,333200000.0,800650000.0,5.886215908329424,29.948438842738472,71.15439702091092,15.289959016393444,3.005164992826399,1.2648550724637682,0.0426475245434392,0.0475424224692802,1990-08-30,,bmo,,2025-04-25,1990-08-31,,3.045,1774850.0
1990-05-31,WBA,USD,1618921,1990-05-31,1990-05-30 20:00:00,1990,Q3,1521800000.0,1081700000.0,440100000.0,0.2891970035,0,0.0,0.0,352900000.0,16900000.0,369800000.0,1451500000.0,0.0,0.0,17500000.0,87800000.0,0.0576948351,70300000.0,0.046195295,-600000.0,69700000.0,0.0458010251,26100000.0,43600000.0,0.0286502826,0.0031,0.0031,984328000,984328000,,,1.5460293723230467,0.0442941783633097,0.0790386944189335,0.0235693793125868,0.2469705220211149,0.934343023870092,0.934343023870092,0.934343023870092,0.1507627538787883,2874237760.0,2779537760.0,16.48072110091743,1.888709265343672,36.943930077120825,123.88955862068966,3.1251905621398284,3.1251905621398284,1.82648032592982,31.657605466970388,35.72670642673522,119.80766206896551,0.015169239165517,0.0080717052440365,0.1613569642274654,0.0811106252732837,-1.0785876993166288,1.9559433310297167,0.0,1.7844036697247707,0.0042793954526573,0.2821100917431192,0.0,0.0,0.0,0.7017994858611826,0.0358785648574057,3.12,0.0,0.9649787678575428,0.0351577572849789,0.0238303454306952,-0.2064352532895539,553300000.0,919700000.0,222200000.0,1224100000.0,101500000.0,312650000.0,779400000.0,6.067814430279932,26.45003235647592,64.3403901266525,14.832358674463938,3.4026423403586032,1.3988102935471356,0.0474067630749157,0.0554693151063466,1990-05-30,,bmo,,2025-04-25,1990-05-31,,2.966031746031746,1900393.650793651
1990-02-28,WBA,USD,1618921,1990-02-28,1990-02-27 19:00:00,1990,Q2,1646600000.0,1170000000.0,476600000.0,0.2894449168,0,0.0,0.0,360200000.0,16600000.0,376800000.0,1546800000.0,0.0,0.0,16900000.0,116700000.0,0.0708733147,99800000.0,0.0606097413,-700000.0,99100000.0,0.0601846229,37200000.0,61900000.0,0.0375926151,0.0044,0.0044,984296000,984296000,,,1.6728707624535708,0.0628875866609231,0.1183587051049684,0.072132773068264,0.2420003738712745,0.9028788088136088,0.9028788088136088,0.9028788088136088,0.1507676552581743,2500111840.0,2410311840.0,10.097382229402262,1.5183480140896393,21.46018746781116,35.21284281690141,2.8132236300213798,2.8132236300213798,1.4638113931738128,20.6539146529563,20.689372017167383,33.94805408450704,0.0247588923861902,0.0283987295544346,0.1669854844154382,0.0828032585648923,-0.7694944301628106,1.966637856525497,0.0,1.8820678513731823,0.004919779908726,0.1987075928917609,0.0,0.0,0.0,0.3905579399141631,0.027632697680068,2.6923076923076925,0.0,1.1302862734747687,0.051361320850329,0.034538555964736,-0.2003970350382405,559200000.0,888700000.0,234200000.0,1193600000.0,96000000.0,353400000.0,837100000.0,5.487671565650431,23.646153846153847,60.42307692307692,16.400398406374503,3.8061158100195183,1.4894971355824316,0.0696523011139867,0.0462259320367044,1990-02-27,,bmo,,2025-04-25,1990-02-28,,2.7744444444444443,1958019.047619048
1989-11-30,WBA,USD,1618921,1989-11-30,1989-11-29 19:00:00,1990,Q1,1386800000.0,988000000.0,398800000.0,0.287568503,0,0.0,0.0,335200000.0,16300000.0,351500000.0,1339500000.0,0.0,0.0,16300000.0,63600000.0,0.0458609749,47300000.0,0.0341072974,-1400000.0,45900000.0,0.0330977791,17200000.0,28700000.0,0.0206951255,0.0019,0.0019,984272000,984272000,,,1.4089601248435393,0.0291586065640392,0.0106677828892826,-0.0348480907716566,0.1830794739665458,0.8527114456166588,0.8527114456166588,0.8527114456166588,0.1521937025537656,2736276160.0,2705876160.0,23.835158188153308,1.97308635708105,260.5977295238095,-79.77481516034986,3.2601884427499104,3.2601884427499104,1.951165387943467,42.54522264150943,257.7024914285714,-78.88851778425656,0.0104887073971364,-0.0125352844502361,0.1784820683903252,0.0827030309722298,-0.4779874213836478,1.815938697318008,0.0,0.3658536585365853,0.0038373319745621,0.3658536585365853,0.0,0.0,0.0,4.266666666666667,0.0323045860974906,2.748466257668712,0.0,0.7479553763402322,0.025522420835016,0.0158449732236515,-0.2832042362273843,532400000.0,839300000.0,212900000.0,1139500000.0,92500000.0,349500000.0,808600000.0,5.944620709547159,36.382591093117405,80.95445344129554,15.139737991266376,2.473710565848773,1.1117362439518397,0.0341951626355296,0.0455158736609392,1989-11-29,,bmo,,2025-04-25,1989-11-30,,2.659365079365079,1873549.2063492064
1989-08-31,WBA,USD,1618921,1989-08-31,1989-08-30 20:00:00,1989,Q4,1341000000.0,0.0,1341000000.0,1.0,0,0.0,0.0,0.0,1341000000.0,1341000000.0,1341000000.0,0.0,0.0,0.0,-3785600000.0,-2.8229679344,-3785600000.0,-2.8229679344,3785600000.0,0.0,0.0,0.0,0.0,0.0,0.03,0.03,984272000,984272000,,,1.362428271859811,0.0,,,0.2291033372888795,0.8365573743843165,0.8365573743843165,0.8365573743843165,0.1554448363866898,2883916960.0,2811416960.0,0.0,2.1505719313944818,0.0,0.0,3.502449550643673,3.502449550643673,2.0965078001491424,-0.7426608622147084,0.0,0.0,0.0,,0.1858149137721642,0.0910118374873594,0.0191515215553677,1.9875206459900896,0.0,0.0,0.0036262798634812,0.0,0.0,0.0,0.0,0.0,,0.0,,0.0,,0.0,-0.2010623079799079,538100000.0,823400000.0,225300000.0,1117100000.0,,,,6.268456375838926,0.0,0.0,14.3576017130621,0.0,0.0,0.0,,1989-08-30,,bmo,,2025-04-25,1989-08-31,,,
1989-05-31,WBA,USD,1618921,1989-05-31,1989-05-30 20:00:00,1989,Q3,1350700000.0,0.0,1350700000.0,1.0,0,0.0,0.0,0.0,1350700000.0,1350700000.0,1350700000.0,0.0,0.0,0.0,1350700000.0,1.0,1350700000.0,1.0,-1350700000.0,0.0,0.0,0.0,0.0,0.0,0.0025,0.0025,984224000,984224000,,,1.3723501967031897,0.0,,,,,,,,2558982400.0,,0.0,1.8945601539942247,0.0,0.0,0.0,0.0,,,0.0,0.0,0.0,,0.0,0.0,,0.0,0.0,0.0,0.0040865384615384,0.0,0.0,0.0,0.0,0.0,,0.0,,,0.0,0.0,,,,,,,,,,0.0,0.0,0.0,0.0,0.0,0.0,,1989-05-30,,bmo,,2025-04-25,1989-05-31,,,
1989-02-28,WBA,USD,1618921,1989-02-28,1989-02-27 19:00:00,1989,Q2,1476700000.0,0.0,1476700000.0,1.0,0,0.0,0.0,0.0,1476700000.0,1476700000.0,1476700000.0,0.0,0.0,0.0,1476700000.0,1.0,1476700000.0,1.0,-1476700000.0,0.0,0.0,0.0,0.0,0.0,0.0038,0.0038,984224000,984224000,,,1.5003698345092171,0.0,,,,,,,,2155450560.0,,0.0,1.459640116475926,0.0,0.0,0.0,0.0,,,0.0,0.0,0.0,,0.0,0.0,,0.0,0.0,0.0,0.0048515981735159,0.0,0.0,0.0,0.0,0.0,,0.0,,,0.0,0.0,,,,,,,,,,0.0,0.0,0.0,0.0,0.0,0.0,,1989-02-27,,bmo,,2025-04-25,1989-02-28,,,
1988-11-30,WBA,USD,1618921,1988-11-30,1988-11-29 19:00:00,1989,Q1,1211700000.0,0.0,1211700000.0,1.0,0,0.0,0.0,0.0,1211700000.0,1211700000.0,1211700000.0,0.0,0.0,0.0,1211700000.0,1.0,1211700000.0,1.0,-1211700000.0,0.0,0.0,0.0,0.0,0.0,0.0019,0.0019,984224000,984224000,,,1.2311221835679682,0.0,,,,,,,,1899552320.0,,0.0,1.5676754312123462,0.0,0.0,0.0,0.0,,,0.0,0.0,0.0,,0.0,0.0,,0.0,0.0,0.0,0.0055051813471502,0.0,0.0,0.0,0.0,0.0,,0.0,,,0.0,0.0,,,,,,,,,,0.0,0.0,0.0,0.0,0.0,0.0,,1988-11-29,,bmo,,2025-04-25,1988-11-30,,,
1988-08-31,WBA,USD,1618921,1988-08-31,1988-08-30 20:00:00,1988,Q4,1201900000.0,0.0,1201900000.0,1.0,0,0.0,0.0,0.0,1201900000.0,1201900000.0,1201900000.0,0.0,0.0,0.0,-3457400000.0,-2.876612031,-3457400000.0,-2.876612031,3457400000.0,0.0,0.0,0.0,0.0,0.0,0.04,0.04,984224000,984224000,,,1.2211651006274995,0.0,,,0.2130612543486035,0.7240221738140911,0.7240221738140911,0.7240221738140911,0.1789226842669961,1771603200.0,1738003200.0,0.0,1.4740021632415343,0.0,0.0,2.4861117036205447,2.4861117036205447,1.4460464264913886,-0.50269080812171,0.0,0.0,0.0,,0.2471232107774347,0.1164759574045902,0.0097182854167871,1.9940646745804336,0.0,0.0,0.0052083333333333,0.0,0.0,0.0,0.0,0.0,,0.0,,0.0,,0.0,-0.208108113600156,485700000.0,712600000.0,175000000.0,1022600000.0,,,,5.698477410766287,0.0,0.0,15.793692509855454,0.0,0.0,0.0,,1988-08-30,,bmo,,2025-04-25,1988-08-31,,,
1988-05-31,WBA,USD,1618921,1988-05-31,1988-05-30 20:00:00,1988,Q3,1215900000.0,0.0,1215900000.0,1.0,0,0.0,0.0,0.0,1215900000.0,1215900000.0,1215900000.0,0.0,0.0,0.0,1215900000.0,1.0,1215900000.0,1.0,-1215900000.0,0.0,0.0,0.0,0.0,0.0,0.0025,0.0025,984096000,984096000,,,1.2355501902253438,0.0,,,,,,,,1987873920.0,,0.0,1.634899185788305,0.0,0.0,0.0,0.0,,,0.0,0.0,0.0,,0.0,0.0,,0.0,0.0,0.0,0.0046410891089108,0.0,0.0,0.0,0.0,0.0,,0.0,,,0.0,0.0,,,,,,,,,,0.0,0.0,0.0,0.0,0.0,0.0,,1988-05-30,,bmo,,2025-04-25,1988-05-31,,,
1988-02-29,WBA,USD,1618921,1988-02-29,1988-02-28 19:00:00,1988,Q2,1350900000.0,0.0,1350900000.0,1.0,0,0.0,0.0,0.0,1350900000.0,1350900000.0,1350900000.0,0.0,0.0,0.0,1350900000.0,1.0,1350900000.0,1.0,-1350900000.0,0.0,0.0,0.0,0.0,0.0,0.0031,0.0031,984096000,984096000,,,1.3727319285923325,0.0,,,,,,,,1958351040.0,,0.0,1.449663957361759,0.0,0.0,0.0,0.0,,,0.0,0.0,0.0,,0.0,0.0,,0.0,0.0,0.0,0.0047110552763819,0.0,0.0,0.0,0.0,0.0,,0.0,,,0.0,0.0,,,,,,,,,,0.0,0.0,0.0,0.0,0.0,0.0,,1988-02-28,,bmo,,2025-04-25,1988-02-29,,,
1987-11-30,WBA,USD,1618921,1987-11-30,1987-11-29 19:00:00,1988,Q1,1114800000.0,0.0,1114800000.0,1.0,0,0.0,0.0,0.0,1114800000.0,1114800000.0,1114800000.0,0.0,0.0,0.0,1114800000.0,1.0,1114800000.0,1.0,-1114800000.0,0.0,0.0,0.0,0.0,0.0,0.0013,0.0013,984096000,984096000,,,1.1328163106038436,0.0,,,,,,,,1633599360.0,,0.0,1.4653743810548978,0.0,0.0,0.0,0.0,,,0.0,0.0,0.0,,0.0,0.0,,0.0,0.0,0.0,0.0056475903614457,0.0,0.0,0.0,0.0,0.0,,0.0,,,0.0,0.0,,,,,,,,,,0.0,0.0,0.0,0.0,0.0,0.0,,1987-11-29,,bmo,,2025-04-25,1987-11-30,,,
1987-08-31,WBA,USD,1618921,1987-08-31,1987-08-30 20:00:00,1987,Q4,1075100000.0,0.0,1075100000.0,1.0,0,0.0,0.0,0.0,1075100000.0,1075100000.0,1075100000.0,0.0,0.0,0.0,-2995800000.0,-2.7865314854,-2995800000.0,-2.7865314854,2995800000.0,0.0,0.0,0.0,0.0,0.0,0.03,0.03,984064000,984096000,,,1.0925102432362124,0.0,,,0.0418671956295525,0.6323775689386056,0.6323775689386056,0.6323775689386056,0.1679768795525494,2558566400.0,2682666400.0,0.0,2.37984038694075,0.0,0.0,4.111467780813113,4.111467780813113,2.4952715096270115,-0.895475799452567,0.0,0.0,0.0,,0.2656275108468584,0.1213745502606652,-0.0414246611923359,1.7689003436426116,0.0,0.0,0.0032451923076923,0.0,0.0,0.0,0.0,0.0,,0.0,,0.0,,0.0,-0.3074241106269511,358000000.0,622300000.0,84000000.0,895600000.0,,,,5.449725606920286,0.0,0.0,16.51459293394777,0.0,0.0,0.0,,1987-08-30,,bmo,,2025-04-25,1987-08-31,,,
1987-05-31,WBA,USD,1618921,1987-05-31,1987-05-30 20:00:00,1987,Q3,1070800000.0,0.0,1070800000.0,1.0,0,0.0,0.0,0.0,1070800000.0,1070800000.0,1070800000.0,0.0,0.0,0.0,1070800000.0,1.0,1070800000.0,1.0,-1070800000.0,0.0,0.0,0.0,0.0,0.0,0.0019,0.0019,983968000,983968000,,,1.0882467722527562,0.0,,,,,,,,2253286720.0,,0.0,2.1043021292491595,0.0,0.0,0.0,0.0,,,0.0,0.0,0.0,,0.0,0.0,,0.0,0.0,0.0,0.0036844978165938,0.0,0.0,0.0,0.0,0.0,,0.0,,,0.0,0.0,,,,,,,,,,0.0,0.0,0.0,0.0,0.0,0.0,,1987-05-30,,bmo,,2025-04-25,1987-05-31,,,
1987-02-28,WBA,USD,1618921,1987-02-28,1987-02-27 19:00:00,1987,Q2,1175400000.0,0.0,1175400000.0,1.0,0,0.0,0.0,0.0,1175400000.0,1175400000.0,1175400000.0,0.0,0.0,0.0,1175400000.0,1.0,1175400000.0,1.0,-1175400000.0,0.0,0.0,0.0,0.0,0.0,0.0025,0.0025,983920000,983920000,,,1.194609317830718,0.0,,,,,,,,2292533600.0,,0.0,1.9504284498893991,0.0,0.0,0.0,0.0,,,0.0,0.0,0.0,,0.0,0.0,,0.0,0.0,0.0,0.0036212446351931,0.0,0.0,0.0,0.0,0.0,,0.0,,,0.0,0.0,,,,,,,,,,0.0,0.0,0.0,0.0,0.0,0.0,,1987-02-27,,bmo,,2025-04-25,1987-02-28,,,
1986-11-30,WBA,USD,1618921,1986-11-30,1986-11-29 19:00:00,1987,Q1,960300000.0,0.0,960300000.0,1.0,0,0.0,0.0,0.0,960300000.0,960300000.0,960300000.0,0.0,0.0,0.0,960300000.0,1.0,960300000.0,1.0,-960300000.0,0.0,0.0,0.0,0.0,0.0,0.0013,0.0013,983920000,983920000,,,0.9759939832506708,0.0,,,,,,,,2046553600.0,,0.0,2.131160678954493,0.0,0.0,0.0,0.0,,,0.0,0.0,0.0,,0.0,0.0,,0.0,0.0,0.0,0.0040567307692307,0.0,0.0,0.0,0.0,0.0,,0.0,,,0.0,0.0,,,,,,,,,,0.0,0.0,0.0,0.0,0.0,0.0,,1986-11-29,,bmo,,2025-04-25,1986-11-30,,,
1986-08-31,WBA,USD,1618921,1986-08-31,1986-08-30 20:00:00,1986,Q4,926700000.0,0.0,926700000.0,1.0,0,0.0,0.0,0.0,926700000.0,926700000.0,926700000.0,0.0,0.0,0.0,-2537300000.0,-2.7379950361,-2537300000.0,-2.7379950361,2537300000.0,0.0,0.0,0.0,0.0,0.0,0.03,0.03,983920000,983920000,,,0.9418448654362144,0.0,,,0.0997032279047077,0.5626473697048541,0.5626473697048541,0.5626473697048541,0.1691194406049272,2144945600.0,2213245600.0,0.0,2.314606237185713,0.0,0.0,3.874540462427746,3.874540462427746,2.3883086219920147,-0.872283766208174,0.0,0.0,0.0,,0.3005780346820809,0.1390025895915128,-0.0269183778031766,1.852366255144033,0.0,0.0,0.0035839449541284,0.0,0.0,0.0,0.0,0.0,,0.0,,0.0,,0.0,-0.2410256931457842,331400000.0,553600000.0,76700000.0,807000000.0,,,,4.214956296536096,0.0,0.0,21.352534562211986,0.0,0.0,0.0,,1986-08-30,,bmo,,2025-04-25,1986-08-31,,,
1986-05-31,WBA,USD,1618921,1986-05-31,1986-05-30 20:00:00,1986,Q3,913900000.0,0.0,913900000.0,1.0,0,0.0,0.0,0.0,913900000.0,913900000.0,913900000.0,0.0,0.0,0.0,913900000.0,1.0,913900000.0,1.0,-913900000.0,0.0,0.0,0.0,0.0,0.0,0.0019,0.0019,983840000,983840000,,,0.9289112050739958,0.0,,,,,,,,2312024000.0,,0.0,2.5298435277382647,0.0,0.0,0.0,0.0,,,0.0,0.0,0.0,,0.0,0.0,,0.0,0.0,0.0,0.0033246808510638,0.0,0.0,0.0,0.0,0.0,,0.0,,,0.0,0.0,,,,,,,,,,0.0,0.0,0.0,0.0,0.0,0.0,,1986-05-30,,bmo,,2025-04-25,1986-05-31,,,
1986-02-28,WBA,USD,1618921,1986-02-28,1986-02-27 19:00:00,1986,Q2,1002300000.0,0.0,1002300000.0,1.0,0,0.0,0.0,0.0,1002300000.0,1002300000.0,1002300000.0,0.0,0.0,0.0,1002300000.0,1.0,1002300000.0,1.0,-1002300000.0,0.0,0.0,0.0,0.0,0.0,0.0025,0.0025,983824000,983824000,,,1.0187797817495812,0.0,,,,,,,,1849589120.0,,0.0,1.8453448268981345,0.0,0.0,0.0,0.0,,,0.0,0.0,0.0,,0.0,0.0,,0.0,0.0,0.0,0.0041558510638297,0.0,0.0,0.0,0.0,0.0,,0.0,,,0.0,0.0,,,,,,,,,,0.0,0.0,0.0,0.0,0.0,0.0,,1986-02-27,,bmo,,2025-04-25,1986-02-28,,,
1985-11-30,WBA,USD,1618921,1985-11-30,1985-11-29 19:00:00,1986,Q1,817700000.0,0.0,817700000.0,1.0,0,0.0,0.0,0.0,817700000.0,817700000.0,817700000.0,0.0,0.0,0.0,817700000.0,1.0,817700000.0,1.0,-817700000.0,0.0,0.0,0.0,0.0,0.0,0.0013,0.0013,982224000,982224000,,,0.8324984932153969,0.0,,,,,,,,1689425280.0,,0.0,2.0660698055521585,0.0,0.0,0.0,0.0,,,0.0,0.0,0.0,,0.0,0.0,,0.0,0.0,0.0,0.0045424418604651,0.0,0.0,0.0,0.0,0.0,,0.0,,,0.0,0.0,,,,,,,,,,0.0,0.0,0.0,0.0,0.0,0.0,,1985-11-29,,bmo,,2025-04-25,1985-11-30,,,
1985-08-31,WBA,USD,1618921,1985-08-31,1985-08-30 20:00:00,1985,Q4,778800000.0,0.0,778800000.0,1.0,0,0.0,0.0,0.0,778800000.0,778800000.0,778800000.0,0.0,0.0,0.0,-2205300000.0,-2.8316640986,-2205300000.0,-2.8316640986,2205300000.0,0.0,0.0,0.0,0.0,0.0,0.03,0.03,982224000,982224000,,,0.7928944924986561,0.0,,,0.083891250875564,0.489704996009057,0.489704996009057,0.489704996009057,0.0780880939582009,1571558400.0,1565858400.0,0.0,2.0179229583975347,0.0,0.0,3.267273180873181,3.267273180873181,2.0106040061633283,-0.710043259420487,0.0,0.0,0.0,,0.1594594594594594,0.0797380185050421,0.002584682356142,1.763744427934621,0.0,0.0,0.0042968749999999,0.0,0.0,0.0,0.0,0.0,,0.0,,0.0,,0.0,-0.1496094577204385,257000000.0,481000000.0,112600000.0,624000000.0,,,,3.37442218798151,0.0,0.0,26.671232876712327,0.0,0.0,0.0,,1985-08-30,,bmo,,2025-04-25,1985-08-31,,,
