date,symbol,reportedCurrency,cik,fillingDate,acceptedDate,calendarYear,period,revenue,costOfRevenue,grossProfit,grossProfitRatio,researchAndDevelopmentExpenses,generalAndAdministrativeExpenses,sellingAndMarketingExpenses,sellingGeneralAndAdministrativeExpenses,otherExpenses,operatingExpenses,costAndExpenses,interestIncome,interestExpense,depreciationAndAmortization,ebitda,ebitdaratio,operatingIncome,operatingIncomeRatio,totalOtherIncomeExpensesNet,incomeBeforeTax,incomeBeforeTaxRatio,incomeTaxExpense,netIncome,netIncomeRatio,eps,epsdiluted,weightedAverageShsOut,weightedAverageShsOutDil,link,finalLink,revenuePerShare,netIncomePerShare,operatingCashFlowPerShare,freeCashFlowPerShare,cashPerShare,bookValuePerShare,tangibleBookValuePerShare,shareholdersEquityPerShare,interestDebtPerShare,marketCap,enterpriseValue,peRatio,priceToSalesRatio,pocfratio,pfcfRatio,pbRatio,ptbRatio,evToSales,enterpriseValueOverEBITDA,evToOperatingCashFlow,evToFreeCashFlow,earningsYield,freeCashFlowYield,debtToEquity,debtToAssets,netDebtToEBITDA,currentRatio,interestCoverage,incomeQuality,dividendYield,payoutRatio,salesGeneralAndAdministrativeToRevenue,researchAndDdevelopementToRevenue,intangiblesToTotalAssets,capexToOperatingCashFlow,capexToRevenue,capexToDepreciation,stockBasedCompensationToRevenue,grahamNumber,roic,returnOnTangibleAssets,grahamNetNet,workingCapital,tangibleAssetValue,netCurrentAssetValue,investedCapital,averageReceivables,averagePayables,averageInventory,daysSalesOutstanding,daysPayablesOutstanding,daysOfInventoryOnHand,receivablesTurnover,payablesTurnover,inventoryTurnover,roe,capexPerShare,report_date,epsEstimated,time,revenueEstimated,updatedFromDate,fiscalDateEnding,surprise(%),QuarterAvgPrice,QuarterAvgVolume
2024-12-31,WBD,USD,1437107,2025-02-27,2025-02-27 12:21:20,2024,Q4,10027000000.0,1888000000.0,8139000000.0,0.8117083874,0,759000000.0,1830000000.0,2398000000.0,15311000000.0,17709000000.0,19597000000.0,38000000.0,490000000.0,4710000000.0,4844000000.0,0.4830956418,-9564000000.0,-0.9538246734,9208000000.0,-356000000.0,-0.0355041388,284000000.0,-494000000.0,-0.0492669792,-0.2,-0.2,2454000000,2454000000,https://www.sec.gov/Archives/edgar/data/1437107/000143710725000031/0001437107-25-000031-index.htm,https://www.sec.gov/Archives/edgar/data/1437107/000143710725000031/wbd-20241231.htm,4.085982070089649,-0.2013039934800326,1.1063569682151588,0.9898125509372452,2.164629176854116,14.23716381418093,-9.383863080684597,13.87000814995925,16.297881010594946,25938780000.0,60131780000.0,-13.126912955465588,2.5868933878527973,9.553878453038674,10.678789625360231,0.7620759761436084,0.7620759761436084,5.996986137428942,12.4136622625929,22.14798526703499,24.75577603952244,-0.019044843280987,0.0936435715172417,1.160648705820137,0.3778213465952563,7.058835672997523,0.8904490828589501,-19.518367346938778,0.2512493059411438,0.0,0.0,0.075695621821083,0.0,0.55438026013772,0.1053406998158379,0.028522987932582,0.1669585522475189,0.013762840331106,,-0.1879134829741474,-0.0106022234622483,-24.395069274653626,-1732000000.0,-23028000000.0,-55544000000.0,62321000000.0,5730000000.0,1087500000.0,0.0,53.190385957913634,50.29131355932204,0.0,1.6920350995612554,1.78957345971564,0.0,-0.0145136175338602,0.1165444172779136,2025-02-27,-0.02637,bmo,10178526713.0,2025-05-11,2024-12-31,6.584376185058779,9.2925,29131580.890625
2024-09-30,WBD,USD,1437107,2024-11-07,2024-11-07 09:47:17,2024,Q3,9623000000.0,5181000000.0,4442000000.0,0.4616024109,0,703000000.0,1682000000.0,2385000000.0,1776000000.0,4161000000.0,9342000000.0,49000000.0,494000000.0,1762000000.0,1090000000.0,0.1132702899,281000000.0,0.0292008729,-459000000.0,-178000000.0,-0.0184973501,-175000000.0,-3000000.0,-0.0003117531,0.055,0.0547,2453000000,2470000000,https://www.sec.gov/Archives/edgar/data/1437107/000143710724000187/0001437107-24-000187-index.htm,https://www.sec.gov/Archives/edgar/data/1437107/000143710724000187/disca-20240930.htm,3.9229514879739096,-0.0012229922543823,0.5923359152058704,0.3978801467590705,1.3599673868732165,14.746840603342845,-9.56461475743987,14.30900937627395,16.59315124337546,20237250000.0,57110250000.0,-1686.4375,2.103008417333472,13.927907777013075,20.73488729508197,0.576559829059829,0.576559829059829,5.934765665592851,52.3947247706422,39.305058499655885,58.51460040983606,-0.0001482414853796,0.048227896576857,1.1455555555555557,0.3781422512296277,33.82844036697248,0.7967505575023893,0.5688259109311741,-0.1281757233592096,0.0,0.0,0.0730541411202327,0.0,0.5608418835168762,0.3282863041982106,0.0495687415566871,0.055458667596791,0.016522913852229,,5.05540617220118e-05,-6.424395571449986e-05,-25.54932735426009,-3190000000.0,-23462000000.0,-57654000000.0,62604000000.0,5850000000.0,1135500000.0,-1743500000.0,51.75724825937857,19.455703532136653,0.0,1.7388868810986629,4.6258928571428575,0.0,-8.547008547008547e-05,0.1944557684467998,2024-11-07,-0.09,bmo,9790839073.0,2025-04-23,2024-09-30,-1.5555555555555558,7.8146875,32605404.75
2024-06-30,WBD,USD,1437107,2024-08-07,2024-08-07 16:58:48,2024,Q2,9711000000.0,7944000000.0,1767000000.0,0.1819586036,0,-28000000.0,2430000000.0,2402000000.0,-15000000.0,2402000000.0,10346000000.0,63000000.0,518000000.0,1744000000.0,-8809000000.0,-0.9071156421,-635000000.0,-0.0653897642,173000000.0,-10035000000.0,-1.0333642261,-7000000.0,-9986000000.0,-1.0283184018,-4.07,-4.07,2451000000,2451000000,https://www.sec.gov/Archives/edgar/data/1437107/000143710724000165/0001437107-24-000165-index.htm,https://www.sec.gov/Archives/edgar/data/1437107/000143710724000165/disca-20240630.htm,3.962056303549572,-4.074255405956753,0.5010199918400653,0.3982048143614851,1.4904120767033864,14.44920440636475,-18.56058751529988,14.012647898816809,16.922072623419012,17402100000.0,54743100000.0,-0.4356624273983576,1.791998764287921,14.171091205211724,17.83002049180328,0.5066851070024749,0.5066851070024749,5.637225826382453,-6.214451129526621,44.57907166123778,56.08924180327869,-0.5738387895713737,0.0560851851213359,1.1925462221575194,0.3791389349156245,-4.238960154387558,0.7558532192705988,-1.225868725868726,-0.1229721610254356,0.0,0.0,-0.002883328184533,0.0,0.748937785224338,0.2052117263843648,0.025949953660797,0.1444954128440367,0.0163731850478838,,-0.0067556377123801,-0.3681881867118944,-26.96042431660547,-4338000000.0,-45492000000.0,-59184000000.0,82612000000.0,6234500000.0,1198000000.0,-1759500000.0,57.14550509731232,13.040030211480362,-39.50528700906344,1.574927019137204,6.9018245004344045,-2.2781760825924864,-0.2907555684961421,0.1028151774785801,2024-08-07,-0.26367,amc,10072537749.0,2025-04-23,2024-06-30,14.43596161869003,8.011904761904763,29571160.746031743
2024-03-31,WBD,USD,1437107,2024-05-09,2024-05-09 12:37:42,2024,Q1,9954000000.0,7957000000.0,1997000000.0,0.2006228652,0,84000000.0,2148000000.0,2111000000.0,-6000000.0,2111000000.0,10068000000.0,60000000.0,515000000.0,1888000000.0,1589000000.0,0.1596343179,-114000000.0,-0.0114526823,-552000000.0,-819000000.0,-0.082278481,136000000.0,-966000000.0,-0.0970464135,-0.4,-0.4,2443000000,2443000000,https://www.sec.gov/Archives/edgar/data/1437107/000143710724000110/0001437107-24-000110-index.htm,https://www.sec.gov/Archives/edgar/data/1437107/000143710724000110/disca-20240331.htm,4.074498567335244,-0.3954154727793696,0.2394596807204257,0.1596397871469504,1.4113794514940647,18.54031927957429,-19.10929185427753,18.07245190339746,17.639377814162913,21473970000.0,60665970000.0,-5.557445652173913,2.1573206751054848,36.707641025641024,55.06146153846153,0.4863756200312563,0.4863756200312563,6.0946323086196506,38.178709880427945,103.70251282051282,155.55376923076923,-0.0449846954242741,0.0181615229973777,0.9643722678988018,0.355352656924194,24.664568911264947,0.8198867657466383,-0.2213592233009708,-0.6055900621118012,0.0,0.0,0.0084388185654008,0.0,0.767641192131465,0.3333333333333333,0.0195901145268233,0.1032838983050847,0.0101466747036367,,-0.0012506035480267,-0.0346970295607198,-27.165677445763407,-3054000000.0,-46684000000.0,-60623000000.0,94861000000.0,5417500000.0,1252500000.0,-19500000.0,56.98915009041591,14.081940429810231,-0.3619454568304637,1.5792479771537362,6.391164658634538,-248.65625,-0.0218794591288985,0.0798198935734752,2024-05-09,-0.19552,bmo,10223233861.0,2025-04-23,2024-03-31,1.0458265139116203,9.63704918032787,26336143.606557377
2023-12-31,WBD,USD,1437107,2024-02-23,2024-02-23 17:10:16,2023,Q4,10289000000.0,7928000000.0,2361000000.0,0.2294683643,0,-27000000.0,2428000000.0,2401000000.0,-21000000.0,2401000000.0,10329000000.0,51000000.0,525000000.0,2024000000.0,1936000000.0,0.1881621149,-40000000.0,-0.003887647,-431000000.0,-613000000.0,-0.0595781903,-221000000.0,-400000000.0,-0.03887647,-0.16,-0.16,2436000000,2436000000,https://www.sec.gov/Archives/edgar/data/1437107/000143710724000017/0001437107-24-000017-index.htm,https://www.sec.gov/Archives/edgar/data/1437107/000143710724000017/wbd-20231231.htm,4.223727422003284,-0.1642036124794745,1.4688013136288998,1.3587848932676518,1.7976190476190477,19.077175697865357,-19.708949096880133,18.56568144499179,19.6264367816092,27721680000.0,70687680000.0,-17.326050000000002,2.694302653319079,7.747814421464506,8.375129909365558,0.6129589174368727,0.6129589174368727,6.870218680143843,36.51223140495867,19.756198993851317,21.355794561933536,-0.0144291399366849,0.1194011329760678,1.0455269092999602,0.3851918831512663,22.193181818181817,0.9273415079572136,-0.0761904761904762,-8.945,0.0,0.0,-0.0026241617261152,0.0,0.7696750490807042,0.0749021799888205,0.02604723491107,0.1324110671936759,0.0105938380795023,,-0.000234230292445,-0.0141472731131074,-28.124178981937604,-1114000000.0,-48011000000.0,-62067000000.0,102400000000.0,5422000000.0,1294500000.0,-36500000.0,39.64233647584799,14.303733602421795,-0.079465186680121,2.270300088261253,6.292063492063492,-1132.571428571429,-0.0088444699951355,0.1100164203612479,2024-02-23,-0.11,bmo,10344700000.0,2025-04-23,2023-12-31,0.4545454545454546,10.793968253968254,22634820.682539683
2023-09-30,WBD,USD,1437107,2023-11-08,2023-11-08 17:03:16,2023,Q3,9979000000.0,5309000000.0,4670000000.0,0.4679827638,0,495000000.0,1796000000.0,2291000000.0,-19000000.0,4280000000.0,9589000000.0,43000000.0,574000000.0,1989000000.0,2037000000.0,0.2041286702,97000000.0,0.0097204129,-629000000.0,-532000000.0,-0.0533119551,-125000000.0,-417000000.0,-0.0417877543,-0.17,-0.17,2438000000,2438000000,https://www.sec.gov/Archives/edgar/data/1437107/000143710723000173/0001437107-23-000173-index.htm,https://www.sec.gov/Archives/edgar/data/1437107/000143710723000173/disca-20230930.htm,4.093109105824446,-0.1710418375717801,1.0319934372436423,0.8445447087776866,0.9868744872846597,18.92616899097621,-20.883100902379,18.365053322395408,18.61115668580804,26476680000.0,68893680000.0,-15.873309352517984,2.653239803587534,10.523322734499205,12.858999514327344,0.5913405101174788,0.5913405101174788,6.903866118849584,33.82114874815906,27.38222575516693,33.45977659057795,-0.015749708800348,0.0777665477695844,1.0005806941528566,0.3620231274596158,20.823269513991164,0.8795585412667947,0.1689895470383275,-6.181818181818182,0.0,0.0,0.0496041687543842,0.0,0.7842891659730584,0.1816375198728139,0.0457961719611183,0.0883091787439613,0.0143300931957109,,0.0006717964079967,-0.0156214879748258,-28.91714520098441,-1757000000.0,-50913000000.0,-64776000000.0,101108000000.0,6541000000.0,1509000000.0,-60500000.0,56.92754785048602,22.529666603880205,-1.118854774910529,1.58095690747782,3.994732881866065,-80.43939393939394,-0.0093134408361995,0.1874487284659557,2023-11-08,-0.13,bmo,10041600000.0,2025-04-23,2023-09-30,0.3076923076923077,12.48111111111111,18663510.492063493
2023-06-30,WBD,USD,1437107,2023-08-03,2023-08-03 14:38:41,2023,Q2,10358000000.0,6636000000.0,3722000000.0,0.3593357791,0,43000000.0,2519000000.0,2562000000.0,42000000.0,4476000000.0,11112000000.0,518000000.0,574000000.0,1914000000.0,1013000000.0,0.0977988029,-906000000.0,-0.0874686233,-574000000.0,-1480000000.0,-0.1428847268,-260000000.0,-1240000000.0,-0.1197142305,-0.51,-0.51,2437000000,2437000000,https://www.sec.gov/Archives/edgar/data/1437107/000143710723000144/0001437107-23-000144-index.htm,https://www.sec.gov/Archives/edgar/data/1437107/000143710723000144/disca-20230630.htm,4.250307755437013,-0.508822322527698,0.8264259335248256,0.7066064833812064,1.247845711940911,19.19778416085351,-22.200656544932293,18.650800164136232,19.635207221994257,30559980000.0,74809980000.0,-6.16128629032258,2.9503745896891287,15.17377358490566,17.746794425087106,0.6723572120038722,0.6723572120038722,7.2224348329793395,73.84993089832182,37.14497517378352,43.44365853658537,-0.0405759427853028,0.0563482044163641,1.0401522485259174,0.3675768554945653,43.68213228035538,0.8146811782799006,-1.578397212543554,-1.6508196721311474,0.0,0.0,0.0041513805754006,0.0,0.7844003172184297,0.1449851042701092,0.0281907704189998,0.0445665445665445,0.0132264916006951,,-0.0065104899866435,-0.0447169130905156,-30.259335248256058,-3133000000.0,-54103000000.0,-68060000000.0,103228000000.0,6801500000.0,1406000000.0,-34000000.0,58.824097316084185,22.906871609403257,-0.7459312839059675,1.5299852289512554,3.9289520426287754,-120.65454545454546,-0.0272815277655548,0.1198194501436192,2023-08-03,-0.39,bmo,10456400000.0,2025-04-23,2023-06-30,0.3076923076923076,12.977580645161291,22316575.25806452
2023-03-31,WBD,USD,1437107,2023-05-05,2023-05-05 10:07:33,2023,Q1,10700000000.0,6685000000.0,4015000000.0,0.3752336449,0,90000000.0,2298000000.0,2388000000.0,2058000000.0,4446000000.0,11131000000.0,56000000.0,571000000.0,2058000000.0,1397000000.0,0.1305607477,-412000000.0,-0.0385046729,-681000000.0,-1238000000.0,-0.1157009346,-178000000.0,-1060000000.0,-0.0990654206,-0.44,-0.44,2432000000,2432000000,https://www.sec.gov/Archives/edgar/data/1437107/000143710723000077/0001437107-23-000077-index.htm,https://www.sec.gov/Archives/edgar/data/1437107/000143710723000077/disca-20230331.htm,4.399671052631579,-0.4358552631578947,-0.2594572368421052,-0.3824013157894737,1.071546052631579,19.671875,-22.832236842105264,19.11842105263158,20.35402960526316,36723200000.0,83059200000.0,-8.661132075471698,3.4320747663551403,-58.19841521394612,-39.48731182795699,0.7898141775636613,0.7898141775636613,7.762542056074766,59.4554044380816,-131.6310618066561,-89.31096774193549,-0.0288645869640989,-0.025324590449634,1.0523485891259463,0.3747013416651351,33.16821760916249,0.838034188034188,-0.7215411558669002,0.5952830188679246,0.0,0.0,0.008411214953271,0.0,0.7915977455124671,-0.473851030110935,0.0279439252336448,0.0440937914761834,0.0103738317757009,,-0.0029971327119274,-0.0389505401631513,-30.846114309210527,-2653000000.0,-55528000000.0,-69015000000.0,106042000000.0,7222000000.0,1288500000.0,-6500000.0,57.47383177570093,15.1189229618549,-0.175018698578908,1.565930045368067,5.952804986642921,-514.2307692307693,-0.0227976600137646,0.1229440789473684,2023-05-05,0.21,bmo,10776900000.0,2025-04-23,2023-03-31,-0.1428571428571428,14.23241935483871,20239402.43548387
2022-12-31,WBD,USD,1437107,2023-02-24,2023-02-24 16:09:13,2022,Q4,11008000000.0,6954000000.0,4054000000.0,0.3682776163,0,-1810000000.0,4321000000.0,2511000000.0,2169000000.0,4680000000.0,11634000000.0,0.0,558000000.0,2169000000.0,191000000.0,0.0173510174,-605000000.0,-0.0549600291,-647000000.0,-2541000000.0,-0.2308321221,-462000000.0,-2079000000.0,-0.1888626453,-0.86,-0.86,2429000000,2429000000,https://www.sec.gov/Archives/edgar/data/1437107/000143710723000019/0001437107-23-000019-index.htm,https://www.sec.gov/Archives/edgar/data/1437107/000143710723000019/disca-20221231.htm,4.53190613421161,-0.8559077809798271,1.1716755866611774,1.0218196788801976,1.546315356113627,20.03581720872787,-23.633182379580077,19.388637299300125,20.402223137093458,23026920000.0,68294920000.0,-2.768989898989899,2.091835029069768,8.090976809557274,9.277566478646254,0.4889461726297908,0.4889461726297908,6.204117005813954,357.5650261780105,23.99680955727337,27.51608380338437,-0.090285630905045,0.1077868859578267,1.0404289202675443,0.3656614502876844,237.00523560209425,0.932210161816608,-1.0842293906810037,-1.3689273689273689,0.0,0.0,-0.1644258720930232,0.0,0.7915761822672965,0.1278988053408292,0.0330668604651162,0.057741116751269,0.0086300872093023,,-0.0041475001885227,-0.0744387554155179,-31.23497324001647,-1018000000.0,-57405000000.0,-71335000000.0,110355000000.0,7147500000.0,1494000000.0,74500000.0,62.2265625,18.817946505608283,0.0,1.4463276836158192,4.782668500687758,0.0,-0.0441448136744877,0.1498559077809798,2023-02-23,-0.19164,amc,11202844707.0,2025-04-23,2022-12-31,-3.1916092673763305,11.28984126984127,27882996.126984127
2022-09-30,WBD,USD,1437107,2022-11-04,2022-11-03 17:50:21,2022,Q3,9823000000.0,5627000000.0,4196000000.0,0.4271607452,0,547000000.0,2042000000.0,2589000000.0,2233000000.0,4822000000.0,10449000000.0,530000000.0,555000000.0,2233000000.0,-58000000.0,-0.0059045098,-669000000.0,-0.0681054668,-661000000.0,-2851000000.0,-0.2902371984,-566000000.0,-2285000000.0,-0.2326173267,-0.94,-0.94,2428000000,2428000000,https://www.sec.gov/Archives/edgar/data/1437107/000143710722000231/0001437107-22-000231-index.htm,https://www.sec.gov/Archives/edgar/data/1437107/000143710722000231/disca-20220930.htm,4.045716639209226,-0.9411037891268532,0.0510708401976935,-0.0790774299835255,1.0032948929159802,20.626029654036245,-24.46540362438221,19.982289950576607,20.767710049423396,27922000000.0,75369000000.0,-3.05492341356674,2.842512470731956,225.17741935483872,-145.42708333333334,0.5755096151864295,0.5755096151864295,7.67270691234857,-1299.4655172413793,607.8145161290323,-392.546875,-0.0818351120979872,-0.006876298259437,1.0278665210132532,0.3665517570875199,-818.051724137931,0.8634505314799673,-1.2054054054054053,-0.0542669584245076,0.0,0.0,0.055685635752825,0.0,0.804724768282016,2.548387096774193,0.0321693983508093,0.0557515878616796,0.0108928026061284,,-0.004357531604985,-0.0860089584823277,-32.308690280065896,-2004000000.0,-59402000000.0,-73297000000.0,112621000000.0,6866500000.0,1465500000.0,144000000.0,61.23994706301537,24.53527634618802,2.383152656833126,1.4696289646918013,3.668187744458931,37.76510067114094,-0.0470968938722509,0.1301482701812191,2022-11-03,-0.06707,amc,10332807959.0,2025-04-23,2022-09-30,-3.534665275085731,13.58921875,23906846.703125
2022-06-30,WBD,USD,1437107,2022-08-05,2022-08-04 22:01:59,2022,Q2,9827000000.0,6625000000.0,3202000000.0,0.3258369797,0,817000000.0,2721000000.0,3538000000.0,-9000000.0,5804000000.0,12429000000.0,0.0,511000000.0,2266000000.0,-2489000000.0,-0.2532817747,-3639000000.0,-0.370306299,-605000000.0,-4244000000.0,-0.4318713748,-836000000.0,-3418000000.0,-0.3478172382,-1.5,-1.5,2286000000,2286000000,https://www.sec.gov/Archives/edgar/data/1437107/000143710722000209/0001437107-22-000209-index.htm,https://www.sec.gov/Archives/edgar/data/1437107/000143710722000209/disca-20220630.htm,4.298775153105861,-1.495188101487314,0.442257217847769,0.3451443569553806,1.1325459317585302,23.161417322834644,-26.321084864391956,22.477252843394577,23.182852143482062,30678120000.0,80588120000.0,-2.2438648332358104,3.1218194769512566,30.34433234421365,38.882281368821296,0.5970480509117801,0.5970480509117801,8.200683830263559,-32.37770992366412,79.71129574678537,102.1395690747782,-0.1114149106920502,0.0257186555108331,1.021446782009614,0.3689890326209223,-20.052229811169145,1.070171792740371,-7.12133072407045,-0.2966549295774648,0.0,0.0,0.0831382924595502,0.0,0.7952544994375703,0.2195845697329377,0.022590821206879,0.0281582952815829,0.0152640683830263,,-0.0225975169456887,-0.1173642825258386,-35.58519247594051,1013000000.0,-60170000000.0,-73844000000.0,119727000000.0,4737500000.0,959000000.0,290500000.0,64.55785081917166,18.97811320754717,1.888301886792453,1.3940984536813732,4.742304939155333,47.66187050359712,-0.0665200552711986,0.0971128608923884,2022-08-04,-0.00283,amc,11816594609.0,2025-04-23,2022-06-30,37.869257950530034,18.54967741935484,24514496.951612905
2022-03-31,WBD,USD,1437107,2022-04-26,2022-04-26 15:32:19,2022,Q1,3159000000.0,1236000000.0,1923000000.0,0.6087369421,0,-442000000.0,1482000000.0,1040000000.0,525000000.0,1565000000.0,2801000000.0,2000000.0,153000000.0,525000000.0,970000000.0,0.3070591959,353000000.0,0.1117442229,323000000.0,676000000.0,0.2139917695,201000000.0,456000000.0,0.1443494777,0.69,0.69,665000000,665000000,https://www.sec.gov/Archives/edgar/data/1437107/000143710722000138/0001437107-22-000138-index.htm,https://www.sec.gov/Archives/edgar/data/1437107/000143710722000138/disca-20220331.htm,4.750375939849624,0.6857142857142857,0.4857142857142857,0.3578947368421052,6.299248120300752,20.393984962406016,-13.607518796992482,17.998496240601504,21.88270676691729,16571800000.000002,26808800000.0,9.085416666666667,5.2459006014561576,51.30588235294118,69.62941176470589,1.3845601136268697,1.3845601136268697,8.486483064260842,27.637938144329897,82.99938080495356,112.6420168067227,0.027516624627379,0.0143617470642899,1.203024479906425,0.4260185212580253,10.55360824742268,2.013756316676025,2.30718954248366,0.68,0.0,0.0,-0.139917695473251,0.0,0.66898428947602,0.2631578947368421,0.0269072491294713,0.0567423230974632,0.0189933523266856,16.664065676028603,0.0079932951187007,0.040757954951734,-21.06390977443609,3611000000.0,-9049000000.0,-13064000000.0,27550000000.0,2436000000.0,466500000.0,555000000.0,69.11680911680912,37.93689320388349,32.18446601941747,1.3021434460016488,2.3723608445297506,2.7963800904977374,0.0380984209207118,0.1278195488721804,2022-04-26,0.04,bmo,3667028758.0,2025-04-23,2022-03-31,16.249999999999996,27.431774193548385,9336212.935483873
2021-12-31,WBD,USD,1437107,2022-02-24,2022-02-24 14:14:26,2021,Q4,3187000000.0,1067000000.0,2120000000.0,0.6652023847,0,-5146000000.0,6215000000.0,1069000000.0,-173000000.0,1608000000.0,2675000000.0,14000000.0,154000000.0,539000000.0,885000000.0,0.2776906181,508000000.0,0.1593975526,-325000000.0,183000000.0,0.0574207719,92000000.0,38000000.0,0.011923439,0.08,0.08,507000000,663000000,https://www.sec.gov/Archives/edgar/data/1437107/000143710722000031/0001437107-22-000031-index.htm,https://www.sec.gov/Archives/edgar/data/1437107/000143710722000031/disca-20211231.htm,6.285996055226825,0.0749506903353057,1.7435897435897436,1.5463510848126232,7.806706114398422,26.42209072978304,-19.06311637080868,22.877712031558183,29.414201183431956,11934780000.0,22788780000.0,78.51828947368422,3.744832130530279,13.500882352941176,15.222933673469388,1.0289490473316665,1.0289490473316665,7.150542830247882,25.750033898305084,25.7791628959276,29.06732142857143,0.003183971552052,0.0656903604423374,1.2724372790757823,0.4287042147151945,12.264406779661018,2.100028910089621,3.2987012987012987,9.714285714285714,0.0,0.0,-1.6146846564166928,0.0,0.6698521509280506,0.1131221719457013,0.0313774709758393,0.0766283524904214,0.0138060872293693,6.211340996620323,0.0080688670858888,0.0033433045926447,-29.39743589743589,3805000000.0,-9665000000.0,-13767000000.0,28202000000.0,2454000000.0,1359000000.0,746000000.0,69.07436460621274,34.751640112464855,56.34489222118088,1.302943581357318,2.5898058252427183,1.597305389221557,0.0032761444952151,0.1972386587771203,2022-02-24,0.83,bmo,3123672132.0,2025-04-23,2021-12-31,-0.9036144578313252,24.896875,6231659.8125
2021-09-30,WBD,USD,1437107,2021-11-03,2021-11-03 14:48:47,2021,Q3,3150000000.0,1529000000.0,1621000000.0,0.5146031746,0,-514000000.0,1458000000.0,944000000.0,1000000.0,1285000000.0,2814000000.0,1000000.0,159000000.0,341000000.0,733000000.0,0.2326984127,329000000.0,0.1044444444,-96000000.0,233000000.0,0.073968254,36000000.0,156000000.0,0.0495238095,0.24,0.24,589000000,663000000,https://www.sec.gov/Archives/edgar/data/1437107/000143710721000183/0001437107-21-000183-index.htm,https://www.sec.gov/Archives/edgar/data/1437107/000143710721000183/disca-20210930.htm,5.34804753820034,0.264855687606112,1.3769100169779287,1.1969439728353142,5.292020373514431,22.74702886247878,-17.03056027164686,19.71307300509337,25.37181663837012,14948820000.0,26617820000.0,23.956442307692303,4.745657142857143,18.432577065351417,21.204,1.287470502110068,1.287470502110068,8.450101587301587,36.31353342428377,32.82098643649815,37.75577304964539,0.0104356062886568,0.0471609130352763,1.2733614675738525,0.4308234745614546,15.91950886766712,1.9958020989505247,2.069182389937107,4.116751269035533,0.0,0.0,-0.1631746031746031,0.0,0.6827029547176409,0.1307028360049321,0.0336507936507936,0.0679487179487179,0.0123809523809523,10.83859718210127,0.0088780601932289,0.0143263844246487,-26.39134125636672,3321000000.0,-10031000000.0,-14264000000.0,28060000000.0,2559500000.0,2155500000.0,704000000.0,70.34285714285714,135.73577501635057,48.50228907782865,1.27944760357433,0.663052905464007,1.855582524271845,0.01343553526828,0.1799660441426146,2021-11-03,0.41,bmo,,2025-04-23,2021-09-30,-0.4146341463414634,28.11484375,5491844.5625
2021-06-30,WBD,USD,1437107,2021-08-03,2021-08-03 14:03:23,2021,Q2,3062000000.0,1055000000.0,2007000000.0,0.6554539517,0,-685000000.0,1637000000.0,952000000.0,1000000.0,1293000000.0,2348000000.0,2000000.0,157000000.0,341000000.0,1218000000.0,0.3977792293,779000000.0,0.2544088831,-59000000.0,720000000.0,0.2351404311,2000000.0,672000000.0,0.2194644024,1.02,1.01,589000000,664000000,https://www.sec.gov/Archives/edgar/data/1437107/000143710721000166/0001437107-21-000166-index.htm,https://www.sec.gov/Archives/edgar/data/1437107/000143710721000166/disca-20210630.htm,5.1986417657045845,1.140916808149406,1.4159592529711376,1.2852292020373517,4.813242784380305,22.594227504244483,-17.63327674023769,19.589134125636672,25.813242784380307,18070520000.0,30283520000.0,6.72266369047619,5.901541476159373,21.66729016786571,23.871228533685603,1.5661743803085455,1.5661743803085455,9.890111038536904,24.863316912972085,36.31117505995204,40.0046499339498,0.0371876404220797,0.0418914342254677,1.3041254983532675,0.4352366076593775,10.027093596059114,1.8872370266479663,4.961783439490445,1.1615598885793872,0.0,0.0,-0.2237099934683213,0.0,0.6853523082263103,0.092326139088729,0.0251469627694317,0.0691202872531418,0.0101241018941868,22.42466005479726,0.0245896464646464,0.0617760617760617,-27.40959252971137,3163000000.0,-10386000000.0,-14536000000.0,28096000000.0,2566500000.0,2040000000.0,621500000.0,78.09601567602874,171.04265402843603,49.81990521327014,1.1524275498682726,0.5261845386533666,1.8065068493150684,0.0582423296931877,0.1307300509337861,2021-08-03,0.86,bmo,,2025-04-23,2021-06-30,0.0348837209302325,34.68190476190476,12343969.84126984
2021-03-31,WBD,USD,1437107,2021-04-29,2021-04-29 15:33:54,2021,Q1,2792000000.0,969000000.0,1823000000.0,0.6529369628,0,-364000000.0,1415000000.0,1051000000.0,68000000.0,1412000000.0,2381000000.0,1000000.0,163000000.0,361000000.0,821000000.0,0.2940544413,396000000.0,0.1418338109,-99000000.0,297000000.0,0.1063753582,106000000.0,140000000.0,0.0501432665,0.21,0.21,585000000,667000000,https://www.sec.gov/Archives/edgar/data/1437107/000143710721000088/0001437107-21-000088-index.htm,https://www.sec.gov/Archives/edgar/data/1437107/000143710721000088/disca-20210331.htm,4.772649572649573,0.2393162393162393,0.4598290598290598,0.305982905982906,3.7487179487179487,21.495726495726498,-19.128205128205128,18.487179487179485,25.964102564102564,25424100000.0,38442100000.0,45.40017857142857,9.106053008595987,94.51338289962824,142.0340782122905,2.350818307905687,2.350818307905687,13.768660458452722,46.823507917174176,142.9074349442379,214.76033519553076,0.0055065862705071,0.0070405638744341,1.3893666204345816,0.4468698884758364,15.856272838002436,1.8666454487587525,2.4294478527607364,1.4083769633507854,0.0,0.0,-0.1303724928366762,0.0,0.7067657992565056,0.3345724907063197,0.0322349570200573,0.0815217391304347,0.0229226361031518,9.977291771057546,0.0082592808804133,0.0141987829614604,-28.4965811965812,2723000000.0,-11190000000.0,-15185000000.0,27677000000.0,2506500000.0,1236000000.0,814500000.0,79.81375358166189,192.7244582043344,61.20743034055728,1.1276252019386106,0.4669879518072289,1.4704097116843702,0.0129449838187702,0.1538461538461538,2021-04-28,0.65,bmo,,2025-04-23,2021-03-31,-0.1846153846153846,49.932131147540986,13999417.786885248
2020-12-31,WBD,USD,1437107,2021-02-22,2021-02-22 15:46:53,2020,Q4,2886000000.0,1129000000.0,1757000000.0,0.6088011088,0,-4774000000.0,5583000000.0,809000000.0,134000000.0,1167000000.0,2296000000.0,4000000.0,163000000.0,1196000000.0,1775000000.0,0.615038115,488000000.0,0.1690921691,-72000000.0,416000000.0,0.1441441441,98000000.0,271000000.0,0.0939015939,0.42,0.42,489000000,657000000,https://www.sec.gov/Archives/edgar/data/1437107/000143710721000018/0001437107-21-000018-index.htm,https://www.sec.gov/Archives/edgar/data/1437107/000143710721000018/disca-20201231.htm,5.901840490797546,0.5541922290388548,1.130879345603272,0.901840490797546,4.341513292433538,25.32310838445808,-24.06134969325153,21.39877300613497,31.834355828220858,14714010000.0,28027010000.0,13.573809963099633,5.098409563409564,26.607613019891502,33.365102040816325,1.4061553899082568,1.4061553899082568,9.711368676368677,15.789864788732396,50.681754068716096,63.55331065759637,0.0184178208387788,0.0299714353870902,1.4720948012232415,0.4519024848182592,7.500281690140845,1.9889682024659312,2.9938650306748467,1.7389937106918238,0.0,0.0,-1.6541926541926542,0.0,0.7084519024848183,0.2025316455696202,0.0388080388080388,0.0936454849498327,0.0166320166320166,16.334878588368642,0.0118545335432331,0.0272690682229824,-35.16002044989775,3048000000.0,-11766000000.0,-15574000000.0,28403000000.0,2490500000.0,400000000.0,861000000.0,79.11642411642411,31.647475642161204,77.32506643046945,1.1375640520299566,2.8438287153652397,1.163917525773196,0.0258983180428134,0.2290388548057259,2021-02-22,0.72,bmo,,2025-04-23,2020-12-31,0.0555555555555556,24.51671875,5446100.625
2020-09-30,WBD,USD,1437107,2020-11-06,2020-11-05 20:29:55,2020,Q3,2561000000.0,1003000000.0,1558000000.0,0.6083561109,0,-673000000.0,1306000000.0,633000000.0,-28000000.0,974000000.0,1977000000.0,1000000.0,161000000.0,341000000.0,831000000.0,0.324482624,531000000.0,0.2073408825,-212000000.0,319000000.0,0.1245607185,-11000000.0,300000000.0,0.1171417415,0.44,0.44,505000000,672000000,https://www.sec.gov/Archives/edgar/data/1437107/000143710720000089/0001437107-20-000089-index.htm,https://www.sec.gov/Archives/edgar/data/1437107/000143710720000089/disca-20200930.htm,5.071287128712871,0.594059405940594,1.702970297029703,1.5584158415841585,4.2693069306930695,23.84158415841584,-24.067326732673266,19.97425742574257,30.64950495049505,10993850000.0,24417850000.0,9.161541666666666,4.292795782897306,12.783546511627907,13.969313850063532,1.0899028452463566,1.0899028452463566,9.534498242873877,29.383694344163658,28.392848837209304,31.026493011435832,0.0272879837363616,0.0715854773350555,1.5184891444433428,0.4580716550032896,16.154031287605296,1.9876632801161105,3.298136645962733,2.606060606060606,0.0,0.0,-0.2627879734478719,0.0,0.7235480590944434,0.0848837209302325,0.0285044904334244,0.0661231884057971,0.0124951190941038,16.339603690418123,0.0177094056621183,0.0324534833405452,-33.72871287128713,2722000000.0,-12154000000.0,-15920000000.0,28041000000.0,2458500000.0,385000000.0,600000000.0,85.88832487309645,36.16151545363908,67.47756729810568,1.047872340425532,2.488833746898263,1.3337765957446808,0.0297412511152969,0.1445544554455445,2020-11-05,0.66,bmo,,2025-04-23,2020-09-30,0.2272727272727273,21.84,3955838.921875
2020-06-30,WBD,USD,1437107,2020-08-05,2020-08-05 15:55:46,2020,Q2,2541000000.0,810000000.0,1731000000.0,0.681227863,0,-638000000.0,1273000000.0,635000000.0,-1000000.0,969000000.0,1779000000.0,1000000.0,161000000.0,985000000.0,962000000.0,0.3785911059,717000000.0,0.2821723731,-261000000.0,456000000.0,0.1794569067,156000000.0,271000000.0,0.1066509248,0.4,0.4,508000000,674000000,https://www.sec.gov/Archives/edgar/data/1437107/000143710720000069/0001437107-20-000069-index.htm,https://www.sec.gov/Archives/edgar/data/1437107/000143710720000069/disca-20200630.htm,5.001968503937008,0.5334645669291339,1.9507874015748032,1.7303149606299213,3.3346456692913384,23.228346456692915,-25.23228346456693,19.423228346456693,30.401574803149607,10718800000.0,24318800000.0,9.88819188191882,4.218339236521055,10.81614530776993,12.194311717861206,1.086328164589034,1.086328164589034,9.57056277056277,25.27941787941788,24.53965691220989,27.666439135381115,0.0252826808971153,0.0820054483710863,1.5489003749873316,0.4618755477651183,14.137214137214135,1.8311335403726707,4.453416149068323,3.303333333333333,0.0,0.0,-0.2510822510822511,0.0,0.7439934721508659,0.1130171543895055,0.0440771349862259,0.1137055837563451,0.0133805588351042,15.268794720268016,0.0152894634485864,0.0319915004131743,-34.48080708661417,2141000000.0,-12818000000.0,-16572000000.0,27847000000.0,2518500000.0,394000000.0,484000000.0,87.59149940968123,40.77777777777778,49.77777777777778,1.0274969672462595,2.20708446866485,1.8080357142857144,0.0274652883348535,0.2204724409448819,2020-08-05,0.7,bmo,,2025-04-23,2020-06-30,0.1,21.59888888888889,5348387.634920635
2020-03-31,WBD,USD,1437107,2020-05-06,2020-05-06 15:16:44,2020,Q1,2683000000.0,918000000.0,1765000000.0,0.6578456951,0,-757000000.0,1402000000.0,645000000.0,-58000000.0,971000000.0,1889000000.0,4000000.0,163000000.0,1030000000.0,1038000000.0,0.3868803578,779000000.0,0.2903466269,-242000000.0,537000000.0,0.2001490868,130000000.0,377000000.0,0.1405143496,0.55,0.55,517000000,685000000,https://www.sec.gov/Archives/edgar/data/1437107/000143710720000026/0001437107-20-000026-index.htm,https://www.sec.gov/Archives/edgar/data/1437107/000143710720000026/disca-20200331.htm,5.189555125725338,0.7292069632495164,0.6479690522243714,0.4448742746615087,2.833655705996132,22.05802707930367,-26.402321083172147,18.317214700193425,31.01934235976789,10050480000.0,24471480000.0,6.66477453580902,3.745985836749907,30.001432835820896,43.69773913043478,1.061296726504752,1.061296726504752,9.120939247111442,23.575606936416182,73.04919402985075,106.3977391304348,0.0375106462576911,0.0228844791492545,1.6762407602956706,0.4754117999401018,13.893063583815028,1.6090434782608696,4.779141104294479,0.8230958230958231,0.0,0.0,-0.2821468505404398,0.0,0.7503444144953579,0.3134328358208955,0.0391352963101006,0.1019417475728155,-0.0014908684308609,17.335899497895763,0.018970993831329,0.045225527831094,-35.47001934235977,1751000000.0,-13650000000.0,-17360000000.0,27845000000.0,2598500000.0,442000000.0,486500000.0,86.00819977636974,41.27450980392157,50.98039215686274,1.046411856474259,2.180522565320665,1.765384615384615,0.0398099260823653,0.2030947775628626,2020-05-06,0.84,bmo,,2025-04-23,2020-03-31,0.0357142857142857,27.445,5449994.629032258
2019-12-31,WBD,USD,1437107,2020-02-27,2020-02-27 15:21:02,2019,Q4,2874000000.0,1037000000.0,1837000000.0,0.6391788448,0,-5251000000.0,6044000000.0,793000000.0,2000000.0,1126000000.0,2163000000.0,4000000.0,162000000.0,333000000.0,1068000000.0,0.3716075157,705000000.0,0.245302714,-142000000.0,563000000.0,0.1958942241,52000000.0,476000000.0,0.1656228253,0.68,0.67,527000000,702000000,https://www.sec.gov/Archives/edgar/data/1437107/000143710720000006/0001437107-20-000006-index.htm,https://www.sec.gov/Archives/edgar/data/1437107/000143710720000006/disca-2019123110kq4.htm,5.453510436432637,0.9032258064516128,2.3377609108159394,2.1480075901328277,2.9449715370018974,22.705882352941178,-24.44022770398482,18.768500948766604,29.56546489563567,17253980000.0,31120980000.0,9.061964285714286,6.003472512178149,14.004853896103896,15.242031802120142,1.744412091800627,1.744412091800627,10.828455114822548,29.139494382022477,25.26053571428572,27.49203180212014,0.0275878377046919,0.0656080510119983,1.5588919219492468,0.4570623981028605,12.984082397003744,1.610682309354739,4.351851851851852,2.410958904109589,0.0,0.0,-1.827070285316632,0.0,0.7365051133837262,0.0811688311688311,0.034794711203897,0.0902527075812274,0.0208768267223382,19.53008894296428,0.0204867947451262,0.053549330633367,-34.185483870967744,1978000000.0,-12880000000.0,-16552000000.0,27775000000.0,2664000000.0,421500000.0,408000000.0,82.45302713987475,40.18322082931533,39.31533269045323,1.0915305734903151,2.239740820734341,2.2891832229580573,0.0481245576786978,0.1897533206831119,2020-02-27,0.92,bmo,,2025-04-23,2019-12-31,0.0652173913043477,30.13234375,3638632.421875
2019-09-30,WBD,USD,1437107,2019-11-07,2019-11-07 12:50:03,2019,Q3,2678000000.0,914000000.0,1764000000.0,0.6587005228,0,-753000000.0,1413000000.0,660000000.0,322000000.0,982000000.0,1896000000.0,9000000.0,163000000.0,1022000000.0,944000000.0,0.3525018671,619000000.0,0.2311426438,-175000000.0,444000000.0,0.1657953697,147000000.0,262000000.0,0.0978342046,0.35,0.35,535000000,713000000,https://www.sec.gov/Archives/edgar/data/1437107/000143710719000050/0001437107-19-000050-index.htm,https://www.sec.gov/Archives/edgar/data/1437107/000143710719000050/disca-201993010q.htm,5.005607476635514,0.4897196261682243,1.777570093457944,1.652336448598131,1.5420560747663552,21.642990654205608,-24.99626168224299,17.790654205607478,29.029906542056075,14247050000.0,28802050000.0,13.594513358778626,5.320033607169529,14.981125131440589,16.116572398190044,1.496853330531624,1.496853330531624,10.755059746079164,30.51064618644068,30.286067297581493,32.58150452488688,0.0183897719176952,0.0620479327299335,1.6146249212019332,0.4681797410510281,15.41843220338983,1.5202678886147338,3.7975460122699385,3.202020202020202,0.0,0.0,-0.2811799850634802,0.0,0.7601523229246001,0.0704521556256572,0.0250186706497386,0.0655577299412915,0.0048543689320388,14.0010618116738,0.0135318412631396,0.033278292899784,-34.05280373831776,1476000000.0,-13373000000.0,-16933000000.0,27284000000.0,2774500000.0,352500000.0,395000000.0,90.5713218820015,37.41794310722101,35.74398249452954,0.9936920222634508,2.405263157894737,2.517906336088154,0.027526791342719,0.1252336448598131,2019-11-07,0.82,bmo,,2025-04-23,2019-09-30,0.0609756097560976,29.04375,3914645.40625
2019-06-30,WBD,USD,1437107,2019-08-06,2019-08-06 17:00:00,2019,Q2,2885000000.0,938000000.0,1947000000.0,0.6748700173,0,-910000000.0,1619000000.0,709000000.0,9000000.0,1029000000.0,1967000000.0,0.0,161000000.0,320000000.0,1207000000.0,0.4183708839,911000000.0,0.3157712305,-195000000.0,716000000.0,0.2481802426,-271000000.0,947000000.0,0.3282495667,1.33,1.33,528000000,716000000,https://www.sec.gov/Archives/edgar/data/1437107/000143710719000039/0001437107-19-000039-index.htm,https://www.sec.gov/Archives/edgar/data/1437107/000143710719000039/disca-201963010q.htm,5.464015151515151,1.793560606060606,1.2765151515151516,1.128787878787879,2.5265151515151514,22.09280303030303,-26.490530303030305,18.22159090909091,31.571969696969692,16199040000.0,31387040000.0,4.276409714889124,5.614918544194108,24.03418397626113,27.17959731543624,1.6837168693483004,1.6837168693483004,10.879389948006931,26.00417564208782,46.56830860534125,52.66281879194631,0.0584602544348307,0.0367923037414562,1.7159338946055505,0.4877825380410696,12.583264291632146,1.2731027361899845,5.658385093167702,0.6828774062816616,0.0,0.0,-0.315424610051993,0.0,0.7579258383808539,0.115727002967359,0.0270363951473136,0.0779220779220779,0.0135181975736568,27.117049466556907,0.0396691368708907,0.1155864762602221,-35.02272727272727,1058000000.0,-13987000000.0,-17248000000.0,27538000000.0,2739500000.0,319500000.0,359000000.0,89.03292894280763,31.18336886993604,40.97014925373134,1.0108619481429573,2.8861538461538463,2.19672131147541,0.0984305165783182,0.1477272727272727,2019-08-06,1.06,bmo,,2025-04-23,2019-06-30,-0.0849056603773585,29.06,4053116.8253968256
2019-03-31,WBD,USD,1437107,2019-05-02,2019-05-02 16:58:22,2019,Q1,2707000000.0,930000000.0,1777000000.0,0.6564462505,0,-789000000.0,1415000000.0,626000000.0,8000000.0,998000000.0,1928000000.0,0.0,182000000.0,1069000000.0,1132000000.0,0.4181751016,774000000.0,0.2859253786,-203000000.0,571000000.0,0.210934614,153000000.0,384000000.0,0.1418544514,0.53,0.53,524000000,714000000,https://www.sec.gov/Archives/edgar/data/1437107/000143710719000026/0001437107-19-000026-index.htm,https://www.sec.gov/Archives/edgar/data/1437107/000143710719000026/disca-201933110q.htm,5.166030534351145,0.732824427480916,1.034351145038168,0.950381679389313,1.4465648854961832,20.49618320610687,-28.169847328244277,16.61832061068702,31.536259541984737,14541000000.0,30139000000.0,9.466796875,5.371629109715553,26.828413284132843,29.198795180722893,1.6698438217730824,1.6698438217730824,11.133727373476171,26.624558303886925,55.6070110701107,60.52008032128514,0.0264080874767897,0.0342479884464617,1.8767799724391363,0.5037295031438787,13.779151943462898,1.158273381294964,4.252747252747253,1.2966507177033493,0.0,0.0,-0.2914665681566309,0.0,0.7860004931574405,0.081180811808118,0.0162541558921315,0.0411599625818522,0.0110823790173623,16.553307946222503,0.0186653694316065,0.0553075039608238,-35.93845419847328,550000000.0,-14761000000.0,-17679000000.0,26853000000.0,2622500000.0,319500000.0,301500000.0,87.27373476172886,30.387096774193548,28.161290322580644,1.0312380952380953,2.961783439490446,3.195876288659794,0.0440973817179604,0.0839694656488549,2019-05-02,0.79,bmo,,2025-04-23,2019-03-31,0.10126582278481,27.822786885245904,3941245.8852459015
2018-12-31,WBD,USD,1437107,2019-03-01,2019-03-01 12:46:38,2018,Q4,2809000000.0,946000000.0,1863000000.0,0.6632253471,0,-4857000000.0,5514000000.0,657000000.0,-36000000.0,1054000000.0,2000000000.0,0.0,171000000.0,1162000000.0,1827000000.0,0.6504093984,711000000.0,0.2531149875,-217000000.0,494000000.0,0.1758632965,195000000.0,269000000.0,0.0957636169,0.38,0.38,524000000,715000000,https://www.sec.gov/Archives/edgar/data/1437107/000143710719000013/0001437107-19-000013-index.htm,https://www.sec.gov/Archives/edgar/data/1437107/000143710719000013/disca-2018123110k.htm,5.360687022900764,0.5133587786259542,1.7729007633587786,1.6946564885496185,1.9064885496183208,20.0706106870229,-29.06870229007633,16.00381679389313,32.85496183206107,12963760000.0,29022760000.0,12.04810408921933,4.615080099679601,13.95453175457481,14.598828828828829,1.545881230622466,1.545881230622466,10.332061231755072,15.885473453749317,31.24086114101184,32.68328828828829,0.0207501527334662,0.0684986454547137,2.0325542570951587,0.5236559139784946,8.789819376026273,1.0585439079309482,4.157894736842105,3.1070234113712374,0.0,0.0,-1.7290850836596654,0.0,0.7910599078341014,0.0441334768568353,0.0145959416162335,0.0352839931153184,-0.0042719829120683,13.596074671021652,0.014126250829279,0.0395530069107484,-36.09351145038168,234000000.0,-15232000000.0,-17802000000.0,26783000000.0,2599000000.0,302500000.0,384000000.0,83.94446422214311,30.91966173361521,29.68287526427061,1.0721374045801526,2.9107692307692306,3.032051282051282,0.0320772716432148,0.0782442748091603,2019-02-26,0.8,bmo,,2025-04-23,2018-12-31,-0.075,30.447777777777777,4625767.015873016
2018-09-30,WBD,USD,1437107,2018-11-09,2018-11-09 14:24:11,2018,Q3,2592000000.0,934000000.0,1658000000.0,0.6396604938,0,-698000000.0,1365000000.0,667000000.0,-15000000.0,1065000000.0,1999000000.0,0.0,185000000.0,2921000000.0,767000000.0,0.2959104938,369000000.0,0.1423611111,-191000000.0,178000000.0,0.0686728395,43000000.0,117000000.0,0.0451388889,0.16,0.16,523000000,713000000,https://www.sec.gov/Archives/edgar/data/1437107/000143710718000091/0001437107-18-000091-index.htm,https://www.sec.gov/Archives/edgar/data/1437107/000143710718000091/disca-2018093010q.htm,4.95602294455067,0.2237093690248566,1.780114722753346,1.734225621414914,1.0917782026768643,19.565965583173995,-30.7093690248566,15.518164435946463,33.780114722753346,16955660000.0,33906660000.0,36.23004273504274,6.54153549382716,18.212309344790548,18.694222712238147,2.089164613109906,2.089164613109906,13.081273148148147,44.20685788787484,36.419613319011816,37.38330760749725,0.0069003506793601,0.0534924621040997,2.154016757023164,0.5311740398638795,22.10039113428944,1.0139896373056996,1.9945945945945944,6.896296296296296,0.0,0.0,-0.2692901234567901,0.0,0.7989183276616432,0.0257787325456498,0.0092592592592592,0.0082163642588154,0.0165895061728395,8.837990293260393,0.0091144618323334,0.0176790571169537,-38.138623326959845,54000000.0,-16061000000.0,-18765000000.0,27158000000.0,2662500000.0,290000000.0,432500000.0,89.51388888888889,26.980728051391864,43.940042826552464,1.0054305663304888,3.335714285714286,2.048245614035088,0.0144159684573681,0.0458891013384321,2018-11-08,0.59,bmo,,2025-04-23,2018-09-30,-0.11864406779661,28.16746031746032,3575355.619047619
2018-06-30,WBD,USD,1437107,2018-08-08,2018-08-07 18:27:19,2018,Q2,2845000000.0,995000000.0,1850000000.0,0.6502636204,0,-876000000.0,1563000000.0,687000000.0,-47000000.0,1097000000.0,2092000000.0,0.0,196000000.0,410000000.0,973000000.0,0.3420035149,650000000.0,0.2284710018,-283000000.0,367000000.0,0.1289982425,123000000.0,216000000.0,0.0759226714,0.3,0.3,523000000,712000000,https://www.sec.gov/Archives/edgar/data/1437107/000143710718000076/0001437107-18-000076-index.htm,https://www.sec.gov/Archives/edgar/data/1437107/000143710718000076/disca-2018063010q.htm,5.439770554493308,0.4130019120458891,1.0630975143403445,0.9980879541108988,0.8202676864244742,19.189292543021036,-31.948374760994263,15.173996175908222,35.4206500956023,14382500000.0,32319500000.0,16.646412037037038,5.055360281195079,25.867805755395683,27.552681992337163,1.812310987903225,1.812310987903225,11.360105448154656,33.21634121274409,58.12859712230216,61.91475095785441,0.0150182513471232,0.0362941074222145,2.309601814516129,0.5472650185118835,18.43473792394656,1.448813056379822,3.316326530612245,2.278688524590164,0.0,0.0,-0.307908611599297,0.0,0.7985489072017198,0.0611510791366906,0.0119507908611599,0.0829268292682926,0.0119507908611599,11.87455313961792,0.0137444370127809,0.0320142285460204,-39.69837476099426,1210000000.0,-16709000000.0,-19550000000.0,28739000000.0,2700500000.0,291500000.0,522500000.0,86.89982425307556,27.1356783919598,36.994974874371856,1.0356752821259556,3.316666666666667,2.432762836185819,0.0272177419354838,0.0650095602294455,2018-08-07,0.86,bmo,,2025-04-23,2018-06-30,-0.2325581395348836,23.8415625,5786337.890625
2018-03-31,WBD,USD,1437107,2018-05-10,2018-05-10 14:06:05,2018,Q1,2307000000.0,1060000000.0,1247000000.0,0.5405288253,0,-403000000.0,1012000000.0,609000000.0,-22000000.0,802000000.0,1862000000.0,15000000.0,177000000.0,193000000.0,353000000.0,0.1530125704,204000000.0,0.088426528,-221000000.0,-17000000.0,-0.0073688773,-20000000.0,-8000000.0,-0.003467707,-0.019,-0.0131,422000000,609000000,https://www.sec.gov/Archives/edgar/data/1437107/000143710718000059/0001437107-18-000059-index.htm,https://www.sec.gov/Archives/edgar/data/1437107/000143710718000059/disca-2018033110q.htm,5.466824644549763,-0.0189573459715639,0.3791469194312796,0.2654028436018957,2.485781990521327,23.72748815165877,-40.845971563981045,18.69431279620853,46.312796208530806,9043460000.0,27598460000.0,-282.608125,3.920008669267447,56.521625,80.74517857142857,1.146337938902269,1.146337938902269,11.962921543129603,78.18260623229462,172.490375,246.41482142857143,-0.0008846171708615,0.0123846403920623,2.4549372544048675,0.5588031623290438,52.563739376770535,1.8340770791075047,1.152542372881356,53.333333333333336,0.0,0.0,-0.1746857390550498,0.0,0.7862542558716602,0.3,0.0208062418725617,0.2487046632124352,0.0065019505851755,,-0.0011129660545353,-0.0010799136069114,-50.44431279620853,2056000000.0,-17237000000.0,-20124000000.0,30234000000.0,2246000000.0,280000000.0,535000000.0,103.5370611183355,24.02830188679245,54.0,0.8692539562923889,3.745583038869258,1.6666666666666667,-0.001014070224363,0.1137440758293838,2018-05-08,0.42,bmo,,2025-04-23,2018-03-31,0.261904761904762,23.780163934426227,5742309.344262295
2017-12-31,WBD,USD,1437107,2018-02-28,2018-02-28 15:11:15,2017,Q4,1864000000.0,745000000.0,1119000000.0,0.6003218884,0,-2566000000.0,3073000000.0,507000000.0,33000000.0,597000000.0,1342000000.0,21000000.0,157000000.0,90000000.0,-803000000.0,-0.4307939914,-837000000.0,-0.4490343348,-213000000.0,-1050000000.0,-0.563304721,87000000.0,-1144000000.0,-0.6137339056,-3.0,-2.01,381000000,568000000,https://www.sec.gov/Archives/edgar/data/1437107/000143710718000028/0001437107-18-000028-index.htm,https://www.sec.gov/Archives/edgar/data/1437107/000143710718000028/disca-2017123110k.htm,4.892388451443569,-3.0026246719160103,1.2125984251968505,1.1286089238845145,19.661417322834644,13.183727034120736,-15.83464566929134,12.0997375328084,39.21784776902887,8526780000.0,16002780000.0,-1.8633697552447552,4.574452789699571,18.456233766233765,19.82972093023256,1.8496268980477224,1.8496268980477224,8.585182403433476,-19.92874221668742,34.638051948051945,37.215767441860464,-0.1341655349381595,0.0504293531673152,3.207158351409978,0.6555087563733097,-9.310087173100872,5.339925173703902,-5.3312101910828025,-0.4063324538258575,0.0,0.0,-1.3766094420600858,0.0,0.4901795610729328,0.0692640692640692,0.0171673819742489,0.0530679933665008,0.0091201716738197,,-0.0437555000758631,-0.099486911905383,-22.166666666666668,8120000000.0,-6033000000.0,-7541000000.0,19773000000.0,1745000000.0,265000000.0,441500000.0,88.74463519313305,33.46308724832215,52.42953020134228,1.0141458106637649,2.6895306859205776,1.716589861751152,-0.2481561822125813,0.0839895013123359,2018-02-27,0.41,bmo,,2025-04-23,2017-12-31,-0.097560975609756,19.53333333333333,6010065.19047619
2017-09-30,WBD,USD,1437107,2017-11-02,2017-11-02 12:51:53,2017,Q3,1651000000.0,670000000.0,981000000.0,0.5941853422,0,-248000000.0,705000000.0,457000000.0,-2000000.0,537000000.0,1207000000.0,0.0,136000000.0,567000000.0,380000000.0,0.2301635373,433000000.0,0.2622652938,-269000000.0,164000000.0,0.0993337371,-59000000.0,218000000.0,0.1320411872,0.38,0.38,381000000,571000000,https://www.sec.gov/Archives/edgar/data/1437107/000143710717000063/0001437107-17-000063-index.htm,https://www.sec.gov/Archives/edgar/data/1437107/000143710717000063/disca-2017093010q.htm,4.333333333333333,0.5721784776902887,1.900262467191601,1.8346456692913389,18.824146981627297,16.010498687664043,-15.16010498687664,15.065616797900262,38.96062992125984,8111490000.0,15825490000.0,9.30216743119266,4.913076923076923,11.20371546961326,11.604420600858369,1.4131515679442508,1.4131515679442508,9.585396729254995,41.64602631578948,21.858411602209944,22.64018597997139,0.026875456913588,0.0861740568009083,2.562369337979094,0.635526941191721,20.3,5.868111455108359,3.1838235294117645,3.2466367713004485,0.0,0.0,-0.1502119927316777,0.0,0.5131573261893445,0.0345303867403314,0.0151423379769836,0.0440917107583774,0.0,13.92677234358255,0.027308645187565,0.0193485399840241,-22.066929133858267,7862000000.0,-5776000000.0,-7566000000.0,20261000000.0,1705000000.0,237500000.0,432500000.0,90.05451241671715,33.985074626865675,60.3134328358209,0.9993946731234868,2.6482213438735176,1.4922048997772828,0.037979094076655,0.0656167979002624,2017-11-02,0.54,bmo,,2025-04-23,2017-09-30,-0.2037037037037037,23.54888888888889,4210071.174603174
2017-06-30,WBD,USD,1437107,2017-08-04,2017-08-04 12:13:23,2017,Q2,1745000000.0,634000000.0,1111000000.0,0.6366762178,0,-416000000.0,805000000.0,389000000.0,-24000000.0,469000000.0,1103000000.0,0.0,91000000.0,80000000.0,724000000.0,0.4148997135,630000000.0,0.3610315186,-157000000.0,473000000.0,0.2710601719,93000000.0,374000000.0,0.2143266476,0.65,0.64,384000000,578000000,https://www.sec.gov/Archives/edgar/data/1437107/000143710717000030/0001437107-17-000030-index.htm,https://www.sec.gov/Archives/edgar/data/1437107/000143710717000030/disca-2017063010q.htm,4.544270833333333,0.9739583333333334,0.4895833333333333,0.4088541666666667,1.0,15.0078125,-15.393229166666666,14.390625,21.75520833333333,9918720000.0,17975720000.0,6.630160427807486,5.684080229226361,52.75914893617021,63.17656050955414,1.794918566775244,1.794918566775244,10.301272206303723,24.828342541436463,95.61553191489362,114.49503184713376,0.0377064782552587,0.0158286553103626,1.495294969236337,0.5116725493838628,11.128453038674031,1.8894952251023192,6.923076923076923,0.4947368421052631,0.0,0.0,-0.2383954154727793,0.0,0.7228930583937085,0.1648936170212765,0.0177650429799426,0.0582706766917293,0.0005730659025787,17.75829540423468,0.0342257964717407,0.0835754189944134,-22.07161458333333,1304000000.0,-5911000000.0,-7616000000.0,13492000000.0,1659000000.0,211000000.0,392500000.0,90.6704871060172,31.514195583596216,59.05362776025237,0.9926052332195676,2.855855855855856,1.5240384615384617,0.0676800579080709,0.0807291666666666,2017-07-31,0.72,bmo,,2025-04-23,2017-06-30,-0.0555555555555554,27.073968253968257,3081137.761904762
2017-03-31,WBD,USD,1437107,2017-05-09,2017-05-09 13:13:54,2017,Q1,1613000000.0,607000000.0,1006000000.0,0.623682579,0,-272000000.0,687000000.0,415000000.0,-1000000.0,495000000.0,1102000000.0,0.0,91000000.0,538000000.0,591000000.0,0.3663980161,487000000.0,0.3019218847,-211000000.0,276000000.0,0.1711097334,55000000.0,215000000.0,0.1332920025,0.37,0.37,389000000,588000000,https://www.sec.gov/Archives/edgar/data/1437107/000143710717000017/0001437107-17-000017-index.htm,https://www.sec.gov/Archives/edgar/data/1437107/000143710717000017/disca-2017033110q.htm,4.146529562982005,0.5526992287917738,0.6555269922879178,0.5347043701799485,1.115681233933162,14.354755784061696,-15.475578406169666,13.7146529562982,21.061696658097688,11316010000.0,19151010000.0,13.158151162790697,7.015505269683819,44.37650980392157,54.40389423076923,2.1210890346766638,2.1210890346766638,11.87291382517049,32.40441624365482,75.102,92.07216346153848,0.0189996297281462,0.0183810371323461,1.5186504217432053,0.510780481654268,13.257191201353638,1.6890482398956974,5.351648351648351,1.1538461538461535,0.0,0.0,-0.1686298822070675,0.0,0.7315597024334889,0.1843137254901961,0.0291382517048977,0.087360594795539,0.0130192188468691,13.05954660476729,0.0269676969952091,0.0504931892907468,-21.82390745501285,1057000000.0,-6020000000.0,-7687000000.0,13165000000.0,1527500000.0,220500000.0,431500000.0,87.04277743335399,29.65403624382208,54.711696869851735,1.033974358974359,3.035,1.6449864498644986,0.0402999062792877,0.1208226221079691,2017-05-09,0.45,bmo,,2025-04-23,2017-03-31,-0.0444444444444444,28.042096774193546,2881703.629032258
2016-12-31,WBD,USD,1437107,2017-02-14,2017-02-14 15:02:00,2016,Q4,1672000000.0,645000000.0,1027000000.0,0.6142344498,0,-2507000000.0,2970000000.0,463000000.0,31000000.0,546000000.0,1191000000.0,0.0,86000000.0,83000000.0,629000000.0,0.3761961722,525000000.0,0.3139952153,-65000000.0,460000000.0,0.2751196172,151000000.0,304000000.0,0.1818181818,0.52,0.52,393000000,595000000,https://www.sec.gov/Archives/edgar/data/1437107/000143710717000007/0001437107-17-000007-index.htm,https://www.sec.gov/Archives/edgar/data/1437107/000143710717000007/disca-2016123110k.htm,4.254452926208652,0.7735368956743003,1.3893129770992367,1.340966921119593,1.1704834605597965,13.76590330788804,-15.854961832061068,13.14758269720102,20.37913486005089,10772130000.0,18395130000.0,8.858659539473685,6.4426614832535885,19.729175824175822,20.44047438330171,2.084793884265532,2.084793884265532,11.00187200956938,29.24503974562798,33.690714285714286,34.90537001897533,0.0282209739392302,0.0489225436380734,1.5333849429069093,0.5027922325168168,12.119236883942769,1.6649583600256246,6.104651162790698,1.766990291262136,0.0,0.0,-1.499401913875598,0.0,0.7387358801878411,0.0347985347985348,0.0113636363636363,0.0337477797513321,0.0119617224880382,15.12706702792433,0.0246980211134015,0.0738401748846247,-21.678753180661577,1038000000.0,-6231000000.0,-7749000000.0,13161000000.0,1520000000.0,221500000.0,529000000.0,80.47248803827752,33.627906976744185,68.93023255813954,1.1183946488294314,2.676348547717842,1.305668016194332,0.058834913876524,0.0483460559796437,2017-02-14,0.47,bmo,,2025-04-23,2016-12-31,0.1063829787234043,27.13142857142857,3095111.9682539683
2016-09-30,WBD,USD,1437107,2016-11-01,2016-11-01 12:35:43,2016,Q3,1556000000.0,592000000.0,964000000.0,0.6195372751,0,-251000000.0,670000000.0,419000000.0,-1000000.0,499000000.0,1091000000.0,0.0,91000000.0,509000000.0,491000000.0,0.3155526992,458000000.0,0.294344473,-137000000.0,321000000.0,0.2062982005,96000000.0,219000000.0,0.1407455013,0.37,0.36,395000000,602000000,https://www.sec.gov/Archives/edgar/data/1437107/000143710716000106/0001437107-16-000106-index.htm,https://www.sec.gov/Archives/edgar/data/1437107/000143710716000106/disca-2016093010q.htm,3.939240506329114,0.5544303797468354,1.1037974683544305,1.0379746835443038,0.979746835443038,13.8,-16.369620253164555,13.174683544303797,20.473417721518988,10633400000.0,18405400000.0,12.138584474885846,6.833804627249357,24.38853211009174,25.93512195121951,2.043312836279785,2.043312836279785,11.828663239074553,37.48553971486762,42.21422018348624,44.89121951219512,0.0205954821599864,0.0385577519890157,1.536510376633359,0.5044794952681388,15.828920570264764,1.7628120893561103,5.032967032967033,1.9377777777777776,0.0,0.0,-0.1613110539845758,0.0,0.7518611987381704,0.0596330275229357,0.0167095115681233,0.0510805500982318,0.0141388174807197,12.819906708378833,0.022258062634901,0.0556826849733028,-21.699367088607595,1161000000.0,-6466000000.0,-7716000000.0,13542000000.0,1559500000.0,193500000.0,515000000.0,89.36375321336762,30.70945945945946,85.74324324324324,1.0071197411003237,2.93069306930693,1.049645390070922,0.0420830130668716,0.0658227848101265,2016-11-01,0.4,bmo,,2025-04-23,2016-09-30,-0.1,25.653125,3315148.265625
2016-06-30,WBD,USD,1437107,2016-08-02,2016-08-02 13:19:33,2016,Q2,1708000000.0,603000000.0,1105000000.0,0.6469555035,0,-413000000.0,813000000.0,400000000.0,3000000.0,480000000.0,1083000000.0,0.0,91000000.0,503000000.0,1104000000.0,0.6463700234,586000000.0,0.3430913349,-76000000.0,510000000.0,0.2985948478,95000000.0,408000000.0,0.2388758782,0.66,0.66,404000000,616000000,https://www.sec.gov/Archives/edgar/data/1437107/000143710716000084/0001437107-16-000084-index.htm,https://www.sec.gov/Archives/edgar/data/1437107/000143710716000084/disca-2016063010q.htm,4.227722772277228,1.00990099009901,0.8143564356435643,0.745049504950495,0.8391089108910891,13.826732673267326,-15.571782178217822,13.23019801980198,19.87623762376237,10192920000.0,17946920000.0,6.245661764705883,5.967751756440281,30.981519756838907,33.863521594684386,1.907000935453695,1.907000935453695,10.507564402810305,16.256268115942028,54.549908814589664,59.624318936877074,0.0400277839912409,0.0295303014249106,1.485313376987839,0.5059910771191842,7.023550724637682,1.766990291262136,6.43956043956044,0.7927710843373494,0.0,0.0,-0.2418032786885245,0.0,0.7569789674952199,0.0851063829787234,0.0163934426229508,0.0556660039761431,0.0017564402810304,17.338592122389567,0.0331647751603075,0.1070023603461841,-20.672029702970296,1106000000.0,-6291000000.0,-7556000000.0,13438000000.0,1547000000.0,178000000.0,464000000.0,82.93911007025761,27.611940298507463,69.55223880597015,1.085133418043202,3.2594594594594595,1.293991416309013,0.0763330215154349,0.0693069306930693,2016-08-02,0.54,bmo,,2025-04-23,2016-06-30,0.2222222222222222,27.32953125,3520531.15625
2016-03-31,WBD,USD,1437107,2016-05-05,2016-05-05 11:14:56,2016,Q1,1561000000.0,592000000.0,969000000.0,0.6207559257,0,-279000000.0,687000000.0,408000000.0,-3000000.0,487000000.0,1079000000.0,0.0,85000000.0,520000000.0,985000000.0,0.6310057655,489000000.0,0.3132607303,-109000000.0,380000000.0,0.2434336963,111000000.0,263000000.0,0.1684817425,0.42,0.42,413000000,630000000,https://www.sec.gov/Archives/edgar/data/1437107/000143710716000072/0001437107-16-000072-index.htm,https://www.sec.gov/Archives/edgar/data/1437107/000143710716000072/disca-2016033110q.htm,3.7796610169491527,0.6368038740920097,0.1501210653753026,0.1138014527845036,1.176755447941889,13.59322033898305,-15.351089588377723,12.99273607748184,19.552058111380145,11824190000.0,19481190000.0,11.23972433460076,7.5747533632287,190.71274193548385,251.57851063829787,2.203538948937756,2.203538948937756,12.479942344650864,19.777857868020305,314.21274193548385,414.4934042553191,0.0222425383895218,0.0039749022977472,1.4890048453224003,0.5032119914346895,7.773604060913706,1.939636363636364,5.752941176470588,0.2304832713754646,0.0,0.0,-0.1787315823190262,0.0,0.7528656002015367,0.2419354838709677,0.0096092248558616,0.0288461538461538,0.0153747597693786,13.644084984230265,0.0238271287386969,0.0670234454638124,-20.35593220338983,1292000000.0,-6340000000.0,-7597000000.0,13712000000.0,1499500000.0,226500000.0,438000000.0,87.63613068545804,25.99662162162162,70.23648648648648,1.0269736842105264,3.461988304093567,1.2813852813852813,0.0490122996645546,0.036319612590799,2016-05-05,0.41,bmo,,2025-04-23,2016-03-31,0.024390243902439,26.766393442622952,3245783.393442623
2015-12-31,WBD,USD,1437107,2016-02-18,2016-02-18 14:14:17,2015,Q4,1646000000.0,640000000.0,1006000000.0,0.6111786148,0,-2559000000.0,3004000000.0,445000000.0,-19000000.0,532000000.0,1172000000.0,0.0,82000000.0,87000000.0,609000000.0,0.3699878493,441000000.0,0.2679222357,-98000000.0,343000000.0,0.2083839611,117000000.0,219000000.0,0.1330498177,0.34,0.34,428000000,648000000,https://www.sec.gov/Archives/edgar/data/1437107/000143710716000059/0001437107-16-000059-index.htm,https://www.sec.gov/Archives/edgar/data/1437107/000143710716000059/disca-2015123110k.htm,3.8457943925233646,0.5116822429906542,1.4602803738317758,1.397196261682243,1.2593457943925233,13.299065420560748,-14.5607476635514,12.735981308411215,18.264018691588785,11419040000.0,18764040000.0,13.035433789954338,6.937448359659781,18.270464,19.095384615384617,2.094852320675105,2.094852320675105,11.39978128797084,30.8112315270936,30.022464,31.37799331103679,0.0191784948647171,0.0523686754753464,1.4190056870299028,0.4875819465456379,12.060755336617406,1.644078530715643,5.378048780487805,2.765486725663717,0.0,0.0,-1.554678007290401,0.0,0.7516389309127585,0.0432,0.0164034021871202,0.0488245931283905,0.0115431348724179,12.108982135503185,0.0201729678263974,0.0555837563451776,-19.43165887850467,1017000000.0,-6232000000.0,-7576000000.0,13429000000.0,1594000000.0,265500000.0,410500000.0,80.86877278250304,39.65625,58.21875,1.1129141311697093,2.269503546099291,1.5458937198067633,0.0401761144744083,0.0630841121495327,2016-02-18,0.41,bmo,,2025-04-23,2015-12-31,-0.170731707317073,28.87828125,3147752.390625
2015-09-30,WBD,USD,1437107,2015-11-03,2015-11-03 12:51:26,2015,Q3,1557000000.0,574000000.0,983000000.0,0.631342325,0,-305000000.0,699000000.0,394000000.0,-2000000.0,474000000.0,1048000000.0,0.0,82000000.0,497000000.0,992000000.0,0.6371226718,505000000.0,0.3243416827,-92000000.0,413000000.0,0.265253693,130000000.0,279000000.0,0.1791907514,0.43,0.43,432000000,653000000,https://www.sec.gov/Archives/edgar/data/1437107/000143710715000052/0001437107-15-000052-index.htm,https://www.sec.gov/Archives/edgar/data/1437107/000143710715000052/disca-2015093010q.htm,3.6041666666666665,0.6458333333333334,0.5972222222222222,0.5416666666666666,0.9398148148148148,13.625,-14.19675925925926,13.06712962962963,16.525462962962962,11244960000.0,18039960000.0,10.076129032258065,7.222196531791908,43.58511627906977,48.05538461538462,1.9920212577502217,1.9920212577502217,11.58635838150289,18.18544354838709,69.92232558139536,77.09384615384616,0.0248111153796901,0.0208093225765142,1.250132860938884,0.443306740373139,6.849798387096774,1.2898481973434537,6.158536585365853,0.911660777385159,0.0,0.0,-0.1958895311496467,0.0,0.755009736792512,0.0930232558139534,0.0154142581888246,0.0482897384305835,-0.0057803468208092,13.77975788722558,0.0248467841048038,0.0715384615384615,-18.84664351851852,611000000.0,-6133000000.0,-7314000000.0,13130000000.0,1607000000.0,263000000.0,412500000.0,98.78612716763006,39.041811846689896,63.81533101045296,0.9110590988882388,2.3052208835341363,1.4103194103194103,0.0494242692648361,0.0555555555555555,2015-11-03,0.38,bmo,,2025-04-23,2015-09-30,0.131578947368421,29.58265625,3888109.125
2015-06-30,WBD,USD,1437107,2015-08-05,2015-08-05 13:53:35,2015,Q2,1654000000.0,564000000.0,1090000000.0,0.6590084643,0,-384000000.0,814000000.0,430000000.0,-4000000.0,512000000.0,1076000000.0,0.0,77000000.0,501000000.0,1006000000.0,0.6082224909,557000000.0,0.3367593712,-129000000.0,428000000.0,0.2587666264,139000000.0,286000000.0,0.1729141475,0.44,0.44,432000000,655000000,https://www.sec.gov/Archives/edgar/data/1437107/000143710715000034/0001437107-15-000034-index.htm,https://www.sec.gov/Archives/edgar/data/1437107/000143710715000034/disca-2015063010q.htm,3.828703703703704,0.6620370370370371,0.7662037037037037,0.7245370370370371,0.8888888888888888,14.444444444444445,-13.407407407407408,12.69675925925926,16.85648148148148,14368320000.0,21341320000.0,12.559720279720278,8.687013301088271,43.40882175226586,45.90517571884984,2.6195660893345485,2.6195660893345485,12.90285368802902,21.21403578528827,64.47528700906345,68.18313099041534,0.0199049018952807,0.0217840359902897,1.3135824977210575,0.4580710788988492,6.931411530815109,1.441588785046729,7.233766233766234,1.1453287197231834,0.0,0.0,-0.2321644498186215,0.0,0.7649564498696675,0.0543806646525679,0.0108827085852478,0.0359281437125748,0.0139056831922611,13.752411054043678,0.0261802269376942,0.0773600216391668,-17.97974537037037,756000000.0,-5792000000.0,-7021000000.0,13297000000.0,1468000000.0,241000000.0,412500000.0,81.89238210399033,44.20212765957447,66.70212765957446,1.0990033222591362,2.036101083032491,1.3492822966507176,0.0521422060164083,0.0416666666666666,2015-08-05,0.48,bmo,,2025-04-23,2015-06-30,-0.0833333333333333,32.97825396825397,3678550.349206349
2015-03-31,WBD,USD,1437107,2015-05-05,2015-05-05 12:56:58,2015,Q1,1537000000.0,565000000.0,972000000.0,0.6324007807,0,-287000000.0,687000000.0,400000000.0,2000000.0,481000000.0,1046000000.0,0.0,89000000.0,488000000.0,952000000.0,0.619388419,482000000.0,0.313597918,-107000000.0,375000000.0,0.2439817827,125000000.0,250000000.0,0.1626545218,0.38,0.37,439000000,667000000,https://www.sec.gov/Archives/edgar/data/1437107/000143710715000013/0001437107-15-000013-index.htm,https://www.sec.gov/Archives/edgar/data/1437107/000143710715000013/disca-2015033110q.htm,3.501138952164009,0.5694760820045558,0.143507972665148,0.0660592255125284,1.072892938496583,13.765375854214122,-13.56492027334852,12.047835990888382,17.261958997722097,13503640000.0,20671640000.0,13.50364,8.785712426805466,214.34349206349208,465.6427586206897,2.5531556059746645,2.5531556059746645,13.449342875731944,21.71390756302521,328.12126984126985,712.8151724137931,0.018513526723165,0.0021475690998871,1.4159576479485725,0.4745279432264605,7.529411764705882,1.3988668555240793,5.415730337078652,0.252,0.0,0.0,-0.1867273910214704,0.0,0.7602331770371309,0.5396825396825397,0.022121014964216,0.0696721311475409,0.0013012361743656,12.424631778298432,0.0222068647777009,0.0660676532769556,-18.203302961275625,704000000.0,-5955000000.0,-7270000000.0,13236000000.0,1432000000.0,215000000.0,384500000.0,83.79310344827587,32.65486725663717,64.83185840707965,1.0740740740740742,2.756097560975609,1.3882063882063882,0.0472679145396105,0.0774487471526196,2015-05-05,0.35,bmo,,2025-04-23,2015-03-31,0.0571428571428572,31.37163934426229,4736575.459016394
2014-12-31,WBD,USD,1437107,2015-02-19,2015-02-19 14:02:39,2014,Q4,1676000000.0,598000000.0,1078000000.0,0.6431980907,0,-2644000000.0,3089000000.0,445000000.0,-20000000.0,531000000.0,1129000000.0,0.0,81000000.0,86000000.0,651000000.0,0.388424821,476000000.0,0.2840095465,-112000000.0,364000000.0,0.2171837709,129000000.0,250000000.0,0.1491646778,0.38,0.38,442000000,666000000,https://www.sec.gov/Archives/edgar/data/1437107/000143710715000004/0001437107-15-000004-index.htm,https://www.sec.gov/Archives/edgar/data/1437107/000143710715000004/disca-2014123110k.htm,3.79185520361991,0.5656108597285068,0.9615384615384616,0.8823529411764706,1.16289592760181,14.368778280542989,-13.187782805429864,12.67420814479638,16.36651583710407,15226900000.000002,22012900000.0,15.226900000000002,9.085262529832937,35.828,39.04333333333334,2.718118529096752,2.718118529096752,13.134188544152744,33.813978494623655,51.79505882352941,56.443333333333335,0.016418312328839,0.0256125672329889,1.2768654052124242,0.4466716622954914,10.423963133640552,0.956605222734255,5.876543209876544,1.8085106382978724,0.0,0.0,-1.577565632458234,0.0,0.760584488572499,0.0823529411764705,0.0208830548926014,0.0625,0.0071599045346062,12.70019959355038,0.021168815341165,0.065206051121544,-17.858031674208146,-113000000.0,-5829000000.0,-7172000000.0,12621000000.0,1448500000.0,217000000.0,363500000.0,76.95107398568018,33.862876254180605,54.48160535117057,1.1695743196092114,2.6577777777777776,1.6519337016574585,0.0446269189575151,0.0791855203619909,2015-02-19,0.41,bmo,,2025-04-23,2014-12-31,-0.073170731707317,34.66046875,3768951.296875
2014-09-30,WBD,USD,1437107,2014-11-04,2014-11-04 16:51:22,2014,Q3,1568000000.0,529000000.0,1039000000.0,0.662627551,0,-293000000.0,725000000.0,432000000.0,-7000000.0,517000000.0,1046000000.0,0.0,83000000.0,463000000.0,613000000.0,0.3909438776,511000000.0,0.3258928571,-69000000.0,442000000.0,0.2818877551,155000000.0,280000000.0,0.1785714286,0.41,0.41,449000000,682000000,https://www.sec.gov/Archives/edgar/data/1437107/000143710714000072/0001437107-14-000072-index.htm,https://www.sec.gov/Archives/edgar/data/1437107/000143710714000072/disca-201493010q.htm,3.492204899777283,0.623608017817372,0.935412026726058,0.8752783964365256,1.153674832962138,14.855233853006682,-12.848552338530066,13.102449888641424,16.104677060133632,16972199999.999998,23744200000.0,15.15375,10.82410714285714,40.41,43.186259541984725,2.8849566547679752,2.8849566547679752,15.142984693877551,38.73442088091354,56.53380952380952,60.417811704834605,0.0164975666089251,0.0231555131332414,1.2150263471018188,0.4365724057900201,11.047308319738988,1.014128728414443,6.156626506024097,1.4634146341463414,0.0,0.0,-0.1868622448979592,0.0,0.7597263787943566,0.0642857142857142,0.017219387755102,0.0583153347732181,0.0210459183673469,13.558865663511838,0.0223888776937121,0.0711743772241993,-17.604677060133632,36000000.0,-5769000000.0,-7119000000.0,13000000000.0,1494500000.0,217500000.0,360500000.0,84.03061224489795,35.55765595463138,62.09829867674858,1.0710382513661203,2.5311004784688995,1.4493150684931506,0.0475947645758966,0.0601336302895322,2014-11-04,0.42,bmo,,2025-04-23,2014-09-30,-0.0238095238095238,41.95875,3241809.203125
2014-06-30,WBD,USD,1437107,2014-07-31,2014-07-31 12:04:00,2014,Q2,1610000000.0,515000000.0,1095000000.0,0.6801242236,0,-438000000.0,844000000.0,406000000.0,-1000000.0,481000000.0,996000000.0,0.0,83000000.0,430000000.0,1105000000.0,0.6863354037,640000000.0,0.397515528,-48000000.0,592000000.0,0.3677018634,208000000.0,379000000.0,0.2354037267,0.55,0.54,457000000,692000000,https://www.sec.gov/Archives/edgar/data/1437107/000143710714000048/0001437107-14-000048-index.htm,https://www.sec.gov/Archives/edgar/data/1437107/000143710714000048/disca-201463010q.htm,3.5229759299781183,0.8293216630196937,0.5076586433260394,0.4420131291028446,1.12691466083151,14.512035010940918,-11.713347921225385,13.196936542669585,15.660831509846828,17685900000.0,24387900000.0,11.666160949868074,10.98503105590062,76.2323275862069,87.5539603960396,2.932498756425137,2.932498756425137,15.14776397515528,22.07049773755656,105.12025862068964,120.73217821782178,0.0214295003364261,0.0114215278837944,1.1729398109766207,0.4392424712822105,6.065158371040724,1.089406779661017,7.710843373493976,0.6041666666666666,0.0,0.0,-0.2720496894409938,0.0,0.7441788264514126,0.1293103448275862,0.0186335403726708,0.0697674418604651,0.008695652173913,15.6923984975998,0.0280990344615632,0.0919902912621359,-16.70951859956236,211000000.0,-5353000000.0,-6902000000.0,12734000000.0,1433000000.0,188500000.0,345500000.0,85.24844720496895,39.49514563106796,62.21359223300971,1.0557377049180328,2.2787610619469025,1.446629213483146,0.0628419830873818,0.0656455142231947,2014-07-31,0.47,bmo,,2025-04-23,2014-06-30,0.1063829787234043,40.11365079365079,3299979.9206349207
2014-03-31,WBD,USD,1437107,2014-05-06,2014-05-06 15:24:10,2014,Q1,1411000000.0,482000000.0,929000000.0,0.6583982991,0,-280000000.0,689000000.0,409000000.0,1000000.0,492000000.0,974000000.0,0.0,81000000.0,433000000.0,863000000.0,0.6116229624,434000000.0,0.3075832743,-85000000.0,349000000.0,0.2473423104,118000000.0,230000000.0,0.163004961,0.33,0.33,468000000,704000000,https://www.sec.gov/Archives/edgar/data/1437107/000143710714000029/0001437107-14-000029-index.htm,https://www.sec.gov/Archives/edgar/data/1437107/000143710714000029/disca-201433110q.htm,3.014957264957265,0.4914529914529914,0.5149572649572649,0.4551282051282051,1.9123931623931625,13.286324786324789,-9.764957264957266,13.205128205128204,14.955128205128204,20161440000.0,26322440000.0,21.914608695652177,14.2887597448618,83.65742738589212,94.65464788732396,3.262368932038835,3.262368932038835,18.65516654854713,30.50108922363847,109.2217427385892,123.57953051643192,0.0114079153076367,0.010564721567507,1.1194174757281554,0.451832016197505,7.139049826187717,2.186751795690343,5.3580246913580245,1.0432900432900434,0.0,0.0,-0.1984408221119773,0.0,0.7045914701848345,0.1161825726141078,0.0198440822111977,0.0646651270207852,0.0134656272147413,12.083800915934392,0.0203817755772437,0.0508512049524651,-15.010149572649572,1487000000.0,-4570000000.0,-6353000000.0,12797000000.0,1356000000.0,146000000.0,344500000.0,85.53508150248051,28.19502074688797,62.55186721991701,1.052199850857569,3.19205298013245,1.4388059701492537,0.0372168284789644,0.0598290598290598,2014-05-06,0.35,bmo,,2025-04-23,2014-03-31,0.0857142857142858,42.990819672131146,3020846.0
2013-12-31,WBD,USD,1437107,2014-02-20,2014-02-20 16:18:34,2013,Q4,1537000000.0,475000000.0,1062000000.0,0.6909564086,0,-2289000000.0,2739000000.0,450000000.0,-11000000.0,536000000.0,1011000000.0,0.0,78000000.0,426000000.0,963000000.0,0.626545218,521000000.0,0.3389720234,-62000000.0,459000000.0,0.298633702,169000000.0,289000000.0,0.1880286272,0.21,0.2,320000000,708000000,https://www.sec.gov/Archives/edgar/data/1437107/000143710714000016/0001437107-14-000016-index.htm,https://www.sec.gov/Archives/edgar/data/1437107/000143710714000016/disca-2013123110k.htm,4.803125,0.903125,1.109375,0.9875,1.678125,19.478125,-14.2375,19.3625,20.553125,15075200000.0,21166200000.0,13.04083044982699,9.808197787898504,42.46535211267606,47.70632911392405,2.433053582956746,2.433053582956746,13.771112556929085,21.979439252336448,59.623098591549294,66.98164556962026,0.0191705582678836,0.0209615792825302,1.0489025177533893,0.4338740903932171,6.325025960539979,1.862442040185471,6.67948717948718,1.2241379310344829,0.0,0.0,-1.489264801561483,0.0,0.7202750517391014,0.1098591549295774,0.0253741054001301,0.0915492957746478,0.0396877033181522,19.835625797570643,0.0240236544511575,0.0689737470167064,-21.88671875,1116000000.0,-4556000000.0,-6336000000.0,12419000000.0,1357500000.0,128500000.0,330500000.0,80.27976577748862,26.71578947368421,67.07368421052631,1.1210795040116703,3.368794326241135,1.3418079096045197,0.0466429954809554,0.121875,2014-02-13,0.45,bmo,,2025-04-23,2013-12-31,-0.0888888888888889,44.12859375,2210973.6875
2013-09-30,WBD,USD,1437107,2013-10-31,2013-10-31 15:46:16,2013,Q3,1375000000.0,435000000.0,940000000.0,0.6836363636,0,-286000000.0,665000000.0,379000000.0,80000000.0,459000000.0,894000000.0,0.0,80000000.0,80000000.0,561000000.0,0.408,499000000.0,0.3629090909,-69000000.0,419000000.0,0.3047272727,163000000.0,255000000.0,0.1854545455,0.36,0.36,328400000,718000000,https://www.sec.gov/Archives/edgar/data/1437107/000143710713000042/0001437107-13-000042-index.htm,https://www.sec.gov/Archives/edgar/data/1437107/000143710713000042/disca-201393010q.htm,4.186967113276492,0.7764920828258222,1.4007308160779537,1.33373934226553,1.7082825822168088,19.052984165651644,-13.6510353227771,18.940316686967112,20.06090133982948,14443031999.999998,20512032000.0,14.159835294117649,10.504023272727272,31.39789565217391,32.974958904109585,2.3220308681672024,2.3220308681672024,14.917841454545457,36.563336898395725,44.59137391304347,46.83112328767123,0.0176555725972219,0.0303260423434636,1.0463022508038584,0.4377480325553238,10.818181818181818,2.082819383259912,6.2375,1.796875,0.0,0.0,-0.208,0.0,0.7224053272348153,0.0478260869565217,0.016,0.056701030927835,0.0327272727272727,18.190866773108556,0.0221279054741552,0.0617882238914465,-20.97289890377588,1229000000.0,-4483000000.0,-6246000000.0,12461000000.0,1338000000.0,116000000.0,325500000.0,87.97090909090909,24.0,63.51724137931035,1.0230654761904765,3.75,1.4169381107491856,0.0409967845659164,0.0669914738124238,2013-10-31,0.36,bmo,,2025-04-23,2013-09-30,0.0,42.36828125,2040408.53125
2013-06-30,WBD,USD,1437107,2013-07-30,2013-07-30 12:29:38,2013,Q2,1467000000.0,437000000.0,1030000000.0,0.7021131561,0,-370000000.0,749000000.0,379000000.0,1000000.0,457000000.0,894000000.0,0.0,80000000.0,389000000.0,950000000.0,0.6475800954,564000000.0,0.3844580777,-68000000.0,481000000.0,0.3278800273,181000000.0,300000000.0,0.2044989775,0.42,0.41,336300000,726000000,https://www.sec.gov/Archives/edgar/data/1437107/000143710713000031/0001437107-13-000031-index.htm,https://www.sec.gov/Archives/edgar/data/1437107/000143710713000031/disca-201363010q.htm,4.362176628010705,0.8920606601248885,1.008028545941124,0.9247695509961344,1.457032411537318,18.74516800475765,-13.003270889087124,18.64109426107641,19.500446030330064,13630239000.0,19733239000.0,11.3585325,9.291233128834357,40.20719469026549,43.82713504823151,2.174228585101292,2.174228585101292,13.451423994546694,20.77183052631579,58.21014454277286,63.45092926045016,0.0220098855199824,0.0228169146557151,1.0333386505024724,0.4410703343092531,6.42421052631579,2.260479041916168,7.05,1.13,0.0,0.0,-0.2522154055896387,0.0,0.7269694287465105,0.0825958702064896,0.0190865712338105,0.0719794344473007,0.016359918200409,19.343014350656084,0.0256614496474432,0.0748129675810473,-19.988105857865,1263000000.0,-4373000000.0,-6118000000.0,12400000000.0,1240000000.0,91500000.0,361000000.0,81.71779141104294,23.89016018306636,70.8466819221968,1.101351351351351,3.7672413793103448,1.2703488372093024,0.0478545222523528,0.0832589949449895,2013-07-30,0.45,bmo,,2025-04-23,2013-06-30,-0.0888888888888889,40.6325,2757841.828125
2013-03-31,WBD,USD,1437107,2013-05-07,2013-05-07 15:47:18,2013,Q1,1156000000.0,342000000.0,814000000.0,0.7041522491,0,-141000000.0,508000000.0,367000000.0,32000000.0,399000000.0,741000000.0,0.0,68000000.0,263000000.0,708000000.0,0.6124567474,414000000.0,0.3581314879,-39000000.0,377000000.0,0.3261245675,146000000.0,231000000.0,0.1998269896,0.32,0.32,339100000,734000000,https://www.sec.gov/Archives/edgar/data/1437107/000143710713000021/0001437107-13-000021-index.htm,https://www.sec.gov/Archives/edgar/data/1437107/000143710713000021/disca-201333110q.htm,3.4090238867590683,0.6812149808316131,0.3863167207313477,0.3096431731052786,7.295782954880567,18.504865821291656,-7.340017693895606,18.40165143025656,19.159539958714245,13774242000.0,17843242000.0,14.90718831168831,11.915434256055365,105.1468854961832,131.18325714285714,2.2074105769230767,2.2074105769230767,15.43533044982699,25.202319209039548,136.2079541984733,169.9356380952381,0.0167704328122012,0.007622924005546,1.0302884615384615,0.4458081963802787,5.747175141242938,3.644868301544051,6.088235294117647,0.5670995670995671,0.0,0.0,-0.1219723183391003,0.0,0.6077248457111157,0.1984732824427481,0.0224913494809688,0.0988593155893536,0.0519031141868512,16.79429409330668,0.0190129731324506,0.0408343645041541,-13.630197581834269,2912000000.0,-2489000000.0,-4133000000.0,12053000000.0,1139000000.0,69000000.0,327500000.0,89.37716262975779,17.63157894736842,99.47368421052632,1.0069686411149823,5.104477611940299,0.9047619047619048,0.0370192307692307,0.076673547626069,2013-05-07,0.32,bmo,,2025-04-23,2013-03-31,0.0,37.49966666666667,2707236.216666667
2012-12-31,WBD,USD,1437107,2013-02-14,2013-02-14 15:41:21,2012,Q4,1200000000.0,328000000.0,872000000.0,0.7266666667,0,-1678000000.0,2037000000.0,359000000.0,30000000.0,389000000.0,717000000.0,0.0,64000000.0,895000000.0,1364000000.0,1.1366666667,481000000.0,0.4008333333,-76000000.0,405000000.0,0.3375,181000000.0,224000000.0,0.1866666667,0.66,0.31,339100000,734000000,https://www.sec.gov/Archives/edgar/data/1437107/000143710713000006/0001437107-13-000006-index.htm,https://www.sec.gov/Archives/edgar/data/1437107/000143710713000006/disca-2012123110k.htm,3.5387791212031847,0.6605721026245945,0.9672662931288706,0.8964907107048068,3.824830433500442,18.557947508109702,-6.70008846947803,18.552049542907696,15.650250663521083,11214037000.0,15256037000.0,12.515666294642855,9.345030833333333,34.18913719512195,36.88827960526316,1.7825523764107456,1.7825523764107456,12.713364166666668,11.184777859237537,46.51230792682927,50.1843322368421,0.0199749653046445,0.0271088814848747,0.8334128119535845,0.4054911059551431,2.963343108504399,2.8858350951374208,7.515625,1.4642857142857142,0.0,0.0,-1.3983333333333334,0.0,0.6624129930394431,0.073170731707317,0.02,0.0268156424581005,0.035,16.605322743851417,0.0221418699876183,0.0513172966781214,-12.839870244765557,1784000000.0,-2272000000.0,-3907000000.0,10737000000.0,1104500000.0,62500000.0,266500000.0,84.75,19.48170731707317,76.0060975609756,1.0619469026548674,4.619718309859155,1.184115523465704,0.0356064218725162,0.0707755824240637,2013-02-14,0.38,bmo,,2025-04-23,2012-12-31,-0.1842105263157895,31.21209677419355,2619590.85483871
2012-09-30,WBD,USD,1437107,2012-11-06,2012-11-06 12:40:47,2012,Q3,1076000000.0,296000000.0,780000000.0,0.7249070632,0,-154000000.0,468000000.0,314000000.0,27000000.0,341000000.0,637000000.0,0.0,68000000.0,-395000000.0,660000000.0,0.6133828996,438000000.0,0.407063197,-89000000.0,349000000.0,0.3243494424,134000000.0,205000000.0,0.1905204461,0.28,0.28,338450000,750000000,https://www.sec.gov/Archives/edgar/data/1437107/000143710712000015/0001437107-12-000015-index.htm,https://www.sec.gov/Archives/edgar/data/1437107/000143710712000015/disca-201293010q.htm,3.1791992908849167,0.6057024671295612,1.1286748411877678,1.0429901019352932,4.866302260304328,18.516767617077853,-6.148618702910326,18.510858324715617,15.656670113753878,10569793500.0,14247793500.0,12.889992073170731,9.8232281598513,27.669616492146595,29.942757790368272,1.687117877094972,1.687117877094972,13.2414437732342,21.58756590909091,37.297888743455495,40.36202124645892,0.0193948916788204,0.0333970573786517,0.8349561053471668,0.4123118152439505,5.572727272727272,3.62590799031477,6.441176470588236,1.854368932038835,0.0,0.0,-0.1431226765799256,0.0,0.6579963742413494,0.0759162303664921,0.0269516728624535,-0.0734177215189873,0.037174721189591,15.883061181939569,0.0227089783057756,0.0472459091956672,-11.333284089230316,2169000000.0,-2081000000.0,-3425000000.0,10885000000.0,1117000000.0,55000000.0,253500000.0,90.25092936802972,16.41891891891892,77.83783783783784,0.9972196478220574,5.481481481481482,1.15625,0.0327214684756584,0.0856847392524745,2012-11-06,0.31,bmo,,2025-04-23,2012-09-30,-0.096774193548387,28.06031746031746,2687383.746031746
2012-06-30,WBD,USD,1437107,2012-07-31,2012-07-31 16:04:05,2012,Q2,1142000000.0,314000000.0,828000000.0,0.7250437828,0,-226000000.0,534000000.0,308000000.0,31000000.0,339000000.0,653000000.0,0.0,61000000.0,31000000.0,520000000.0,0.4553415061,487000000.0,0.4264448336,-66000000.0,420000000.0,0.3677758319,127000000.0,293000000.0,0.2565674256,0.39,0.38,354650000,768000000,https://www.sec.gov/Archives/edgar/data/1437107/000143710712000006/0001437107-12-000006-index.htm,https://www.sec.gov/Archives/edgar/data/1437107/000143710712000006/disca-201263010q.htm,3.220076131397152,0.8261666431693219,0.3975750740166361,0.3891160298886226,4.787818976455661,18.251797546877203,-5.083885520936134,18.246158184125196,14.907655434935853,9976304500.0,13504304500.0,8.512205204778157,8.735818301225919,70.75393262411347,72.29206159420289,1.5416944058105393,1.5416944058105393,11.825135288966726,25.969816346153845,95.77520921985816,97.85727898550724,0.0293695927184259,0.0138327774578251,0.8076031525266574,0.4079625292740046,6.7846153846153845,4.245706737120211,7.983606557377049,0.4812286689419795,0.0,0.0,-0.1978984238178634,0.0,0.6460577673692428,0.0212765957446808,0.0026269702276707,0.0967741935483871,0.0271453590192644,18.4166572237904,0.0281405181968422,0.0646228495809439,-10.284082898632455,2457000000.0,-1803000000.0,-3123000000.0,11101000000.0,1108500000.0,59500000.0,248500000.0,91.0245183887916,16.050955414012737,71.94267515923566,0.9887445887445888,5.607142857142857,1.250996015936255,0.0452789367949312,0.0084590441280135,2012-07-31,0.35,bmo,,2025-04-23,2012-06-30,0.0857142857142858,26.816666666666663,3085537.0
2012-03-31,WBD,USD,1437107,2012-05-08,2012-05-08 16:48:17,2012,Q1,1103000000.0,311000000.0,792000000.0,0.7180417044,0,-138000000.0,453000000.0,315000000.0,30000000.0,345000000.0,656000000.0,0.0,55000000.0,30000000.0,635000000.0,0.5757026292,446000000.0,0.4043517679,-107000000.0,341000000.0,0.309156845,119000000.0,221000000.0,0.2003626473,0.29,0.28,368000000,780000000,https://www.sec.gov/Archives/edgar/data/1437107/000119312512218697/0001193125-12-218697-index.htm,https://www.sec.gov/Archives/edgar/data/1437107/000119312512218697/d311611d10q.htm,2.9972826086956523,0.6005434782608695,0.6739130434782609,0.6168478260869565,2.8369565217391304,17.847826086956523,-4.421195652173913,17.839673913043477,11.66304347826087,9700480000.0,12893480000.0,10.973393665158373,8.794632819582956,39.11483870967742,42.73339207048458,1.4776054836252857,1.4776054836252857,11.689465095194922,20.30469291338583,51.98983870967742,56.799471365638766,0.0227823777792439,0.023400903872798,0.6453922315308454,0.3550062840385421,5.028346456692914,3.312162162162162,8.10909090909091,1.117117117117117,0.0,0.0,-0.1251133272892112,0.0,0.6866359447004609,0.0846774193548387,0.0190389845874886,0.7,0.0371713508612874,15.52590564226524,0.0258924354611197,0.059090909090909,-9.248641304347826,1711000000.0,-1627000000.0,-2916000000.0,10280000000.0,1052000000.0,58000000.0,247000000.0,86.65457842248414,18.23151125401929,71.18971061093248,1.0386064030131827,4.936507936507937,1.2642276422764227,0.0336633663366336,0.0570652173913043,2012-05-08,0.3,bmo,,2025-04-23,2012-03-31,-0.0666666666666665,23.636774193548387,2636192.016129032
2011-12-31,WBD,USD,1437107,2012-02-17,2012-02-17 07:44:19,2011,Q4,1122000000.0,330000000.0,792000000.0,0.7058823529,0,-1533000000.0,1852000000.0,319000000.0,158000000.0,477000000.0,807000000.0,0.0,54000000.0,875000000.0,1274000000.0,1.1354723708,421000000.0,0.3752228164,-76000000.0,345000000.0,0.307486631,8000000.0,336000000.0,0.2994652406,0.91,0.43,368000000,780000000,https://www.sec.gov/Archives/edgar/data/1437107/000119312512066285/0001193125-12-066285-index.htm,https://www.sec.gov/Archives/edgar/data/1437107/000119312512066285/d226513d10k.htm,3.0489130434782608,0.9130434782608696,0.9239130434782608,0.8804347826086957,2.847826086956522,17.714673913043477,-4.470108695652174,17.70923913043478,11.682065217391305,7853120000.0,11050120000.0,5.843095238095239,6.99921568627451,23.09741176470588,24.238024691358024,1.2050207150529386,1.2050207150529386,9.848591800356504,8.673563579277864,32.50035294117647,34.105308641975306,0.0427855425614278,0.0412574874699482,0.6513733312874022,0.3563334172752455,2.509419152276295,3.2587131367292224,7.796296296296297,1.0089020771513353,0.0006366896214498,0.0148809523809523,-1.3663101604278074,0.0,0.6853017711743473,0.0470588235294117,0.0142602495543672,0.0182857142857142,0.0258467023172905,19.07378748682672,0.0367406129866363,0.0896238997065884,-9.349184782608695,1685000000.0,-1645000000.0,-2963000000.0,10228000000.0,1009000000.0,50500000.0,228000000.0,83.58288770053477,14.454545454545457,67.63636363636364,1.076775431861804,6.226415094339623,1.3306451612903225,0.0515574650912996,0.0434782608695652,2012-02-16,0.34,bmo,,2025-04-23,2011-12-31,0.264705882352941,21.44936507936508,3008068.507936508
2011-09-30,WBD,USD,1437107,2011-11-02,2011-11-02 06:38:14,2011,Q3,1095000000.0,342000000.0,753000000.0,0.6876712329,0,-147000000.0,442000000.0,295000000.0,30000000.0,325000000.0,667000000.0,0.0,56000000.0,30000000.0,458000000.0,0.4182648402,426000000.0,0.3890410959,-61000000.0,365000000.0,0.3333333333,127000000.0,237000000.0,0.2164383562,0.3,0.3,543000000,802000000,https://www.sec.gov/Archives/edgar/data/1437107/000119312511291701/0001193125-11-291701-index.htm,https://www.sec.gov/Archives/edgar/data/1437107/000119312511291701/d220255d10q.htm,2.016574585635359,0.43646408839779,0.6058931860036832,0.578268876611418,1.900552486187845,11.791896869244937,-3.2523020257826887,11.790055248618785,7.928176795580111,10642800000.0,13859800000.0,11.226582278481011,9.71945205479452,32.34893617021277,33.894267515923566,1.6624179943767574,1.6624179943767574,12.657351598173516,30.261572052401743,42.12705167173253,44.13949044585987,0.0222685759386627,0.0295035141128274,0.6636988441112153,0.3600542326921447,7.024017467248909,3.251768033946252,7.607142857142857,1.3881856540084387,0.0,0.0,-0.1342465753424657,0.0,0.6922294720786374,0.0455927051671732,0.0136986301369863,0.5,0.0191780821917808,10.760276651442542,0.02499328256845,0.0652533039647577,-6.500920810313075,1592000000.0,-1766000000.0,-3099000000.0,10132000000.0,942000000.0,48000000.0,216500000.0,80.21917808219179,12.63157894736842,54.73684210526316,1.1219262295081966,7.125,1.6442307692307692,0.0370196813495782,0.0276243093922651,2011-11-01,0.27,bmo,,2025-04-23,2011-09-30,0.111111111111111,20.635625,4567628.21875
2011-06-30,WBD,USD,1437107,2011-08-04,2011-08-04 12:20:04,2011,Q2,1067000000.0,288000000.0,779000000.0,0.7300843486,0,-194000000.0,494000000.0,300000000.0,30000000.0,330000000.0,618000000.0,0.0,49000000.0,30000000.0,477000000.0,0.4470477976,445000000.0,0.4170571696,-47000000.0,398000000.0,0.3730084349,144000000.0,254000000.0,0.2380506092,0.32,0.31,556000000,820000000,https://www.sec.gov/Archives/edgar/data/1437107/000119312511209774/0001193125-11-209774-index.htm,https://www.sec.gov/Archives/edgar/data/1437107/000119312511209774/d10q.htm,1.919064748201439,0.4568345323741007,0.3848920863309352,0.356115107913669,1.9694244604316544,11.715827338129497,-3.025179856115108,11.714028776978417,7.744604316546763,11865040000.0,15027040000.0,11.678188976377951,11.12,55.44411214953272,59.92444444444445,1.8217472746814063,1.8217472746814063,14.083448922211808,31.5032285115304,70.21981308411215,75.89414141414142,0.0214074288835098,0.0166876807832084,0.6536158452326117,0.3596654275092937,6.628930817610063,3.7801302931596097,9.081632653061224,0.84251968503937,0.0,0.0,-0.1818181818181818,0.0,0.6924636701588375,0.0747663551401869,0.0149953139643861,0.5333333333333333,0.0299906279287722,10.97296173862477,0.0252574684164329,0.0697802197802197,-6.175359712230216,1707000000.0,-1682000000.0,-3001000000.0,10285000000.0,887000000.0,55000000.0,225500000.0,76.58856607310216,15.0,70.3125,1.1751101321585904,6.0,1.28,0.0389989252264701,0.0287769784172661,2011-08-04,0.3,bmo,,2025-04-23,2011-06-30,0.0333333333333333,21.89936507936508,3113403.1587301586
2011-03-31,WBD,USD,1437107,2011-04-29,2011-04-29 09:05:14,2011,Q1,951000000.0,273000000.0,678000000.0,0.7129337539,0,-123000000.0,392000000.0,269000000.0,-99000000.0,170000000.0,443000000.0,0.0,49000000.0,30000000.0,546000000.0,0.5741324921,507000000.0,0.5331230284,-56000000.0,451000000.0,0.4742376446,146000000.0,305000000.0,0.3207150368,0.38,0.37,564000000,828000000,https://www.sec.gov/Archives/edgar/data/1437107/000119312511117097/0001193125-11-117097-index.htm,https://www.sec.gov/Archives/edgar/data/1437107/000119312511117097/d10q.htm,1.6861702127659577,0.5407801418439716,0.3847517730496453,0.3652482269503546,0.8031914893617021,11.367021276595745,-3.124113475177305,11.361702127659576,6.597517730496454,11725560000.0,14944560000.0,9.61111475409836,12.329716088328077,54.03483870967742,56.920194174757285,1.8298314606741573,1.8298314606741573,15.714574132492114,27.37098901098901,68.8689400921659,72.54640776699028,0.0260115508342458,0.0175684572847693,0.5730337078651685,0.3305725603168887,5.895604395604396,2.4908256880733943,10.346938775510203,0.7114754098360656,0.0004264188661351,0.0163934426229508,-0.1293375394321766,0.0,0.7357760172848398,0.0506912442396313,0.0115667718191377,0.3666666666666666,0.0178759200841219,11.7577257573119,0.0325459323109432,0.1039182282793867,-6.172872340425532,975000000.0,-1762000000.0,-3068000000.0,9537000000.0,873000000.0,74500000.0,266000000.0,81.95583596214512,20.43956043956044,74.5054945054945,1.0981524249422632,4.403225806451613,1.2079646017699115,0.0475967540574282,0.0195035460992907,2011-04-28,0.24,bmo,,2025-04-23,2011-03-31,0.0416666666666667,21.27032258064516,3460362.3387096776
2010-12-31,WBD,USD,1437107,2011-02-18,2011-02-18 16:53:49,2010,Q4,1015000000.0,291000000.0,724000000.0,0.7133004926,0,-1354000000.0,1645000000.0,291000000.0,32000000.0,323000000.0,614000000.0,0.0,0.0,32000000.0,186000000.0,0.1832512315,394000000.0,0.3881773399,-77000000.0,317000000.0,0.3123152709,117000000.0,191000000.0,0.1881773399,0.34,0.23,564000000,828000000,https://www.sec.gov/Archives/edgar/data/1437107/000119312511040418/0001193125-11-040418-index.htm,https://www.sec.gov/Archives/edgar/data/1437107/000119312511040418/d10k.htm,1.799645390070922,0.3386524822695035,0.3953900709219858,0.3599290780141844,0.8262411347517731,11.051418439716311,-3.6365248226950353,11.037234042553193,6.414893617021277,12250080000.0,15402080000.0,16.03413612565445,12.06904433497537,54.93309417040359,60.345221674876846,1.9678843373493973,1.9678843373493973,15.174463054187193,82.80688172043011,69.06762331838566,75.87231527093596,0.0155917349111189,0.0165713203505609,0.5812048192771084,0.3283419548053362,16.946236559139784,2.210191082802548,0.0,1.131979695431472,8.163211995350235e-05,0.0052356020942408,-1.3339901477832512,0.0,0.7517923586532353,0.0896860986547085,0.0197044334975369,0.625,0.0285714285714285,9.170616167016934,0.0242422899980864,0.069835466179159,-6.218085106382978,950000000.0,-2051000000.0,-3051000000.0,9633000000.0,861500000.0,69500000.0,251500000.0,78.0295566502463,26.90721649484536,94.63917525773196,1.1534090909090908,3.3448275862068964,0.9509803921568628,0.0306827309236947,0.0354609929078014,2011-02-11,0.26,bmo,,2025-04-23,2010-12-31,0.0384615384615384,22.1575,3208185.390625
2010-09-30,WBD,USD,1437107,2010-11-02,2010-11-02 17:21:10,2010,Q3,926000000.0,261000000.0,665000000.0,0.7181425486,0,-96000000.0,402000000.0,306000000.0,32000000.0,338000000.0,599000000.0,0.0,49000000.0,-317000000.0,329000000.0,0.3552915767,312000000.0,0.3369330454,-65000000.0,247000000.0,0.2667386609,83000000.0,186000000.0,0.2008639309,0.22,0.22,569880000,862000000,https://www.sec.gov/Archives/edgar/data/1437107/000119312510244545/0001193125-10-244545-index.htm,https://www.sec.gov/Archives/edgar/data/1437107/000119312510244545/d10q.htm,1.6249034884537097,0.3263845020004211,0.6229381624201586,0.6071453639362673,1.782831473292623,11.748087316628062,-2.779532533164877,11.727030251982873,6.425914227556679,12930577200.0,15527577200.0,17.37980806451613,13.96390626349892,36.424161126760566,37.37161040462428,1.9348462067933565,1.9348462067933565,16.768441900647947,47.19628328267477,43.739654084507045,44.87739075144509,0.0143845086822574,0.0267582795917261,0.5406254676043692,0.3169854360414108,7.8936170212765955,2.698232323232323,6.36734693877551,1.8783068783068784,0.0,0.0,-0.1036717062634989,0.0,0.7263555009650816,0.0253521126760563,0.009719222462203,-0.028391167192429,0.0637149028077753,9.280044229236696,0.0194990488268864,0.0596344982366143,-5.187495613111532,1345000000.0,-1584000000.0,-2566000000.0,10013000000.0,839500000.0,47500000.0,191000000.0,81.9330453563715,17.93103448275862,67.93103448275862,1.0984578884934757,5.019230769230769,1.3248730964467006,0.0278318120604518,0.0157927984838913,2010-11-02,0.21,bmo,,2025-04-23,2010-09-30,-0.0952380952380951,20.09828125,3417147.6875
2010-06-30,WBD,USD,1437107,2010-08-03,2010-08-03 17:31:24,2010,Q2,963000000.0,254000000.0,709000000.0,0.7362409138,0,-131000000.0,435000000.0,304000000.0,33000000.0,337000000.0,591000000.0,0.0,48000000.0,198000000.0,743000000.0,0.7715472482,372000000.0,0.3862928349,-221000000.0,151000000.0,0.1568016615,41000000.0,107000000.0,0.1111111111,0.13,0.13,570000000,862000000,https://www.sec.gov/Archives/edgar/data/1437107/000119312510175470/0001193125-10-175470-index.htm,https://www.sec.gov/Archives/edgar/data/1437107/000119312510175470/d10q.htm,1.6894736842105262,0.187719298245614,-0.0631578947368421,-0.0771929824561403,1.250877192982456,11.428070175438595,-3.085964912280702,11.378947368421052,6.419298245614035,10602000000.0,13500000000.0,24.77102803738318,11.009345794392525,-294.5,-240.95454545454547,1.6345975948196116,1.6345975948196116,14.018691588785046,18.16958277254374,-375.0,-306.8181818181818,0.0100924353895491,-0.0041501603471043,0.5567375886524822,0.3260791042080549,3.900403768506056,2.9851973684210527,7.75,-0.3272727272727272,0.0,0.0,-0.1360332294911734,0.0,0.7470651977605202,-0.2222222222222222,0.0083073727933541,0.0404040404040404,0.0519210799584631,6.932609922129614,0.0258507466835298,0.0382006426276329,-5.4868421052631575,1207000000.0,-1759000000.0,-2745000000.0,9881000000.0,804500000.0,52500000.0,184500000.0,78.13084112149532,15.236220472440946,65.55118110236221,1.1519138755980862,5.906976744186046,1.372972972972973,0.0164970706136293,0.0140350877192982,2010-08-03,0.22,bmo,,2025-04-23,2010-06-30,0.1363636363636363,19.245555555555555,5437456.936507937
2010-03-31,WBD,USD,1437107,2010-04-30,2010-04-30 09:31:42,2010,Q1,879000000.0,269000000.0,610000000.0,0.6939704209,0,208000000.0,82000000.0,290000000.0,34000000.0,324000000.0,593000000.0,0.0,58000000.0,219000000.0,312000000.0,0.3549488055,283000000.0,0.3219567691,-63000000.0,220000000.0,0.2502844141,47000000.0,169000000.0,0.1922639363,0.2,0.2,569000000,858000000,https://www.sec.gov/Archives/edgar/data/1437107/000119312510100744/0001193125-10-100744-index.htm,https://www.sec.gov/Archives/edgar/data/1437107/000119312510100744/d10q.htm,1.5448154657293498,0.29701230228471,0.2214411247803163,0.2003514938488576,1.2144112478031637,11.219683655536029,-3.288224956063269,11.175746924428822,6.23725834797891,10014400000.0,12814400000.0,14.814201183431951,11.392946530147896,79.47936507936508,87.84561403508772,1.5748388111338265,1.5748388111338265,14.578384527872585,41.07179487179487,101.7015873015873,112.40701754385964,0.0168756989934494,0.0113836076050487,0.5489856895738323,0.318754565376187,8.974358974358974,1.842612419700214,4.879310344827586,0.7283236994219653,0.0001997124141236,0.0118343195266272,0.2366325369738339,0.0,0.7537436084733382,0.0952380952380952,0.0136518771331058,0.0547945205479452,0.0500568828213879,8.642049657630828,0.0216605907232732,0.0626622172784575,-5.633128295254833,787000000.0,-1871000000.0,-2847000000.0,9447000000.0,792500000.0,62500000.0,177500000.0,79.1467576791809,20.74349442379182,61.561338289962826,1.1371280724450197,4.338709677419355,1.4619565217391304,0.0265765057398962,0.0210896309314587,2010-04-30,0.17,bmo,,2025-04-23,2010-03-31,0.1764705882352941,16.37950819672131,6474944.7049180325
2009-12-31,WBD,USD,1437107,2010-02-22,2010-02-22 09:30:17,2009,Q4,964000000.0,298000000.0,666000000.0,0.6908713693,0,-1110000000.0,1428000000.0,318000000.0,-215000000.0,103000000.0,401000000.0,0.0,0.0,37000000.0,600000000.0,0.622406639,292000000.0,0.3029045643,-55000000.0,237000000.0,0.2458506224,81000000.0,155000000.0,0.1607883817,0.27,0.18,569000000,858000000,https://www.sec.gov/Archives/edgar/data/1437107/000119312510035850/0001193125-10-035850-index.htm,https://www.sec.gov/Archives/edgar/data/1437107/000119312510035850/d10k.htm,1.6942003514938488,0.2724077328646748,0.4393673110720562,0.4147627416520211,1.094903339191564,10.92970123022847,-3.644991212653778,10.9103690685413,6.3479789103690685,9092620000.0,12081620000.0,14.66551612903226,9.432178423236516,36.37048,38.52805084745763,1.4646617268041238,1.4646617268041238,12.53280082987552,20.136033333333337,48.32648,51.19330508474576,0.0170467917937844,0.0259551152473104,0.5818298969072165,0.3294117647058823,4.9816666666666665,2.1265822784810124,0.0,1.6025641025641026,0.0,0.0,-1.1514522821576765,0.0,0.7563155494756042,0.056,0.0145228215767634,0.3783783783783784,0.0331950207468879,8.177502693992814,0.0186062470131238,0.0580089820359281,-6.025483304042179,890000000.0,-2074000000.0,-3066000000.0,9594000000.0,793500000.0,31500000.0,168000000.0,75.80912863070539,19.026845637583893,51.64429530201343,1.187192118226601,4.73015873015873,1.7426900584795322,0.0249677835051546,0.0246045694200351,2010-02-10,0.18,bmo,,2025-04-23,2009-12-31,0.0,15.92921875,2849844.53125
2009-09-30,WBD,USD,1437107,2009-11-03,2009-11-03 17:02:59,2009,Q3,854000000.0,257000000.0,597000000.0,0.6990632319,0,0.0,0.0,338000000.0,40000000.0,378000000.0,635000000.0,0.0,0.0,40000000.0,129000000.0,0.1510538642,215000000.0,0.2517564403,-66000000.0,155000000.0,0.181498829,54000000.0,101000000.0,0.1182669789,0.11,0.11,566000000,854000000,https://www.sec.gov/Archives/edgar/data/1437107/000095012309056946/0000950123-09-056946-index.htm,https://www.sec.gov/Archives/edgar/data/1437107/000095012309056946/w75884e10vq.htm,1.5088339222614842,0.1784452296819788,0.0671378091872791,0.0512367491166077,0.7084805653710248,10.674911660777385,-4.153710247349824,10.650176678445227,6.203180212014134,8518300000.0,11628300000.0,21.08490099009901,9.974590163934426,224.1657894736842,293.7344827586207,1.413122096881221,1.413122096881221,13.616276346604216,90.14186046511628,306.0078947368421,400.9758620689655,0.0118568258924902,0.0034044351572496,0.5824485733244857,0.3268783167302858,24.108527131782942,1.8595800524934385,0.0,0.3762376237623762,0.0,0.0,0.0,0.0,0.7813983800391026,0.2368421052631578,0.0105386416861826,0.225,0.1147540983606557,6.53916260155865,0.0139845053097972,0.0430153321976149,-6.420936395759718,655000000.0,-2351000000.0,-3282000000.0,9465000000.0,767000000.0,0.0,160000000.0,81.6744730679157,0.0,57.782101167315176,1.1019354838709678,0.0,1.5575757575757576,0.0167551426675514,0.0159010600706713,2009-11-03,0.14,bmo,,2025-04-23,2009-09-30,-0.2142857142857143,13.30296875,2897879.828125
2009-06-30,WBD,USD,1437107,2009-08-04,2009-08-04 16:41:30,2009,Q2,881000000.0,257000000.0,624000000.0,0.7082860386,0,-58000000.0,368000000.0,310000000.0,40000000.0,350000000.0,607000000.0,0.0,60000000.0,40000000.0,744000000.0,0.8444948922,486000000.0,0.551645857,-41000000.0,446000000.0,0.5062429058,267000000.0,185000000.0,0.2099886493,0.22,0.22,563260975,848000000,https://www.sec.gov/Archives/edgar/data/1437107/000095012309029613/0000950123-09-029613-index.htm,https://www.sec.gov/Archives/edgar/data/1437107/000095012309029613/w74957e10vq.htm,1.564106229798718,0.3284445544980282,0.3195676746467301,0.2947124110630956,0.6018524539180085,10.506674991996384,-4.427787669827472,10.480044352442489,6.274178678897468,6607051236.75,9742051236.75,8.92844761722973,7.499490620601589,36.70584020416667,39.80151347439759,1.119270072293749,1.119270072293749,11.057946920261069,13.09415488810484,54.12250687083333,58.68705564307229,0.0280003882777517,0.0251246727249015,0.5885143147552092,0.3247943156320119,4.213709677419355,1.084759576202119,8.1,1.005586592178771,0.0,0.0,-0.0658342792281498,0.0,0.7864622288706058,0.0777777777777777,0.0158910329171396,0.35,0.0692395005675368,8.800429177903476,0.0197223267602823,0.0809982486865148,-6.732669523217013,104000000.0,-2494000000.0,-3447000000.0,8926000000.0,749500000.0,0.0,152500000.0,77.53688989784337,0.0,54.28015564202335,1.160737812911726,0.0,1.6580645161290322,0.0313399966118922,0.0248552635836345,2009-08-04,0.16,bmo,,2025-04-23,2009-06-30,0.375,10.506349206349206,3762884.015873016
2009-03-31,WBD,USD,1437107,2009-05-04,2009-05-04 17:10:59,2009,Q1,817000000.0,253000000.0,564000000.0,0.6903304774,0,-20000000.0,301000000.0,281000000.0,38000000.0,319000000.0,572000000.0,0.0,57000000.0,38000000.0,283000000.0,0.3463892289,242000000.0,0.2962056304,-49000000.0,193000000.0,0.2362301102,70000000.0,119000000.0,0.1456548348,0.14,0.14,562521952,844000000,https://www.sec.gov/Archives/edgar/data/1437107/000095013309001418/0000950133-09-001418-index.htm,https://www.sec.gov/Archives/edgar/data/1437107/000095013309001418/w73864e10vq.htm,1.452387763882324,0.2115472997576457,0.2488791761854655,0.2133250081589704,0.252434592988115,10.092050594320629,-5.521562294514686,10.049385592688834,6.71973775700757,4697058299.2,8278058299.2,9.867769536134452,5.74915336499388,33.55041642285714,39.14215249333333,0.8308965680523616,0.8308965680523616,10.1322623001224,29.25108939646643,59.12898785142857,68.98381916,0.0253350059589994,0.0255479051687389,0.6585883601627455,0.355417661097852,12.653710247349824,0.9471890971039182,4.245614035087719,1.1382113821138211,0.0,0.0,-0.0244798041615667,0.0,0.838472553699284,0.1428571428571428,0.0244798041615667,0.5263157894736842,0.0452876376988984,6.916155629612884,0.0155990673889563,0.0703309692671394,-7.157054023733459,-62000000.0,-3106000000.0,-3686000000.0,9105000000.0,760000000.0,35500000.0,153000000.0,81.51774785801713,0.0,53.359683794466406,1.104054054054054,0.0,1.6866666666666668,0.0210507695029188,0.035554168026495,2009-05-04,0.12,bmo,,2025-04-23,2009-03-31,0.1666666666666668,7.759836065573771,3688589.721311476
2008-12-31,WBD,USD,1437107,2009-02-26,2009-02-25 17:48:58,2008,Q4,904000000.0,266000000.0,638000000.0,0.7057522124,0,0.0,0.0,270000000.0,70000000.0,340000000.0,606000000.0,0.0,0.0,-16000000.0,338000000.0,0.3738938053,284000000.0,0.314159292,-103000000.0,181000000.0,0.2002212389,67000000.0,106000000.0,0.1172566372,0.19,0.13,562521952,844000000,https://www.sec.gov/Archives/edgar/data/1437107/000095013309000442/0000950133-09-000442-index.htm,https://www.sec.gov/Archives/edgar/data/1437107/000095013309000442/w72867e10vk.htm,1.6070483947975776,0.1884370905404239,0.259545426593414,0.2275466753695685,0.1777708401324754,9.841393709733838,-3.6816340991435657,9.841393709733838,6.735737132619493,4151412005.76,7840412005.76,9.791066051320756,4.592269917876106,28.434328806575344,32.432906294999995,0.7498937871676301,0.7498937871676301,8.673022130265487,23.196485224142013,53.70145209424658,61.253218795,0.0255334811030384,0.0308328828414049,0.684429190751445,0.3614078595955742,10.914201183431953,1.0364485981308411,0.0,1.3773584905660377,0.0,0.0,0.0,0.0,0.7255818389927509,0.1232876712328767,0.0199115044247787,-1.125,0.0,6.459557333464435,0.018119218818557,0.0368439346541536,-7.439709659544096,39000000.0,-2071000000.0,-3839000000.0,8041000000.0,772000000.0,244500000.0,78000000.0,77.65486725663717,24.02255639097745,52.78195488721805,1.158974358974359,3.746478873239437,1.705128205128205,0.0191473988439306,0.0319987512238455,2009-02-25,0.15,bmo,,2025-04-23,2008-12-31,-0.1333333333333332,6.84796875,4720893.0625
2008-09-30,WBD,USD,1437107,2008-11-07,2008-11-07 13:45:02,2008,Q3,845000000.0,262000000.0,583000000.0,0.6899408284,0,-108000000.0,332000000.0,224000000.0,50000000.0,274000000.0,536000000.0,0.0,0.0,214699000.0,377000000.0,0.4461538462,296000000.0,0.350295858,-69000000.0,227000000.0,0.2686390533,93000000.0,134000000.0,0.1585798817,0.22,0.22,562521276,604000000,https://www.sec.gov/Archives/edgar/data/1437107/000095013308003644/0000950133-08-003644-index.htm,https://www.sec.gov/Archives/edgar/data/1437107/000095013308003644/w71467e10vq.htm,1.5021654043179693,0.2382132120456898,0.7352859663213877,0.6183019466805021,0.1635493694642049,9.811184457314642,-5.542901456406424,9.811184457314642,6.940181939002784,4173907867.92,7985907867.92,7.787141544626866,4.939535938366864,10.091311870294524,12.000609151945902,0.7562797368943649,0.7562797368943649,9.45077854191716,21.18277949050398,19.30763433520142,22.96067907558193,0.0321042064751603,0.0833291033262132,0.707374524370357,0.373767352800383,10.111405835543769,1.084313725490196,0.0,3.154228628079005,0.0,0.0,-0.1278106508875739,0.0,0.8269028243178554,0.1591000304631855,0.077876923076923,0.3065035235376038,0.0,7.251617728470492,0.0178771513743646,0.0741150442477876,-7.574824600945405,86000000.0,-3118000000.0,-3820000000.0,9135000000.0,471102500.0,230195000.0,6955000.0,81.37278106508876,143.587786259542,0.0,1.106020942408377,0.6267942583732058,0.0,0.0242797608262366,0.1169840196408855,2008-11-07,0.09,bmo,,2025-04-23,2008-09-30,0.7777777777777779,10.11578125,6051984.34375
2008-06-30,WBD,USD,1437107,2008-06-30,2008-06-29 20:00:00,2008,Q2,194477000.0,137912000.0,56565000.0,0.2908570165,0,0.0,0.0,38817000.0,17019000.0,55836000.0,193748000.0,0.0,66000000.0,16761000.0,294000000.0,1.5117468904,573000.0,0.0029463638,-44000000.0,76106000.0,0.3913367648,30227000.0,45879000.0,0.2359096448,0.08,0.08,562490791,564000000,,,0.3457425492322415,0.0815640019962566,0.020546114149627,0.0034045001814083,0.4017968002608597,8.13767455972448,4.7423780845507215,8.13767455972448,0.1173352542939676,6434894649.04,6208887649.04,35.064488377253205,33.08820399862194,556.7962835545557,3360.258302370757,1.405807017230648,1.405807017230648,31.926076857623265,21.11866547292517,537.240429959332,3242.238981221932,0.0071297204542182,0.0002975961697035,0.0,0.0,-0.7687312925170068,3.1303993117360864,0.0086818181818181,0.2519017415375226,0.0,0.0,0.0,0.0,0.3172791275111813,0.8342995587090075,0.0495791276089203,0.5752640057275819,0.0,3.864476593378556,5.869981146039719e-05,0.0111639824749881,-1.91184507765568,287246000.0,2667544000.0,-1019933000.0,2453032000.0,175414500.0,45472500.0,14617000.0,82.46964936727737,27.663292534369745,9.077527698822438,1.0913105692881793,3.253408822835574,9.914593817397556,0.0100230110454328,0.0171416139682187,2008-08-11,0.08,bmo,,2025-04-23,2008-06-30,0.0,12.54859375,4502254.015625
2008-03-31,WBD,USD,1437107,2008-03-31,2008-03-30 20:00:00,2008,Q1,189305000.0,138060000.0,51245000.0,0.2707007211,0,0.0,0.0,41155000.0,16462000.0,57617000.0,195677000.0,0.0,69000000.0,16540000.0,316000000.0,1.6692638863,-7629000.0,-0.0403000449,-85000000.0,60457000.0,0.3193629328,26466000.0,33991000.0,0.1795567999,0.06,0.06,562258942,564000000,,,0.3366865084023866,0.0604543520092206,-0.0038612102677772,-0.0190712840632777,0.3958620901755262,8.047133912900936,4.650437378015057,8.047133912900936,0.1227192577045755,6212961309.1,5990384309.1,45.695634940866704,32.81984791262777,-2861.797010179641,-579.4051393360068,1.373159701280099,1.373159701280099,31.644089216344,18.956912370569626,-2759.2742096269003,-558.6481683390842,0.0054709820822824,-0.0017259080600251,0.0,0.0,-0.7043575949367089,3.015072560806975,-0.1105652173913043,-0.0638698479009149,0.0,0.0,0.0,0.0,0.3217444613549089,-3.939198526024873,0.0451757745437257,0.517049576783555,0.0,3.3084582497451347,-0.0007397314709366,0.0084428398801296,-1.870237930337798,276875000.0,2614750000.0,-996988000.0,2449442000.0,91312000.0,24777500.0,15069500.0,82.06946462058582,31.65254237288136,9.989569752281616,1.0966319862823246,2.843373493975903,9.009397024275646,0.0075125321218156,0.0152100737955004,2008-05-08,0.05,bmo,,2025-04-23,2008-03-31,0.1999999999999999,11.800819672131148,4372288.213114754
2007-12-31,WBD,USD,1437107,2007-12-31,2007-12-30 19:00:00,2007,Q4,178199000.0,128860000.0,49339000.0,0.2768758523,0,0.0,0.0,28190000.0,182540000.0,210730000.0,339590000.0,0.0,0.0,17570000.0,-143821000.0,-0.8070808478,-161960000.0,-0.9088715425,-13707000.0,-175667000.0,-0.9857911661,-5087000.0,-170580000.0,-0.957244429,-0.3,-0.3,560439880,560439880,,,0.3179627402675198,-0.3043680617446424,0.0437013868463464,0.0244218880355195,0.3737225123950851,8.019274074500194,4.611552625412738,8.019274074500194,0.0,7341762428.0,7132313428.0,-10.759998868566068,41.1997958911105,299.76165392781314,536.4040642945861,1.6335643199495542,1.6335643199495542,40.02443014831733,-49.59159947434658,291.2099227502858,521.1012952436619,-0.0232342031866139,0.0018642662622533,0.0,0.0,1.4563172276649443,3.094025986998177,0.0,-0.1435807245867041,0.0,0.0,0.0,0.0,0.3255887736133406,0.4411644618650988,0.0606344592281662,0.6149686966420034,0.0,,-0.0273721664326766,-0.0431200863311753,-2.046739607466906,251570000.0,2584498000.0,-999724000.0,2431135000.0,81206500.0,16992000.0,15119500.0,5.050533392443279,0.698432407263697,10.347276113611672,17.8199,128.86,8.697941275734053,-0.0379545653281107,0.0192794988108269,2008-02-15,0.06,bmo,,2025-04-23,2007-12-31,-6.0,13.78609375,3943244.375
2007-09-30,WBD,USD,1437107,2007-09-30,2007-09-29 20:00:00,2007,Q3,177913000.0,122539000.0,55374000.0,0.3112420115,0,0.0,0.0,39644000.0,17091000.0,56735000.0,179274000.0,0.0,0.0,17176000.0,13014000.0,0.0731481117,-1553000.0,-0.0087289855,10000000.0,11593000.0,0.0651610619,4086000.0,7507000.0,0.0421947806,0.015,0.015,560000000,561490507,,,0.3177017857142857,0.0134053571428571,-0.0051285714285714,-0.0251589285714285,0.2811803571428571,8.339301785714285,4.632746428571428,8.339301785714285,0.0,8450400000.0,8292939000.0,281.41734381244174,47.497372311185806,-2942.339832869081,-599.7870679253318,1.8095040073798576,1.8095040073798576,46.61232737349154,637.2321346242508,-2887.513579387187,-588.610902122223,0.0008883603143046,-0.0016672583546341,0.0,0.0,-12.099354541263256,2.9707495429616086,0.0,-0.3825762621553217,0.0,0.0,0.0,0.0,0.3429083701407006,-3.905640668523677,0.0630476693664881,0.6530624126688402,0.0,1.5859712078377215,-0.0001693021176558,0.0018873830442254,-1.970793303571429,223146000.0,2594338000.0,-1046752000.0,2577320000.0,146459000.0,31977000.0,14164000.0,77.10043673031201,24.22543027117897,11.328311802772994,1.1673085629178614,3.715104292990541,7.944696576763485,0.0016074915487314,0.0200303571428571,2007-11-07,0.05,bmo,,2025-04-23,2007-09-30,-0.6,12.963015873015872,4491296.158730159
2007-06-30,WBD,USD,1437107,2007-06-30,2007-06-29 20:00:00,2007,Q2,177220000.0,121609000.0,55611000.0,0.3137964112,0,0.0,0.0,41333000.0,17207000.0,58540000.0,180149000.0,0.0,0.0,17415000.0,14486000.0,0.0817402099,-2929000.0,-0.01652748,128115000.0,125186000.0,0.7063875409,50969000.0,74217000.0,0.4187845616,0.13,0.13,560439880,560732419,,,0.3162158981263075,0.1324263362557282,0.0585504372030056,0.0376989588963583,0.3116534105317416,8.30424130416986,4.601278552839601,8.30424130416986,0.0,6714069762.400001,6539406762.400001,22.616347206165702,37.88550819546327,204.6099153532029,317.7806589549413,1.442636306098717,1.442636306098717,36.89993658954972,451.4294327212481,199.2870958249528,309.51376194623253,0.011053951273433,0.0031468246157227,0.0,0.0,-12.057365732431313,2.7700377780186973,0.0,0.4421358987832976,0.0,0.0,0.0,0.0,0.3435029191213372,0.3561284817455964,0.0659406387540909,0.6710307206431237,0.0,4.974259307085918,-0.000293241556562,0.0187121053204836,-1.9645679925561328,212247000.0,2578740000.0,-1055358000.0,2569829000.0,144569500.0,33101000.0,12710000.0,71.35453109129895,22.92017860520192,9.549951072700212,1.261307426781965,3.9266709719082975,9.424132052076876,0.0159468314329007,0.0208514783066472,2007-08-08,0.03875,bmo,,2025-04-23,2007-06-30,2.3548387096774195,11.65857142857143,4361320.238095238
2007-03-31,WBD,USD,1437107,2007-03-31,2007-03-30 20:00:00,2007,Q1,173882000.0,118026000.0,55856000.0,0.3212293394,0,0.0,0.0,41520000.0,15537000.0,57057000.0,175083000.0,0.0,0.0,15571000.0,14370000.0,0.0826422516,-1201000.0,-0.0069069829,30854000.0,29653000.0,0.1705351905,9189000.0,20464000.0,0.1176890075,0.035,0.035,560439880,560491000,,,0.3102598623067295,0.0365141752581918,0.0045767620962305,-0.0193455183810259,0.2684980233740682,8.155106663715651,4.452868343344874,8.155106663715651,0.0,5587585603.6,5437108603.6,68.2611611073104,32.134353202746695,2178.395946822612,-515.3648407673861,1.222546854519919,1.222546854519919,31.26895597934232,378.3652472929715,2119.730449746589,-501.48575941708174,0.0036624047400393,-0.0019403729569735,0.0,0.0,-10.47160751565762,2.8698701794925445,0.0,0.1253420641125879,0.0,0.0,0.0,0.0,0.3519592267245032,5.226900584795322,0.0771040130663323,0.8610236978999422,0.0,2.588432414470895,-0.00014326431797,0.0053565744727187,-1.8852628760108936,205538000.0,2495565000.0,-1009328000.0,2565592000.0,147817000.0,39616000.0,12019000.0,76.93182733117861,26.86594479182553,9.543998779929844,1.1698669214311666,3.349965940054496,9.430009587727708,0.0044774613949138,0.0239222804772565,2007-05-09,0.02971,bmo,,2025-04-23,2007-03-31,0.3463480309660047,8.785573770491803,3049204.8524590163
2006-12-31,WBD,USD,1437107,2006-12-31,2006-12-30 19:00:00,2006,Q4,198854000.0,135757000.0,63097000.0,0.317303147,0,0.0,0.0,45759000.0,17887000.0,63646000.0,199403000.0,0.0,0.0,19934000.0,19385000.0,0.0974835809,-8678000.0,-0.0436400575,22446000.0,13768000.0,0.0692367264,8494000.0,5274000.0,0.0265219709,0.0094,0.0094,560420487,560439880,,,0.3548299974979323,0.0094107908656808,0.0437118209777366,-0.0032546990024652,0.2761765559794747,8.117590462034626,4.415389974849367,8.117590462034626,0.0,4696323681.06,4541548681.06,222.61678427474405,23.616943491506333,191.7101555725191,-2574.7388602302635,1.0323260380272503,1.0323260380272503,22.83860863276575,234.28159303894765,185.3920349863249,-2489.8841453179825,0.0011230060698903,-0.0003883889024421,0.0,0.0,-7.984266185194739,2.603739529236096,0.0,4.644861585134623,0.0,0.0,0.0,0.0,0.353397268123118,1.0744580969098256,0.1323634425256721,1.3204073442359787,0.0,1.311045875954651,-0.0005782150997053,0.0013892865826368,-1.8752562127515515,195475000.0,2474475000.0,-1004356000.0,2551039000.0,153327000.0,41866500.0,12650500.0,66.5312239130216,29.16976656820643,7.638501145428965,1.352748299319728,3.085386363636363,11.78241624717931,0.0011593084068104,0.0469665199802019,2007-02-28,0.03294,bmo,,2025-04-23,2006-12-31,-0.7143290831815421,7.966349206349206,1885748.7777777775
2006-09-30,WBD,USD,1437107,2006-09-30,2006-09-29 20:00:00,2006,Q3,169876000.0,111503000.0,58373000.0,0.3436212296,0,0.0,0.0,42652000.0,109438000.0,152090000.0,263593000.0,0.0,0.0,16036000.0,-77681000.0,-0.4572806047,-97350000.0,-0.5730650592,34632000.0,-62718000.0,-0.3691987096,13915000.0,-76633000.0,-0.4511113989,-0.14,-0.14,560401395,560439880,,,0.3031327215022368,-0.1367466260500654,0.0305013516249366,-0.0030817196663116,0.2709629229242015,8.101575121882057,4.40042088046551,8.101575121882057,0.0,4219822504.35,4067974504.35,-13.766335992163953,24.840604348760277,246.8743055256538,-2443.4409405616675,0.9294488894711038,0.9294488894711038,23.94672881601874,-52.36768970983896,237.99066894927748,-2355.5150575275043,-0.0181602425033287,-0.0004092589198289,0.0,0.0,1.954763713134486,2.636018866721907,0.0,-0.2230501220101,0.0,0.0,0.0,0.0,0.3542532103648507,1.1010355116129409,0.1107866914690715,1.1736093788974806,0.0,,-0.0207609950460257,-0.0202689370796205,-1.8492637763687223,205340000.0,2466002000.0,-983956000.0,2550310000.0,148702000.0,35196500.0,12283000.0,84.58440274082272,32.07061693407352,11.12176353999444,1.0640259561301315,2.8063070998917774,8.092241817258147,-0.0168790172272448,0.0335830712912483,2006-11-13,-0.01807,bmo,,2025-04-23,2006-09-30,6.194244604316547,7.236984126984127,1767327.126984127
2006-06-30,WBD,USD,1437107,2006-06-30,2006-06-29 20:00:00,2006,Q2,165789000.0,109623000.0,56166000.0,0.3387800156,0,0.0,0.0,46114000.0,16267000.0,62381000.0,172004000.0,0.0,0.0,16304000.0,10089000.0,0.0608544596,-6215000.0,-0.0374874087,32831000.0,26616000.0,0.1605414111,12882000.0,13734000.0,0.0828402367,0.025,0.025,560401924,560439880,,,0.2958394553977299,0.0245074105063208,0.0388560407583468,0.0056691454185656,0.2726489568583279,8.228958186089312,4.362609932795306,8.228958186089312,0.0,4270262660.88,4117469660.88,77.73159059414593,25.757213451314623,196.10850336991965,1344.1179291406988,0.9259981431041018,0.9259981431041018,24.835602246711183,408.1147448587571,189.09160325510908,1296.0244447214354,0.003216195604504,0.0007439823383944,0.0,0.0,-15.144513826940232,3.1162289397960325,0.0,1.5854812873161497,0.0,0.0,0.0,0.0,0.3681789178640036,0.8540987370838117,0.112178733209079,1.140701668302257,0.0,2.130160854696517,-0.0005542082369271,0.0036936969404226,-1.805689732071655,208129000.0,2444815000.0,-966933000.0,2639544000.0,140166500.0,31278500.0,12775000.0,74.77878508224309,25.171724911742977,8.8560794723735,1.2035499092558983,3.575440313111546,10.162510429220358,0.0029781911576303,0.0331868953397811,2006-08-11,0.03685,bmo,,2025-04-23,2006-06-30,-0.1858887381275441,7.481746031746032,2508966.888888889
2006-03-31,WBD,USD,1437107,2006-03-31,2006-03-30 19:00:00,2006,Q1,153568000.0,97599000.0,55969000.0,0.364457439,0,0.0,0.0,43171000.0,15655000.0,58826000.0,156425000.0,0.0,0.0,15655000.0,12798000.0,0.0833376745,-2857000.0,-0.0186041363,23123000.0,20266000.0,0.1319675974,8651000.0,11615000.0,0.0756342467,0.02,0.02,560404497,560439880,,,0.2740306346970659,0.0207261006329861,0.0183224796641844,-0.0063061592455422,0.269128818215033,8.192314702285481,4.327318950832759,8.192314702285481,0.0,4376759121.57,4225938121.57,94.20488854003445,28.50046312753959,426.2523491984807,-1238.471737852292,0.9533325175876332,0.9533325175876332,27.51835096875651,330.20300996796374,411.56389964647445,-1195.7946014629315,0.0026537900938522,-0.0008074467663946,0.0,0.0,-11.78473198937334,3.254990368094965,0.0,0.8840292724924667,0.0,0.0,0.0,0.0,0.3702889245887727,1.3441760810284378,0.0898754948947697,0.8816352603002235,0.0,1.954579654574066,-0.0002846039500375,0.0031533194694061,-1.772347037393599,216558000.0,2425049000.0,-945778000.0,2641623000.0,138599000.0,29375500.0,12874500.0,83.56213534069599,29.413518581133005,13.613561614360805,1.0770428452199772,3.05981753769947,6.611054663686243,0.0025299443913212,0.0246286389097266,2006-05-10,0.02667,bmo,,2025-04-23,2006-03-31,-0.2500937382827146,7.725483870967742,2214048.016129032
2005-12-31,WBD,USD,1437107,2005-12-31,2005-12-30 19:00:00,2005,Q4,174266000.0,110072000.0,64194000.0,0.3683678974,0,0.0,0.0,36949000.0,21027000.0,57976000.0,168048000.0,0.0,0.0,21489000.0,27707000.0,0.1589925746,2106000.0,0.0120849735,10374000.0,12480000.0,0.0716146581,1245000.0,11235000.0,0.0644704073,0.02,0.02,560403020,560439880,,,0.3109654905143088,0.0200480718323038,0.0418538072831941,0.013272590857915,0.44673563679225,8.164525951341233,4.357412278042328,8.164525951341233,0.0,4421579827.8,4171227827.8,98.38851419225634,25.37259033775952,188.51331604348752,594.4581645334767,0.966375763519236,0.966375763519236,23.935981934513904,150.54779758905693,177.83960041782137,560.7996541812315,0.0025409470002919,0.0016822041645012,0.0,0.0,-9.035694950734472,4.451453666129301,0.0,2.0876724521584333,0.0,0.0,0.0,0.0,0.3666319771186458,0.6828821146876999,0.091911216186749,0.7453580901856764,0.0,1.9190798737564183,0.0003309146367325,0.0030482527420708,-1.582797947805492,310441000.0,2441907000.0,-843425000.0,2700204000.0,141562500.0,32038500.0,5493000.0,69.52216726154269,21.957082636819536,8.982665891416527,1.2945511272889352,4.098905191032993,10.019297287456762,0.002455509597469,0.028581216425279,2006-03-23,0.0275,bmo,,2025-04-23,2005-12-31,-0.2727272727272727,7.747142857142857,3273712.1587301586
2005-09-30,WBD,USD,1437107,2005-09-30,2005-09-29 20:00:00,2005,Q3,167934000.0,109323000.0,58611000.0,0.3490121119,0,0.0,0.0,42130000.0,17884000.0,60014000.0,169337000.0,0.0,0.0,17884000.0,16481000.0,0.0981397454,-1403000.0,-0.0083544726,34913000.0,33510000.0,0.1995426775,32321000.0,1189000.0,0.0070801624,0.0011,0.0011,560398000,560439880,,,0.2996691637015121,0.002121706358695,0.0550269629798821,0.0133494409330511,0.4059668307167406,8.149675766151914,4.334403406150629,8.149675766151914,0.0,4214192959.999999,3986689959.999999,886.079259882254,25.094340395631612,136.66027694003955,563.3194706590027,0.9227360959846832,0.9227360959846832,23.739623661676607,241.8961203810448,129.28267860038264,532.9086966983023,0.0002821418030179,0.0017751916134376,0.0,0.0,-13.803956070626782,3.777920312470083,0.0,25.93523969722456,0.0,0.0,0.0,0.0,0.36707072864382,0.7574018224859747,0.1390784474853216,1.3059718183851488,0.0,0.6237406713713816,-8.702657867024773e-06,0.000322518257273,-1.639435722468674,290176000.0,2428991000.0,-862988000.0,2701965000.0,147423000.0,35934500.0,0.0,79.59019614848691,30.643780357289867,0.0,1.130792539222948,2.9369744512801224,0.0,0.0002603424258308,0.041677522046831,2005-11-09,,bmo,,2025-04-23,2005-09-30,,7.796935483870969,6290474.935483871
2005-06-30,WBD,USD,1437107,2005-06-30,2005-06-29 20:00:00,2005,Q2,178019000.0,115590000.0,62429000.0,0.3506872862,0,0.0,0.0,47168000.0,20243000.0,67411000.0,183001000.0,0.0,0.0,20243000.0,15261000.0,0.0857268044,-4982000.0,-0.0279857768,15091000.0,10109000.0,0.0567860734,6082000.0,4027000.0,0.0226211809,0.005,0.005,560398000,560480790,,,0.3176653021602504,0.0071859642611144,0.0356782144119001,-0.0182691587050631,0.0193273352153291,7.7947940570808605,3.976902130271699,7.7947940570808605,0.0,5256533240.0,5245702240.0,326.33059597715425,29.527933759879563,262.90553366009806,-513.4336042195741,1.2033672642677615,1.2033672642677615,29.46709193962442,343.7325365310268,262.3638211463439,-512.3756827505372,0.0007660942709077,-0.001947671503738,0.0,0.0,-0.709717580761418,1.8842230731095009,0.0,4.964986342190216,0.0,0.0,0.0,0.0,0.3831656264343824,1.5120536160848257,0.1698245692875479,1.4934545274909845,0.0,1.1226286158525127,-0.0003615599235877,0.0011691746677854,-1.954109400818704,83827000.0,2228648000.0,-1037032000.0,2493438000.0,149829500.0,35405500.0,0.0,73.98221538150422,26.97586296392421,0.0,1.216508582987098,3.3363158806211395,0.0,0.0009218927669534,0.0539473731169633,2005-06-29,,bmo,,2025-04-23,2005-06-30,,,
2005-03-31,WBD,USD,1437107,2005-03-31,2005-03-30 19:00:00,2005,Q1,601471000.0,218259000.0,383212000.0,0.6371246494,0,0.0,0.0,234758000.0,51688000.0,286446000.0,504705000.0,0.0,0.0,16761000.0,19638000.0,0.0326499532,96766000.0,0.160882237,-17508000.0,79258000.0,0.1317736017,33629000.0,45629000.0,0.0758623442,0.03,0.03,560480790,560480790,,,1.073134014102428,0.0814104619000412,0.0196349280766607,-0.0176919533673937,0.0270856740692218,7.780123918252399,3.960990349018028,7.780123918252399,0.0,5257309810.200001,5242128810.200001,28.80465170286441,8.74075360275059,477.7201099681963,-530.1845310810811,1.205636323862946,1.205636323862946,8.715513815628684,266.9380186475201,476.3406460881418,-528.653571016539,0.0086791537206866,-0.0018861357534534,0.0,0.0,-0.7730420613097057,1.9007234686909271,0.0,0.6540861812778603,0.0,0.0,0.0,0.0,0.3837687868318719,1.901044979554748,0.0347830568722349,1.2481952150826323,0.0,3.7750666671001913,0.0101719481349453,0.0132752078097056,-1.9392756529621649,91010000.0,2220059000.0,-1025049000.0,2493164000.0,152221500.0,34746000.0,0.0,22.942203364750757,14.912787101562822,0.0,3.9229013259589234,6.035089174616342,0.0,0.0104639029860501,0.0373268814440544,2005-08-17,0.05,bmo,,2025-04-23,2005-03-31,0.6281999999999999,,
2004-12-31,WBD,USD,1437107,2004-12-31,2004-12-30 19:00:00,2004,Q4,172871000.0,105209000.0,67662000.0,0.391401681,0,0.0,0.0,40480000.0,25288000.0,65768000.0,170977000.0,0.0,0.0,24075000.0,25969000.0,0.1502218417,1894000.0,0.0109561465,25810000.0,27704000.0,0.1602582272,11959000.0,15745000.0,0.0910794754,0.028,0.028,560480790,560480790,,,0.308433407682001,0.0280919529820103,0.037003944417078,0.008717515545894,0.061449028431465,7.75633898175172,3.937555112281368,7.75633898175172,0.0,5257309810.200001,5222868810.200001,83.47586234042554,30.41175101781097,253.4864903664417,1075.9946398280804,1.209333426771091,1.209333426771091,30.21252153455467,201.1193657899804,251.82588284474448,1068.9457245599674,0.0029948777166322,0.0009293726594769,0.0,0.0,-1.3262351264969772,1.9513024408672497,0.0,1.317243569387107,0.0,0.0,0.0,0.0,0.3846219505796046,0.7644165863066538,0.0917100034129495,0.6585254413291797,0.0,2.214168235416591,0.000197279446461,0.0045977877471949,-1.9086613120139229,103242000.0,2206924000.0,-1005780000.0,2502338000.0,,,,78.67600696473092,28.50925301067399,0.0,1.14393197458973,3.156869805263,0.0,0.0036218057318152,0.0282864288711839,2004-12-30,,bmo,,2025-04-23,2004-12-31,,,
2004-09-30,WBD,USD,1437107,2004-09-30,2004-09-29 20:00:00,2004,Q3,151924000.0,91268000.0,60656000.0,0.3992522577,0,0.0,0.0,38343000.0,18849000.0,57192000.0,148460000.0,0.0,0.0,18304000.0,21768000.0,0.1432821674,3464000.0,0.0228008741,20075000.0,23539000.0,0.1549393118,7353000.0,16186000.0,0.1065401122,0.029,0.029,560480790,560480790,,,0.2710601374937399,0.0288787774510523,0.0455912146426998,0.011454451454081,,,,,,5257309810.200001,,81.20149836587176,34.60486697427662,205.74139279928,818.8956090654207,0.0,0.0,,,,,0.003078760922287,0.0012211568714372,0.0,0.0,,0.0,0.0,1.5787099962930928,0.0,0.0,0.0,0.0,0.0,0.7487574844440966,0.1259379689844922,1.0452906468531469,0.0,,0.0,0.0,,,,,,,,,,,,0.0,0.0,0.0,0.0,0.0341367631886188,2004-09-29,,bmo,,2025-04-23,2004-09-30,,,
2004-06-30,WBD,USD,1437107,2004-06-30,2004-06-29 20:00:00,2004,Q2,160477000.0,96063000.0,64414000.0,0.4013908535,0,0.0,0.0,39031000.0,19720000.0,58751000.0,154814000.0,0.0,0.0,19174000.0,24837000.0,0.1547698424,5663000.0,0.035288546,27920000.0,33583000.0,0.2092698642,11326000.0,22257000.0,0.1386927722,0.04,0.04,560480790,560480790,,,0.2863202501552283,0.0397105492232838,0.0425866513640904,0.0276352022698226,,,,,,5257309810.200001,,59.05231848631891,32.76051901643227,220.25681051573173,339.42215831880696,0.0,0.0,,,,,0.004233534032333,0.0029461836108552,0.0,0.0,,0.0,0.0,1.0724266522891674,0.0,0.0,0.0,0.0,0.0,0.3510829946792911,0.052219321148825,0.437050172108063,0.0,,0.0,0.0,,,,,,,,,,,,0.0,0.0,0.0,0.0,0.0149514490942677,2004-06-29,,bmo,,2025-04-23,2004-06-30,,,
2004-03-31,WBD,USD,1437107,2004-03-31,2004-03-30 19:00:00,2004,Q1,527362000.0,181737000.0,345625000.0,0.6553847262,0,0.0,0.0,208208000.0,59613000.0,267821000.0,449558000.0,0.0,0.0,16052000.0,108637000.0,0.2060008116,77804000.0,0.1475343313,-41618000.0,36186000.0,0.0686170031,15335000.0,20851000.0,0.0395383058,0.037,0.037,560480790,560480790,,,0.94091003547151,0.0372019886711906,0.0252640237678797,0.0146927426361927,,,,,,5257309810.200001,,63.03426466596326,9.96907211782419,371.2789413983051,638.4104201821494,0.0,0.0,,,,,0.0039660968732612,0.0015663904729416,0.0,0.0,,0.0,0.0,1.1879194630872485,0.0,0.0,0.0,0.0,0.0,0.4184322033898305,0.011235166735563,0.369112883129828,0.0,,0.0,0.0,,,,,,,,,,,,0.0,0.0,0.0,0.0,0.0105712811316869,2004-03-30,,bmo,,2025-04-23,2004-03-31,,,
