date,symbol,reportedCurrency,cik,fillingDate,acceptedDate,calendarYear,period,revenue,costOfRevenue,grossProfit,grossProfitRatio,researchAndDevelopmentExpenses,generalAndAdministrativeExpenses,sellingAndMarketingExpenses,sellingGeneralAndAdministrativeExpenses,otherExpenses,operatingExpenses,costAndExpenses,interestIncome,interestExpense,depreciationAndAmortization,ebitda,ebitdaratio,operatingIncome,operatingIncomeRatio,totalOtherIncomeExpensesNet,incomeBeforeTax,incomeBeforeTaxRatio,incomeTaxExpense,netIncome,netIncomeRatio,eps,epsdiluted,weightedAverageShsOut,weightedAverageShsOutDil,link,finalLink,revenuePerShare,netIncomePerShare,operatingCashFlowPerShare,freeCashFlowPerShare,cashPerShare,bookValuePerShare,tangibleBookValuePerShare,shareholdersEquityPerShare,interestDebtPerShare,marketCap,enterpriseValue,peRatio,priceToSalesRatio,pocfratio,pfcfRatio,pbRatio,ptbRatio,evToSales,enterpriseValueOverEBITDA,evToOperatingCashFlow,evToFreeCashFlow,earningsYield,freeCashFlowYield,debtToEquity,debtToAssets,netDebtToEBITDA,currentRatio,interestCoverage,incomeQuality,dividendYield,payoutRatio,salesGeneralAndAdministrativeToRevenue,researchAndDdevelopementToRevenue,intangiblesToTotalAssets,capexToOperatingCashFlow,capexToRevenue,capexToDepreciation,stockBasedCompensationToRevenue,grahamNumber,roic,returnOnTangibleAssets,grahamNetNet,workingCapital,tangibleAssetValue,netCurrentAssetValue,investedCapital,averageReceivables,averagePayables,averageInventory,daysSalesOutstanding,daysPayablesOutstanding,daysOfInventoryOnHand,receivablesTurnover,payablesTurnover,inventoryTurnover,roe,capexPerShare,report_date,epsEstimated,time,revenueEstimated,updatedFromDate,fiscalDateEnding,surprise(%),QuarterAvgPrice,QuarterAvgVolume
2024-12-31,WEC,USD,783325,2025-02-21,2025-02-21 11:23:27,2024,Q4,2284200000.0,1277500000.0,1006700000.0,0.4407232291,0,0.0,0.0,0.0,415800000.0,415800000.0,1693300000.0,10600000.0,211900000.0,344000000.0,1070100000.0,0.4684791174,590900000.0,0.2586901322,-76700000.0,514200000.0,0.2251116365,61100000.0,453800000.0,0.1986691183,1.43,1.43,317100000,317500000,https://www.sec.gov/Archives/edgar/data/783325/000010781525000103/0000107815-25-000103-index.htm,https://www.sec.gov/Archives/edgar/data/783325/000010781525000103/wec-20241231.htm,7.203405865657522,1.4310942920214444,1.8347524440239675,-0.8344370860927153,0.0309050772626931,40.37180700094607,30.744560075685904,39.184484389782405,64.77105014191108,29820084000.000004,50137284000.0,16.427988100484797,13.054935644864724,51.254871089721554,-112.69873015873016,2.399929499251533,2.399929499251533,21.94960336222747,46.85289599102887,86.17614987968373,-189.4833106575964,0.015217931646336,-0.0088732144416494,1.635923189595506,0.4291728599418958,18.986262966077938,0.6013548400421322,2.7885795186408684,1.2840432575590377,0.0088866282200948,0.5839576906126047,0.0,0.0,0.0644551043848388,1.454795462358199,0.3705454863847299,2.4604651162790696,0.0,35.520776579144105,0.0114772244721307,0.0102413880262872,-103.73044780826238,-1930200000.0,9749100000.0,-31649600000.0,35768000000.0,1422400000.0,938900000.0,801550000.0,65.77226162332545,80.10880626223093,57.290019569471625,1.368357994368897,1.1234719901503825,1.570954254795868,0.0365219630756353,2.6691895301166824,2025-02-04,1.49,bmo,2558346470.0,2025-05-04,2024-12-31,-0.0402684563758389,96.9571875,1866215.640625
2024-09-30,WEC,USD,783325,2024-11-01,2024-11-01 10:48:52,2024,Q3,1863500000.0,1087600000.0,775900000.0,0.4163670512,0,0.0,0.0,0.0,392200000.0,392200000.0,1459800000.0,0.0,204200000.0,340500000.0,814900000.0,0.4372954119,383700000.0,0.2059028709,-113500000.0,270200000.0,0.1449959753,31600000.0,240400000.0,0.1290045613,0.76,0.76,316200000,316500000,https://www.sec.gov/Archives/edgar/data/783325/000010781524000248/0000107815-24-000248-index.htm,https://www.sec.gov/Archives/edgar/data/783325/000010781524000248/wec-20240930.htm,5.893421884882986,0.7602783048703352,2.3055028462998104,-0.2128399746995572,1.0199240986717268,39.18785578747628,29.533206831119543,38.30613535736875,61.71442125237191,30412116000.000004,49399516000.0,31.6265765391015,16.319890528575264,41.71758024691358,-451.8887964338782,2.510824939731185,2.510824939731185,26.508997048564527,60.6203411461529,67.7633964334705,-734.0195542347697,0.0079047442802072,-0.0022129338188766,1.5942257521217926,0.4272432599869459,23.30028224322003,0.6532648276550107,1.8790401567091088,3.075949367088608,0.0086807507902442,1.098169717138103,0.0,0.0,0.067545053267399,1.092318244170096,0.4273141937214918,2.338619676945668,0.0,25.598335536744635,0.00776985146679,0.0057042926938071,-98.69141366223909,-1390200000.0,9338400000.0,-30186100000.0,34515500000.0,1209100000.0,770300000.0,742850000.0,56.77220284411055,61.29367414490622,65.36502390584774,1.5852828583581455,1.4683407587417308,1.3768831497657932,0.0198474290809418,2.518342820999368,2024-10-31,0.7,bmo,1933608162.0,2025-04-25,2024-09-30,0.1714285714285714,88.62265625,2155110.171875
2024-06-30,WEC,USD,783325,2024-07-31,2024-07-31 14:50:49,2024,Q2,1772000000.0,1311900000.0,460100000.0,0.2596501129,0,0.0,0.0,13900000.0,-67500000.0,67500000.0,1379400000.0,0.0,200600000.0,336600000.0,788800000.0,0.4451467269,392600000.0,0.2215575621,-113200000.0,251600000.0,0.141986456,41600000.0,211600000.0,0.1194130926,0.67,0.67,315900000,316200000,https://www.sec.gov/Archives/edgar/data/783325/000010781524000203/0000107815-24-000203-index.htm,https://www.sec.gov/Archives/edgar/data/783325/000010781524000203/wec-20240630.htm,5.609370053814498,0.669832225387781,3.1883507439062995,0.9917695473251028,0.8714783159227604,39.23520101297879,29.571383349161128,38.345362456473566,60.231402342513455,24542271000.0,43093471000.0,28.99606687145557,13.85004006772009,24.36682982525814,78.33473029045643,2.0260598680788884,2.0260598680788884,24.31911455981941,54.63168230223124,42.785416004765686,137.54698691350143,0.0086218589958525,0.0127657297892277,1.5542007545425276,0.4222873702957683,23.518255578093303,0.7400905029212969,1.957128614157528,4.75992438563327,0.0107447269244154,1.246219281663516,0.0,0.0,0.0684757593837899,0.6889396346306592,0.3915914221218962,2.0614973262032086,0.0,24.03979176322493,0.0076189755343962,0.0050951855793726,-96.96921494143716,-907500000.0,9341600000.0,-29603700000.0,34409100000.0,1399850000.0,720400000.0,652200000.0,63.11681715575621,54.87537159844501,47.73382117539447,1.4259274161100828,1.6400800100012505,1.885455590686979,0.0174684024997317,2.1965811965811968,2024-07-31,0.64,bmo,1872736520.0,2025-04-25,2024-06-30,0.046875,81.23222222222222,1992315.9682539685
2024-03-31,WEC,USD,783325,2024-05-03,2024-05-03 11:43:23,2024,Q1,2680200000.0,1736000000.0,944200000.0,0.3522871428,0,0.0,0.0,14700000.0,-75500000.0,75500000.0,1811500000.0,0.0,192000000.0,333400000.0,1235700000.0,0.461047683,868700000.0,0.3241176032,-103100000.0,710300000.0,0.265017536,87700000.0,622600000.0,0.2322960973,1.97,1.97,315600000,315900000,https://www.sec.gov/Archives/edgar/data/783325/000010781524000155/0000107815-24-000155-index.htm,https://www.sec.gov/Archives/edgar/data/783325/000010781524000155/wec-20240331.htm,8.492395437262358,1.9727503168567808,2.681875792141952,1.273447401774398,0.2614068441064638,39.37294043092522,29.69993662864385,38.47623574144487,59.51362484157161,25740336000.0,44248336000.0,10.335823964021843,9.603886277143497,30.41155009451796,64.0466185618313,2.119749981470959,2.119749981470959,16.509341093948212,35.80831593428826,52.2782797731569,110.0978750933068,0.0241877184509168,0.015613626799588,1.5309517339064984,0.4232115864430239,14.977745407461358,0.5530288553411046,4.524479166666667,1.3594603276582076,0.0102368516090854,0.4232251847092836,0.0,0.0,0.0694968038026553,0.5251654064272212,0.1658458324005671,1.333233353329334,0.0,41.32602256005059,0.0179449219518722,0.0152320278707455,-94.8876742712294,-2105100000.0,9373300000.0,-28896500000.0,32677500000.0,1530100000.0,768750000.0,691900000.0,52.2834116856951,33.22638248847927,31.551843317972352,1.7213872832369943,2.70869090341707,2.852448241866579,0.0512719157381558,1.408428390367554,2024-05-01,1.92,bmo,2921371803.0,2025-04-25,2024-03-31,0.0260416666666666,80.41836065573771,2328791.3278688523
2023-12-31,WEC,USD,783325,2024-02-22,2024-02-22 12:19:25,2023,Q4,2217500000.0,1085600000.0,1131900000.0,0.5104396843,0,0.0,0.0,553900000.0,-57700000.0,611600000.0,1697200000.0,0.0,193500000.0,324500000.0,758100000.0,0.3418714769,520300000.0,0.2346335959,-101300000.0,240100000.0,0.1082750846,21600000.0,218800000.0,0.0986696731,0.69,0.69,315400000,315800000,https://www.sec.gov/Archives/edgar/data/783325/000010781524000095/0000107815-24-000095-index.htm,https://www.sec.gov/Archives/edgar/data/783325/000010781524000095/wec-20231231.htm,7.030754597336715,0.693722257450856,1.5218769816106532,-0.8985415345592898,0.1360177552314521,38.27362079898541,28.59448319594166,37.26886493341788,60.2136968928345,26547218000.0,45302218000.0,30.332744515539307,11.97168793686584,55.30670416666666,-93.67402258292168,2.258453541592228,2.258453541592228,20.42941059751973,59.75757551774172,94.37962083333332,-159.85256880733945,0.0082419182303772,-0.0106753182197848,1.5991952086842598,0.4278112959351111,24.73948027964649,0.5465902870102448,2.68888888372093,2.1937842778793417,0.0092702745726501,1.1247714808043876,0.0,0.0,0.069477033297906,1.5904166666666666,0.3442615558060879,2.352542372881356,0.0043742953776775,24.11888109076452,0.0112429271065366,0.0053513472530321,-96.1011414077362,-2319100000.0,9018700000.0,-29072500000.0,32315200000.0,1373200000.0,882150000.0,762550000.0,61.00924464487035,74.33124539425202,64.26676492262344,1.4751862692921769,1.210796341735445,1.4004127966976263,0.0186139894169091,2.420418516169943,2024-02-01,1.1,bmo,2967290000.0,2025-04-25,2023-12-31,0.0,82.34984126984126,2019848.7142857143
2023-09-30,WEC,USD,783325,2023-11-02,2023-11-01 17:43:00,2023,Q3,1957400000.0,1104000000.0,853400000.0,0.4359865127,0,0.0,0.0,22800000.0,41800000.0,381400000.0,1485400000.0,182800000.0,182500000.0,320300000.0,878800000.0,0.44896291,472000000.0,0.2411362011,-96000000.0,376000000.0,0.19209155,60400000.0,316300000.0,0.1615919076,1.0,1.0,315400000,315800000,https://www.sec.gov/Archives/edgar/data/783325/000010781523000226/0000107815-23-000226-index.htm,https://www.sec.gov/Archives/edgar/data/783325/000010781523000226/wec-20230930.htm,6.206087507926442,1.00285351934052,2.4860494610019024,0.4067850348763475,0.1455294863665187,38.36493341788206,28.6857958148383,37.36017755231452,58.3424223208624,25405470000.0,43578270000.0,20.08020075877332,12.979191785020946,32.400803468945284,198.01613406079505,2.1560390040226083,2.1560390040226083,22.26334423214468,49.5883818843878,55.57743910215534,339.65915822291504,0.0124500747280014,0.0050500935428472,1.5461326951474108,0.4193827589620111,20.679107874374147,0.5998478042074772,2.5863013698630137,2.48447401774398,0.0096829541039783,0.7777426493834967,0.0,0.0,0.070273492980247,0.836372911618416,0.3350362726065188,2.0474555104589447,0.0,29.034508342390087,0.0095166183060435,0.0078313596062284,-95.07974001268232,-1630100000.0,9047500000.0,-28897800000.0,32890200000.0,1279150000.0,808100000.0,676800000.0,57.16154081945438,70.73641304347827,61.13315217391305,1.5744851994851994,1.2723291460182091,1.4721962928390453,0.0268428467165673,2.079264426125555,2023-10-31,0.91,bmo,2022570000.0,2025-04-25,2023-09-30,0.0989010989010988,86.88825396825396,1327184.6825396826
2023-06-30,WEC,USD,783325,2023-08-03,2023-08-02 18:14:57,2023,Q2,1830000000.0,1029000000.0,801000000.0,0.437704918,0,0.0,0.0,21200000.0,48300000.0,375700000.0,1404700000.0,172800000.0,178700000.0,313900000.0,831100000.0,0.4541530055,425300000.0,0.2324043716,-86800000.0,338500000.0,0.1849726776,48500000.0,290000000.0,0.1584699454,0.92,0.92,315400000,315900000,https://www.sec.gov/Archives/edgar/data/783325/000010781523000196/0000107815-23-000196-index.htm,https://www.sec.gov/Archives/edgar/data/783325/000010781523000196/wec-20230630.htm,5.802155992390615,0.9194673430564364,3.038046924540266,1.2171845275840203,0.173430564362714,38.14648065948003,28.46734305643627,37.13316423589093,57.878249841471145,27830896000.0,45852296000.0,23.99215172413793,15.208139890710385,29.044975996660405,72.49517061734826,2.3763124370293207,2.3763124370293207,25.055899453551916,55.1706124413428,47.85253183051555,119.43812451159155,0.0104200741506849,0.0137940222980963,1.5434092112228692,0.4201858235722106,21.683792564071712,0.5998681930239937,2.379966424174594,3.3041379310344827,0.0088390973829947,0.8482758620689655,0.0,0.0,0.0709634977789038,0.5993529534543937,0.3138251366120219,1.82956355527238,0.0,27.71662798453648,0.0088031313644078,0.0072560769644577,-93.99183576410908,-1639300000.0,8978600000.0,-28530300000.0,32423900000.0,1547850000.0,714250000.0,563600000.0,64.67704918032787,65.466472303207,52.80174927113703,1.391529161280511,1.374749498997996,1.7044889845949975,0.0247613517990402,1.820862396956246,2023-08-01,0.85,bmo,2053210000.0,2025-04-25,2023-06-30,0.0823529411764706,92.39064516129032,1378542.677419355
2023-03-31,WEC,USD,783325,2023-05-04,2023-05-03 17:55:20,2023,Q1,2888100000.0,1843700000.0,1044400000.0,0.3616218275,0,0.0,0.0,23900000.0,375100000.0,375100000.0,2218800000.0,172500000.0,172200000.0,305500000.0,1059400000.0,0.3668155535,669300000.0,0.2317440532,-87600000.0,581700000.0,0.2014126935,74100000.0,507800000.0,0.1758249368,1.61,1.61,315400000,315900000,https://www.sec.gov/Archives/edgar/data/783325/000010781523000148/0000107815-23-000148-index.htm,https://www.sec.gov/Archives/edgar/data/783325/000010781523000148/wec-20230331.htm,9.156943563728598,1.6100190234622702,2.5240963855421685,0.940710209258085,0.1131896005072923,38.00792644261256,28.3287888395688,36.991122384273936,57.28883956880152,29896766000.000004,47757766000.0,14.718770185112248,10.351707350853504,37.55403341288783,100.76429389956186,2.56250672837919,2.56250672837919,16.53604999826876,45.08001321502737,59.9896570782565,160.96314796090326,0.0169851147110694,0.0099241503244866,1.5339590297420074,0.4181872562558563,16.85954313762507,0.7537575017260608,3.8867595818815337,1.568360914105595,0.0082316595714733,0.4846396218983851,0.0,0.0,0.0713339361948224,0.6273081271197086,0.1729164502614175,1.6346972176759411,0.0,36.60627325476873,0.0142104174524922,0.0127770606721669,-92.502536461636,-927300000.0,8934900000.0,-27969700000.0,32504900000.0,1799500000.0,939050000.0,665300000.0,55.48769086942973,33.19412051852254,25.554591310950805,1.6219813545995732,2.711323529411765,3.5218720152817573,0.0435244707294077,1.5833861762840835,2023-05-01,1.59,bmo,2854760000.0,2025-04-25,2023-03-31,0.0125786163522012,92.5833870967742,1369825.741935484
2022-12-31,WEC,USD,783325,2023-02-23,2023-02-23 07:42:27,2022,Q4,2558400000.0,1815700000.0,742700000.0,0.2902986241,0,0.0,0.0,100000.0,362300000.0,362300000.0,2178000000.0,150500000.0,150200000.0,284600000.0,746100000.0,0.2916275797,380400000.0,0.1486866792,-69200000.0,311200000.0,0.1216385241,59000000.0,253000000.0,0.0988899312,0.8,0.8,315400000,315900000,https://www.sec.gov/Archives/edgar/data/783325/000010781523000100/0000107815-23-000100-index.htm,https://www.sec.gov/Archives/edgar/data/783325/000010781523000100/wec-20221231.htm,8.111604311984781,0.8021559923906151,0.0038046924540266,-2.004438807863031,6.1448953709575145,36.83132530120482,27.152187698161065,36.16772352568167,55.30976537729867,29571904000.0,46837504000.0,29.221249011857708,11.558749218261411,24643.253333333338,-46.776184751660864,2.592366642413192,2.592366642413192,18.307342088805505,62.77644283608095,39031.25333333333,-74.08652957924707,0.008555418007579,-0.0213784002545118,1.5160905735800758,0.4130315890533314,23.14113389626056,0.6913250921708957,2.532623169107856,0.0047581284694686,0.007757363205291,0.9067193675889328,0.0,0.0,0.0729077356999051,527.8333333333334,0.2475766103814884,2.225579761068166,0.0136022514071294,25.549432743960928,0.0077336734071946,0.0065173766657307,-84.1789790741915,-1423300000.0,8563800000.0,-27067800000.0,30743300000.0,1570100000.0,1178050000.0,865850000.0,63.96810506566604,59.38701327311781,40.00605826953792,1.4069511658600968,1.5154828478424172,2.2496592739437493,0.0221787802547491,2.008243500317058,2023-02-02,0.75,bmo,1919133943.0,2025-04-25,2022-12-31,0.0666666666666667,92.4120634920635,1570121.1587301588
2022-09-30,WEC,USD,783325,2022-11-03,2022-11-02 17:42:00,2022,Q3,2003000000.0,1259400000.0,743600000.0,0.3712431353,0,0.0,0.0,31500000.0,339400000.0,339400000.0,1598800000.0,127800000.0,127500000.0,280300000.0,782900000.0,0.3908637044,404200000.0,0.201797304,-29100000.0,375100000.0,0.1872690964,73400000.0,302000000.0,0.1507738392,0.96,0.96,315400000,316200000,https://www.sec.gov/Archives/edgar/data/783325/000010781522000307/0000107815-22-000307-index.htm,https://www.sec.gov/Archives/edgar/data/783325/000010781522000307/wec-20220930.htm,6.350665821179454,0.9575142675967026,0.9413443246670894,-1.1889663918833229,6.038046924540266,36.76632847178186,27.08719086873811,36.0998731769182,52.20323398858592,28206222000.000004,44515122000.0,23.34952152317881,14.081988017973044,95.00243179521723,-75.216592,2.4772940215529733,2.4772940215529733,22.22422466300549,56.85926938306297,149.93304816436512,-118.706992,0.0107068575153382,-0.0132949389677213,1.434879983137038,0.4008095974092883,20.83139609145485,0.8223283971866931,3.1701960784313727,0.9840901557838913,0.0081365026482454,0.7599337748344371,0.0,0.0,0.0748951203356149,2.263051532502526,0.3354468297553669,2.3970745629682484,0.0,27.88795854073833,0.0083751269639274,0.0080088680976551,-81.822606214331,-598700000.0,8543300000.0,-26393900000.0,31029400000.0,1451850000.0,1118100000.0,748400000.0,59.39191213180229,82.75369223439733,66.07432110528823,1.5153578453623846,1.0875647668393782,1.36210253082414,0.026524034112367,2.130310716550412,2022-11-01,0.86,bmo,1828066470.0,2025-04-25,2022-09-30,0.1162790697674418,102.15109375,1193396.546875
2022-06-30,WEC,USD,783325,2022-08-04,2022-08-03 17:42:05,2022,Q2,2127900000.0,1384000000.0,743900000.0,0.3495934959,0,0.0,0.0,32100000.0,335700000.0,335700000.0,1719700000.0,0.0,119800000.0,279600000.0,750600000.0,0.3527421401,408200000.0,0.1918323229,-57000000.0,351200000.0,0.1650453499,63400000.0,287500000.0,0.1351097326,0.91,0.91,315400000,316200000,https://www.sec.gov/Archives/edgar/data/783325/000010781522000269/0000107815-22-000269-index.htm,https://www.sec.gov/Archives/edgar/data/783325/000010781522000269/wec-20220630.htm,6.746670894102727,0.9115409004438808,2.174381737476221,0.1284083703233988,5.921052631578948,36.43183259353202,26.75269499048827,35.89410272669626,48.97495244134432,31741856000.0,47038456000.0,27.60161391304348,14.916986700502845,46.28442111402741,783.7495308641975,2.8038031975973854,2.8038031975973854,22.105576389867945,62.667807087663206,68.58917468649751,1161.4433580246914,0.0090574413796093,0.0012759178291275,1.353846833318611,0.3869735476720083,20.37916333599787,0.6921525485881922,3.407345575959934,2.3829047949965254,0.00722705061733,0.7979130434782609,0.0,0.0,0.0770770897137129,0.9409448818897638,0.3032567319892852,2.3079399141630903,0.0,27.13256735369235,0.0088982501083787,0.0078650117770002,-78.55572289156626,-1175300000.0,8437800000.0,-25474000000.0,29503700000.0,1608800000.0,885950000.0,470500000.0,66.90680953052305,70.11416184971098,37.209537572254334,1.3451545609709843,1.2836208495640884,2.418734708144006,0.0253952831021994,2.045973367152822,2022-08-02,0.85,bmo,1783020861.0,2025-04-25,2022-06-30,0.0705882352941177,101.39016129032258,1512246.661290323
2022-03-31,WEC,USD,783325,2022-05-05,2022-05-04 17:55:51,2022,Q1,2908100000.0,1837800000.0,1070300000.0,0.368040989,0,0.0,0.0,33700000.0,338900000.0,338900000.0,2176700000.0,0.0,117600000.0,278100000.0,1090800000.0,0.3750902651,731400000.0,0.2515044187,-36300000.0,695100000.0,0.2390220419,127100000.0,565900000.0,0.1945944087,1.79,1.79,315400000,316200000,https://www.sec.gov/Archives/edgar/data/783325/000010781522000185/0000107815-22-000185-index.htm,https://www.sec.gov/Archives/edgar/data/783325/000010781522000185/wec-20220331.htm,9.220355104629045,1.7942295497780596,3.4140773620798988,2.198161065313887,0.1071655041217501,36.2856689917565,26.606531388712742,35.74381737476221,48.33639822447685,31480074000.0,46573974000.0,13.90708340696236,10.824962690416424,29.23483841010401,45.40613587191691,2.792371026114107,2.792371026114107,16.01525876001513,42.6970792079208,43.25220468053491,67.17723063608827,0.0179764507542136,0.0220234552180531,1.3418695004257737,0.3881435297438068,13.837458745874589,0.7850140914103664,6.219387755102041,1.895774647887324,0.0072935025502163,0.4057253931790069,0.0,0.0,0.0783281376284493,0.3561478454680535,0.1318730442556996,1.379000359582884,0.0,37.98662660072026,0.0160130345386979,0.0157537087609996,-82.70458148383005,-701800000.0,8391700000.0,-24967400000.0,29461200000.0,1570700000.0,849700000.0,502300000.0,50.62171177057185,33.97159647404506,18.06072477962781,1.7778932567096657,2.649272019605017,4.983188720173536,0.0501969202384331,1.215916296766011,2022-05-02,1.67,bmo,2730639031.0,2025-04-25,2022-03-31,0.0718562874251497,94.4341935483871,1588081.2258064516
2021-12-31,WEC,USD,783325,2022-02-24,2022-02-24 08:49:34,2021,Q4,2201900000.0,1546900000.0,655000000.0,0.2974703665,0,0.0,0.0,1000000.0,35500000.0,328200000.0,1875100000.0,0.0,113600000.0,275100000.0,635800000.0,0.2887506245,326800000.0,0.148417276,-82500000.0,244300000.0,0.1109496344,20500000.0,224200000.0,0.1018211545,0.71,0.71,315400000,316200000,https://www.sec.gov/Archives/edgar/data/783325/000010781522000116/0000107815-22-000116-index.htm,https://www.sec.gov/Archives/edgar/data/783325/000010781522000116/wec-20211231.htm,6.981293595434369,0.7108433734939759,0.082435003170577,-1.898858592263792,0.0516804058338617,35.23557387444515,25.556436271401395,34.69752694990488,49.78979074191503,30615878000.0,46189678000.0,34.13902542372881,13.90429992279395,1177.5337692307692,-51.12018367006177,2.797605723893417,2.797605723893417,20.97719151641764,72.6481251966027,1776.526076923077,-77.12419101686424,0.0073229975635518,-0.0195617450526814,1.4245860594319968,0.399864062479962,24.49480968858132,0.7078870237143619,2.876760563380281,0.1161751563896336,0.0069767719873981,0.9527207850133808,0.0,0.0,0.0783000115418649,24.034615384615385,0.2838003542395204,2.271537622682661,0.0071302057314137,23.55740668986703,0.0080249924737962,0.0062389211842262,-83.7404090044388,-1096300000.0,8060500000.0,-25218500000.0,28938900000.0,1304750000.0,939250000.0,640750000.0,61.54366683318952,58.51250888874524,36.99140215915703,1.4623763033804875,1.5381326439296013,2.4329977980497013,0.0204868598998501,1.981293595434369,2022-02-03,0.68,bmo,1716967054.0,2025-04-25,2021-12-31,0.0441176470588234,91.4090625,1115854.0
2021-09-30,WEC,USD,783325,2021-11-04,2021-11-03 17:40:58,2021,Q3,1746500000.0,1034400000.0,712100000.0,0.4077297452,0,0.0,0.0,23000000.0,25200000.0,322100000.0,1356500000.0,0.0,118000000.0,271600000.0,729100000.0,0.4174634984,390000000.0,0.2233037504,-50500000.0,339500000.0,0.1943887776,50800000.0,290000000.0,0.1660463785,0.92,0.92,315400000,316300000,https://www.sec.gov/Archives/edgar/data/783325/000010781521000264/0000107815-21-000264-index.htm,https://www.sec.gov/Archives/edgar/data/783325/000010781521000264/wec-20210930.htm,5.537412809131262,0.9194673430564364,2.4746353836398223,0.515852885225111,0.082435003170577,35.2143310082435,25.535193405199745,34.68262523779328,46.92993024730501,27818280000.0,42475980000.0,23.98127586206897,15.928016032064129,35.641614349775786,170.97897971727105,2.5430600883086965,2.5430600883086965,24.320629831090752,58.25809902619668,54.42149903907752,261.0693300553165,0.0104247998078961,0.0058486721680851,1.34233789503515,0.3823790588241421,20.10382663557811,0.6523587715972485,3.305084745762712,2.703498441288535,0.007681999030853,0.7368965517241379,0.0,0.0,0.0794981367624196,0.7915438821268418,0.3537360435156026,2.2746686303387333,0.0,26.786464468950687,0.009033188888129,0.0082041184674706,-82.80786303107166,-1283700000.0,8053800000.0,-24885400000.0,28391800000.0,1143250000.0,808700000.0,549200000.0,56.88061837961637,75.93967517401391,56.18039443155452,1.5822612792172497,1.1851512373968836,1.6019823447421404,0.0265108923200687,1.9587824984147115,2021-11-02,0.79,bmo,1650180000.0,2025-04-25,2021-09-30,0.1645569620253164,93.78015625,1005966.234375
2021-06-30,WEC,USD,783325,2021-08-05,2021-08-04 17:53:39,2021,Q2,1676200000.0,989700000.0,686500000.0,0.4095573321,0,0.0,0.0,21300000.0,39700000.0,317700000.0,1307400000.0,0.0,120000000.0,266200000.0,716000000.0,0.4271566639,368800000.0,0.2200214772,-39000000.0,329800000.0,0.1967545639,54100000.0,276000000.0,0.1646581554,0.88,0.87,315400000,316300000,https://www.sec.gov/Archives/edgar/data/783325/000010781521000221/0000107815-21-000221-index.htm,https://www.sec.gov/Archives/edgar/data/783325/000010781521000221/wec-20210630.htm,5.314521242866202,0.8750792644261256,2.634749524413443,0.9242232086239696,0.1109701965757768,34.97273303741281,25.293595434369056,34.43658845909955,46.714648065948005,28054830000.0,42633630000.0,25.41198369565217,16.737161436582745,33.7603249097473,96.2429845626072,2.5830084796479245,2.5830084796479245,25.434691564252475,59.54417597765363,51.30400722021661,146.2560205831904,0.0098378781835427,0.0103903677192126,1.3454927126587055,0.3866606341067181,20.36145251396648,0.6752126619046208,3.0733333333333333,3.014145810663765,0.0076207911436283,0.7746376811594203,0.0,0.0,0.0807728026797266,0.6492178098676293,0.3218589667104164,2.026671675432006,0.0,26.03904282434391,0.0084840429827752,0.0079442520745723,-81.21789790741916,-1095800000.0,7977600000.0,-24486400000.0,28223400000.0,1276300000.0,700300000.0,403100000.0,63.502565326333375,67.71142770536527,41.1670203091846,1.417265578760463,1.3291700241740532,2.186216037110669,0.0254113227698341,1.7105263157894737,2021-08-03,0.79,bmo,1596020000.0,2025-04-25,2021-06-30,0.10126582278481,94.18809523809524,1176935.9523809524
2021-03-31,WEC,USD,783325,2021-05-06,2021-05-05 17:44:45,2021,Q1,2691400000.0,1745500000.0,945900000.0,0.3514527755,0,0.0,0.0,23300000.0,32800000.0,316600000.0,2062100000.0,0.0,119500000.0,261400000.0,966100000.0,0.358958163,629300000.0,0.2338188303,-44100000.0,585200000.0,0.2174333061,74900000.0,510100000.0,0.1895296128,1.62,1.61,315400000,316200000,https://www.sec.gov/Archives/edgar/data/783325/000010781521000145/0000107815-21-000145-index.htm,https://www.sec.gov/Archives/edgar/data/783325/000010781521000145/wec-20210331.htm,8.533291058972733,1.6173113506658212,1.2530120481927711,-0.2390615091946734,0.0827520608750792,34.77362079898541,25.09448319594166,34.23430564362714,46.93912492073557,29518286000.0,44177286000.0,14.466911389923544,10.9676324589433,74.69201923076923,-391.48920424403184,2.7338074554294978,2.7338074554294978,16.41424017240098,45.72744643411655,111.78463056680162,-585.905649867374,0.0172808136624192,-0.002554348853453,1.3600463070155129,0.3905549379531177,15.173377497153504,0.6340682117957415,5.266108786610879,0.7744464040760337,0.0072395802385002,0.4189374632425015,0.0,0.0,0.0811901937735036,1.1907894736842106,0.1748532362339303,1.8003060443764345,0.0,35.295459336025445,0.0151367916677351,0.0147650501623837,-80.54129676601141,-1359400000.0,7914800000.0,-24277500000.0,27687800000.0,1286350000.0,768350000.0,441050000.0,45.8092442594932,33.82411916356345,18.22686909195073,1.964668953938244,2.660823170731707,4.937765205091938,0.0472424172262097,1.4920735573874444,2021-05-03,1.47,bmo,2204970000.0,2025-04-25,2021-03-31,0.0952380952380953,87.17459016393443,1460123.9180327868
2020-12-31,WEC,USD,783325,2021-02-25,2021-02-25 12:21:18,2020,Q4,1933400000.0,1262200000.0,671200000.0,0.3471604427,0,0.0,0.0,3500000.0,19600000.0,300700000.0,1562900000.0,0.0,117900000.0,249300000.0,629000000.0,0.3253336092,370500000.0,0.1916313231,-93700000.0,276800000.0,0.143167477,37200000.0,239000000.0,0.123616427,0.76,0.76,315400000,316500000,https://www.sec.gov/Archives/edgar/data/783325/000010781521000079/0000107815-21-000079-index.htm,https://www.sec.gov/Archives/edgar/data/783325/000010781521000079/wec-20201231.htm,6.12999365884591,0.7577679137603044,0.7809131261889664,-1.1851616994292962,0.0786303107165504,33.80627774254914,24.12714013950539,33.29137603043754,45.68389346861129,29026262000.0,43292262000.0,30.362198744769877,15.013066101168926,117.84921640276087,-77.65185125735688,2.7643795773373587,2.7643795773373587,22.39177718009724,68.82712559618442,175.77045066991474,-115.81664526484752,0.0082339227834434,-0.0128779930395446,1.3610156093751489,0.3859447284629781,22.680445151033386,0.502157614329452,3.1424936386768447,1.0279632721202003,0.0068730861727906,0.8347280334728033,0.0,0.0,0.0824454940977257,2.517661388550548,0.3207303196441502,2.487364620938628,0.0184648805213613,23.824579169795957,0.009046879926154,0.0070345221381415,-79.81737476220673,-2065100000.0,7609700000.0,-24282600000.0,26695100000.0,1057300000.0,816000000.0,551000000.0,55.99048308679011,62.79749643479639,37.69133259388369,1.607416029265048,1.4331781537413422,2.3878168747635264,0.0227616879839239,1.9660748256182623,2021-02-04,0.73,bmo,2106660000.0,2025-04-25,2020-12-31,0.0410958904109589,97.30078125,1169172.296875
2020-09-30,WEC,USD,783325,2020-11-06,2020-11-05 17:47:34,2020,Q3,1651000000.0,981500000.0,669500000.0,0.405511811,0,0.0,0.0,9800000.0,25700000.0,299300000.0,1280800000.0,0.0,122000000.0,245000000.0,681000000.0,0.4124772865,370200000.0,0.2242277408,-56200000.0,314000000.0,0.190187765,46900000.0,266800000.0,0.1615990309,0.85,0.84,315400000,316500000,https://www.sec.gov/Archives/edgar/data/783325/000010781520000277/0000107815-20-000277-index.htm,https://www.sec.gov/Archives/edgar/data/783325/000010781520000277/wec-20200930.htm,5.234622701331642,0.8459099556119214,1.8075459733671528,-0.036144578313253,0.0415345592897907,33.47844007609385,23.799302473050098,33.23113506658212,41.66677235256817,30562260000.0,43568860000.0,28.637799850074963,18.51136281041793,53.60859498333626,-2680.9,2.9159401207888487,2.9159401207888487,26.38937613567535,63.97776798825257,76.42318891422558,-3821.829824561404,0.0087297209041477,-0.0003730090641202,1.2422074018948392,0.3675597086556377,19.0992657856094,0.6081690140845071,3.0344262295081967,2.1344065892924,0.0065276586221045,0.7477511244377811,0.0,0.0,0.0861837276268985,1.0199964918435362,0.3522107813446396,2.373469387755102,0.0,25.14930078063584,0.0092757943096845,0.0082424032722464,-75.71100190234623,-1112800000.0,7506300000.0,-23135700000.0,26491700000.0,934850000.0,723950000.0,520550000.0,49.70442156268928,68.89149261334691,52.57870606214977,1.8107041017767056,1.3064022361240517,1.711719567492152,0.0254553434276936,1.843690551680406,2020-11-03,0.76,bmo,1493761904.0,2025-04-25,2020-09-30,0.1052631578947368,93.17109375,1217302.484375
2020-06-30,WEC,USD,783325,2020-08-06,2020-08-05 17:46:59,2020,Q2,1548700000.0,917600000.0,631100000.0,0.4075030671,0,0.0,0.0,5800000.0,28600000.0,292300000.0,1209900000.0,0.0,124400000.0,242500000.0,662800000.0,0.4279718474,338800000.0,0.2187641247,-42900000.0,295900000.0,0.1910634726,53800000.0,241600000.0,0.156001808,0.77,0.76,315400000,316500000,https://www.sec.gov/Archives/edgar/data/783325/000010781520000246/0000107815-20-000246-index.htm,https://www.sec.gov/Archives/edgar/data/783325/000010781520000246/wec-20200630.htm,4.910272669625872,0.7660114140773621,2.1848446417247938,0.4692454026632847,0.0421686746987951,33.267913760304374,23.58877615726062,33.018706404565634,41.066899175649965,27644810000.0,40459610000.0,28.605970612582784,17.850332536966487,40.117268901465685,186.7892567567567,2.6545558425596067,2.6545558425596067,26.12488538774456,61.04346710923355,58.71369902771731,273.3757432432432,0.008739434273558,0.0053536269556564,1.2318011157949318,0.3660778494378174,19.334339167169585,0.491706365149515,2.723472668810289,2.84634448574969,0.0072165444436044,0.8257450331125827,0.0,0.0,0.0871183151646595,0.7852271078217965,0.3493898108090656,2.231340206185567,0.0,23.855521051514422,0.0082343400497268,0.0075525489852825,-74.77401712111605,-1771200000.0,7439900000.0,-22835900000.0,25453400000.0,1067400000.0,647250000.0,429400000.0,55.66668819009492,68.32388840453356,45.872929380993895,1.6167658419459234,1.31725523973586,1.961941415437246,0.0231993163115391,1.7155992390615091,2020-08-04,0.68,bmo,1406056578.0,2025-04-25,2020-06-30,0.1176470588235293,90.2195238095238,1755772.873015873
2020-03-31,WEC,USD,783325,2020-05-07,2020-05-06 17:59:11,2020,Q1,2108600000.0,1190400000.0,918200000.0,0.4354548041,0,0.0,0.0,16400000.0,5600000.0,291600000.0,1482000000.0,0.0,129400000.0,239100000.0,911100000.0,0.4320876411,626600000.0,0.2971639951,-84000000.0,542600000.0,0.2573271365,90000000.0,452500000.0,0.2145973632,1.43,1.43,315400000,316700000,https://www.sec.gov/Archives/edgar/data/783325/000010781520000180/0000107815-20-000180-index.htm,https://www.sec.gov/Archives/edgar/data/783325/000010781520000180/a2020q1wec10q.htm,6.685478757133798,1.4346861128725428,2.189283449587825,0.6163601775523145,0.0488268864933417,33.242232086239696,23.563094483195943,32.893151553582754,40.72796448953709,27796202000.0,40497002000.0,15.35701767955801,13.182302001327896,40.25518030412744,142.9845781893004,2.679281121981782,2.679281121981782,19.205635018495684,44.4484710789156,58.64880811006517,208.31791152263372,0.0162792024608254,0.0069937612339988,1.2257169020193743,0.3650702510895091,13.940072439907803,0.6479966288583769,4.842349304482226,1.5256296950950066,0.0071772395379771,0.4408839779005525,0.0,0.0,0.0876430429315403,0.7184648805213614,0.2352745897752063,2.0748640736093686,0.0,32.58535444347789,0.0155992086315407,0.0142387836145427,-73.72851934051998,-1002400000.0,7431800000.0,-22502300000.0,25847500000.0,1176700000.0,753000000.0,470450000.0,50.23285592336148,45.20413306451613,29.56905241935484,1.7916560455433768,1.9909683893627697,3.043722833035029,0.0436165598342088,1.5729232720355104,2020-05-04,1.32,bmo,1946400000.0,2025-04-25,2020-03-31,0.0833333333333332,96.17645161290322,2092223.0483870967
2019-12-31,WEC,USD,783325,2020-02-27,2020-02-27 11:33:53,2019,Q4,1947500000.0,1294400000.0,653100000.0,0.3353530167,0,0.0,0.0,2600000.0,25900000.0,290000000.0,1584400000.0,0.0,127200000.0,236200000.0,608000000.0,0.312195122,363100000.0,0.1864441592,-85400000.0,277700000.0,0.142593068,33500000.0,243900000.0,0.125237484,0.77,0.77,315400000,316700000,https://www.sec.gov/Archives/edgar/data/783325/000010781520000089/0000107815-20-000089-index.htm,https://www.sec.gov/Archives/edgar/data/783325/000010781520000089/a2019wec10k.htm,6.174698795180723,0.7733037412809132,1.6005072923272037,-0.7752060875079264,0.1188966391883322,32.51299936588459,22.83386176284084,32.161699429296135,40.78059606848446,29089342000.0,41786842000.0,29.816873718737188,14.936760975609756,57.625479397781305,-118.97481390593047,2.8676967211498647,2.8676967211498647,21.45665827984596,68.72835855263158,82.7790055467512,-170.9073292433538,0.0083845141632973,-0.0084051402744001,1.2554466767877916,0.3643589171373148,20.88404605263158,0.6578062651208094,2.854559748427673,2.067158067158067,0.0063975321270587,0.7630176301763018,0.0,0.0,0.0873431411257789,1.484350237717908,0.3847496790757381,3.172311600338696,0.0257766367137355,23.655700288283697,0.0095878913526768,0.0076460077118404,-74.51624920735574,-1089100000.0,7201800000.0,-22603600000.0,25583800000.0,1044150000.0,838550000.0,571550000.0,54.36970474967908,63.14045117428925,38.227750309023484,1.6553336166595836,1.4253936791102302,2.354310658421244,0.0240442437745223,2.37571337983513,2020-01-30,0.72,bmo,1821038961.0,2025-04-25,2019-12-31,0.0694444444444445,91.17375,1397183.296875
2019-09-30,WEC,USD,783325,2019-11-07,2019-11-06 17:46:18,2019,Q3,1608000000.0,1013500000.0,594500000.0,0.3697139303,0,0.0,0.0,9600000.0,21800000.0,283600000.0,1297100000.0,0.0,125800000.0,233800000.0,605200000.0,0.3763681592,310900000.0,0.1933457711,-65300000.0,245600000.0,0.1527363184,11300000.0,234300000.0,0.1457089552,0.74,0.74,315400000,316800000,https://www.sec.gov/Archives/edgar/data/783325/000010781519000304/0000107815-19-000304-index.htm,https://www.sec.gov/Archives/edgar/data/783325/000010781519000304/a2019q3wec10q.htm,5.098287888395688,0.7428662016487001,1.7422320862396956,-0.3386176284083703,0.0634115409004438,32.29676601141408,22.61762840837032,31.96385542168675,39.32181357006975,29994540000.0,42250840000.0,32.00441741357234,18.653320895522388,54.58515013648771,-280.8477528089888,2.9752355823595926,2.9752355823595926,26.275398009950248,69.81302048909451,76.88960873521383,-395.6071161048689,0.0078114216787455,-0.0035606480379429,1.2177177772928365,0.3571058724968874,20.25165234633179,0.6290803292648312,2.4713831478537363,2.345283824157064,0.0062044625455166,0.7942808365343577,0.0,0.0,0.088803043877919,1.194358507734304,0.4081467661691542,2.8071000855432,0.0,23.11405475054137,0.0090019018361984,0.0074797921109422,-73.52663284717819,-1045400000.0,7133600000.0,-22417800000.0,25042500000.0,958050000.0,742300000.0,527350000.0,51.03358208955223,68.28811050814011,52.685742476566354,1.7635446369817942,1.3179453836150845,1.708242036069442,0.0232408197274188,2.080849714648066,2019-11-06,0.71,bmo,1542810810.0,2025-04-25,2019-09-30,0.0422535211267606,90.105625,1820902.34375
2019-06-30,WEC,USD,783325,2019-08-06,2019-08-05 17:51:03,2019,Q2,1590200000.0,995500000.0,594700000.0,0.373978116,0,0.0,0.0,9600000.0,23600000.0,280100000.0,1275600000.0,0.0,124100000.0,229900000.0,605000000.0,0.3804552886,314600000.0,0.1978367501,-63600000.0,251000000.0,0.1578417809,15200000.0,235700000.0,0.1482203496,0.75,0.74,315400000,316700000,https://www.sec.gov/Archives/edgar/data/783325/000010781519000240/0000107815-19-000240-index.htm,https://www.sec.gov/Archives/edgar/data/783325/000010781519000240/a2019q2wec10q.htm,5.041851616994293,0.7473050095117312,1.761255548509829,0.1873811033608116,0.1201648700063411,32.17596702599873,22.496829422954978,31.853519340519973,38.28249841471147,26219202000.0,38131502000.0,27.809929995757315,16.48799018991322,47.19928352835284,443.6413197969543,2.6097587243445544,2.6097587243445544,23.97906049553515,63.02727603305785,68.64356795679568,645.2030795262267,0.0089895947252704,0.0022540731788862,1.189477037007545,0.3521569621297625,19.6897520661157,0.5469066032123736,2.5350523771152296,2.355810008481764,0.0070978514143946,0.7895630038184133,0.0,0.0,0.0899620737719652,0.8936093609360936,0.3121619922022387,2.1591996520226187,0.0,23.142960655658587,0.0090627365245409,0.0076324012758447,-72.1755707038681,-1523300000.0,7095500000.0,-21947300000.0,24065300000.0,1217200000.0,694850000.0,395750000.0,56.84002012325494,64.69512807634354,41.713711702661975,1.583391416907299,1.391140301844606,2.157563935847421,0.0234606732625963,1.5738744451490172,2019-08-05,0.7,bmo,1504243243.0,2025-04-25,2019-06-30,0.0571428571428572,80.19333333333334,1564057.0793650793
2019-03-31,WEC,USD,783325,2019-05-03,2019-05-03 12:38:09,2019,Q1,2377400000.0,1560200000.0,817200000.0,0.3437368554,0,0.0,0.0,8300000.0,30900000.0,274400000.0,1834600000.0,0.0,124400000.0,226400000.0,836200000.0,0.3517287793,542800000.0,0.2283166484,-57400000.0,485400000.0,0.2041726256,65000000.0,420100000.0,0.1767056448,1.33,1.33,315500000,316700000,https://www.sec.gov/Archives/edgar/data/783325/000010781519000181/0000107815-19-000181-index.htm,https://www.sec.gov/Archives/edgar/data/783325/000010781519000181/a2019q1wec10q.htm,7.535340729001585,1.3315372424722662,2.331854199683043,1.1946117274167989,0.0969889064976228,32.051030110935024,22.374960380348657,31.74294770206022,37.91537242472266,24643705000.0,36451005000.0,14.66538026660319,10.365821906284175,33.49694848443659,65.38526134253118,2.4607040509640634,2.4607040509640634,15.332297888449569,43.591252092800765,49.54601739839609,96.71266914300875,0.0170469497179908,0.0152939665525131,1.182028777122088,0.3508867092903658,14.120186558239656,0.6949375410913873,4.363344051446945,1.75,0.0075556820697212,0.4432278029040704,0.0,0.0,0.0904879198271339,0.4876987902677722,0.1509211743921931,1.5848056537102473,0.0,30.83837923190369,0.0145241569784149,0.0136910406950785,-70.86141045958796,-881600000.0,7059300000.0,-21616700000.0,24364500000.0,1355500000.0,775250000.0,439150000.0,54.13855472364768,38.88539930778105,19.04178951416485,1.662401230683169,2.3144933986055483,4.726446531354135,0.0419474982276408,1.137242472266244,2019-04-25,1.25,bmo,2234398496.0,2025-04-25,2019-03-31,0.064,74.18983606557377,1804349.901639344
2018-12-31,WEC,USD,783325,2019-02-26,2019-02-26 14:41:13,2018,Q4,2076800000.0,1521800000.0,555000000.0,0.2672380586,0,0.0,0.0,4100000.0,5300000.0,265200000.0,1787000000.0,0.0,117900000.0,217700000.0,513700000.0,0.2473516949,289800000.0,0.1395416025,-71100000.0,218700000.0,0.1053062404,13400000.0,205000000.0,0.0987095532,0.65,0.65,315500000,316900000,https://www.sec.gov/Archives/edgar/data/783325/000010781519000128/0000107815-19-000128-index.htm,https://www.sec.gov/Archives/edgar/data/783325/000010781519000128/a2018wec10k.htm,6.58256735340729,0.6497622820919176,1.386053882725832,-0.5955625990491283,0.2678288431061806,31.19714738510301,21.52107765451664,31.1229793977813,37.77179080824089,21851530000.0,33566130000.0,26.648207317073176,10.521730546995377,49.9691973473588,-116.29340074507716,2.225365351908996,2.225365351908996,16.16242777349769,65.34189215495425,76.75767207866453,-178.63826503459288,0.009381494110481,-0.0085989402115092,1.201623333638854,0.3524665579314012,22.80436052170528,0.6746105591739953,2.4580152671755724,2.130053580126644,0.0079765581632041,0.8502439024390244,0.0,0.0,0.0911942358360367,1.4296821404070432,0.3010400616332819,2.8718419843821774,0.0173825115562403,21.330895613582367,0.008514880541584,0.0067383229793248,-70.72527733755943,-1084100000.0,6789900000.0,-21385500000.0,23969600000.0,1149100000.0,783400000.0,578350000.0,55.5089560862866,51.83072677092917,32.42081745301617,1.6213599812631745,1.7364217252396166,2.775994162714338,0.0208772519426028,1.9816164817749604,2019-02-12,0.63,bmo,2012898461.0,2025-04-25,2018-12-31,0.0317460317460317,70.22142857142858,2126440.8253968256
2018-09-30,WEC,USD,783325,2018-11-02,2018-11-02 12:03:13,2018,Q3,1643700000.0,1077200000.0,566500000.0,0.3446492669,0,0.0,0.0,5800000.0,26100000.0,263800000.0,1341000000.0,0.0,112000000.0,212800000.0,575300000.0,0.3500030419,302700000.0,0.184157693,-52200000.0,250500000.0,0.152400073,17000000.0,233200000.0,0.141875038,0.74,0.74,315500000,316900000,https://www.sec.gov/Archives/edgar/data/783325/000010781518000280/0000107815-18-000280-index.htm,https://www.sec.gov/Archives/edgar/data/783325/000010781518000280/a2018q3wec10q.htm,5.209825673534073,0.7391442155309034,1.5683042789223456,-0.2541996830427892,0.045958795562599,31.19714738510301,21.52107765451664,31.07987321711569,36.0973058637084,21028075000.0,32290275000.0,22.542962049742712,12.793134391920669,42.49813055780113,-262.19544887780546,2.144474642299887,2.144474642299887,19.644871326884463,56.12771597427429,65.25924616006468,-402.6218827930175,0.0110899357168927,-0.003813948732825,1.1500147873175806,0.3463104685158342,19.57622110203372,0.5106731436502429,2.7026785714285717,2.1190578158458244,0.0082889185053791,0.7474271012006861,0.0,0.0,0.0937523032700292,1.162085691188359,0.3498205268601326,2.702067669172932,0.0,22.73502675228161,0.0090674565207451,0.007902513080489,-68.58312202852615,-1762800000.0,6789900000.0,-20880000000.0,22953700000.0,1051700000.0,685700000.0,537550000.0,55.70177039605768,57.68288154474564,50.8401411065726,1.6157475670893542,1.5602549246813442,1.77025472473295,0.0237820859296123,1.8225039619651344,2018-10-31,0.71,bmo,1577063513.0,2025-04-25,2018-09-30,0.0422535211267606,66.65238095238095,1762917.4126984128
2018-06-30,WEC,USD,783325,2018-08-03,2018-08-03 12:14:07,2018,Q2,1672500000.0,1085400000.0,587100000.0,0.3510313901,0,0.0,0.0,3300000.0,31400000.0,256300000.0,1341700000.0,0.0,108500000.0,206700000.0,597600000.0,0.357309417,330800000.0,0.1977877429,-48400000.0,282400000.0,0.1688490284,51100000.0,231000000.0,0.1381165919,0.73,0.73,315500000,316900000,https://www.sec.gov/Archives/edgar/data/783325/000010781518000243/0000107815-18-000243-index.htm,https://www.sec.gov/Archives/edgar/data/783325/000010781518000243/a2018q2wec10q.htm,5.301109350237718,0.7321711568938193,1.9632329635499208,0.4548335974643423,0.0944532488114104,30.9229793977813,21.246909667194927,30.9229793977813,34.80602218700476,20397075000.0,31240075000.0,22.0747564935065,12.195560538116592,32.93037617048757,142.1398954703833,2.0906782353785287,2.0906782353785287,18.67866965620329,52.275895247657296,50.43602680012915,217.70087108013936,0.0113251532388835,0.0070353224665791,1.1144502982718685,0.340438855768749,18.144243641231597,0.5929516572776103,3.048847926267281,2.6779074794638995,0.0085551482259098,0.7554112554112554,0.0,0.0,0.0955863934672611,0.768324184694866,0.2845440956651719,2.302370585389453,0.0,22.570346829551347,0.0088694171445064,0.0079972857696781,-66.88977812995246,-1242800000.0,6703400000.0,-20371000000.0,22888400000.0,1221450000.0,636900000.0,421300000.0,58.44484304932736,56.46766169154229,38.68988391376451,1.5399134518000184,1.5938325991189428,2.3261894556365195,0.0236772513888604,1.5083993660855783,2018-07-31,0.67,bmo,1535034246.0,2025-04-25,2018-06-30,0.08955223880597,62.14390625,1742030.609375
2018-03-31,WEC,USD,783325,2018-05-04,2018-05-04 11:57:26,2018,Q1,2286500000.0,1484000000.0,802500000.0,0.350973103,0,0.0,0.0,5700000.0,7500000.0,257400000.0,1741400000.0,0.0,106700000.0,208600000.0,794000000.0,0.3472556309,545100000.0,0.2383993002,-66400000.0,478700000.0,0.2093592827,88300000.0,390100000.0,0.1706101028,1.24,1.23,315500000,316900000,https://www.sec.gov/Archives/edgar/data/783325/000010781518000185/0000107815-18-000185-index.htm,https://www.sec.gov/Archives/edgar/data/783325/000010781518000185/a2018q1wec10q.htm,7.247226624405705,1.2364500792393027,2.8335974643423136,1.4402535657686213,0.1524564183835182,30.739144215530903,21.063074484944533,30.739144215530903,34.49255150554675,19781850000.0,30509450000.0,12.677422455780569,8.651585392521321,22.127348993288592,43.53400088028169,2.0397444886680005,2.0397444886680005,13.343297616444348,38.425,34.126901565995524,67.14227552816901,0.0197200969575646,0.0229705512881757,1.111103091295292,0.339012005436424,13.510831234256926,0.5493219445908095,5.108716026241799,2.2899590163934427,0.0088060520123244,0.4465521661112535,0.0,0.0,0.0960434913923286,0.4917225950782998,0.1922589109993439,2.1073825503355703,0.0,29.24323664154559,0.0146533542198511,0.013576818131195,-66.03391442155309,-1625100000.0,6645400000.0,-20106600000.0,22894000000.0,1353750000.0,726350000.0,457500000.0,53.40564181062759,35.95148247978437,22.80323450134771,1.685215212264151,2.503373819163293,3.9468085106382977,0.040223959085191,1.3933438985736926,2018-05-01,1.17,bmo,2174963414.0,2025-04-25,2018-03-31,0.0512820512820513,62.04737704918033,1976450.754098361
2017-12-31,WEC,USD,783325,2018-02-28,2018-02-28 12:23:35,2017,Q4,2055000000.0,1390800000.0,664200000.0,0.3232116788,0,0.0,0.0,5100000.0,19400000.0,252100000.0,1642900000.0,0.0,105300000.0,205100000.0,668000000.0,0.3250608273,412100000.0,0.2005352798,-54500000.0,357600000.0,0.1740145985,-75300000.0,432600000.0,0.2105109489,1.37,1.36,315600000,317200000,https://www.sec.gov/Archives/edgar/data/783325/000010781518000134/0000107815-18-000134-index.htm,https://www.sec.gov/Archives/edgar/data/783325/000010781518000134/a2017wec10k.htm,6.511406844106464,1.370722433460076,1.0548162230671736,-1.005703422053232,0.1232572877059569,30.07541191381496,20.40019011406844,30.07541191381496,35.29340937896071,20965308000.000004,31959708000.000004,12.115873786407768,10.202096350364965,62.97779513367379,-66.05327032136107,2.208781053119535,2.208781053119535,15.552169343065696,47.84387425149701,96.0039291078402,-100.69221172022684,0.0206340875125707,-0.0151392958309985,1.1624033376177332,0.3492600623605197,16.45868263473054,0.5720672989946501,3.91358024691358,0.768999768999769,0.0078272162755729,0.3793342579750346,0.0,0.0,0.0966588056535984,1.9534394713127063,0.3164476885644768,3.1706484641638224,0.0141119221411192,30.4559261988684,0.0166248251495115,0.0151592669166345,-65.83420468948036,-1655800000.0,6438300000.0,-19885200000.0,22744700000.0,1149350000.0,801900000.0,605600000.0,59.15474452554745,55.64495254529767,34.87920621225194,1.521433330865477,1.617397371787417,2.580333951762523,0.0455761815461767,2.0605196451204058,2018-01-31,0.67,bmo,1968169014.0,2025-04-25,2017-12-31,0.0597014925373133,67.09777777777778,1628501.3333333333
2017-09-30,WEC,USD,783325,2017-11-03,2017-11-03 11:03:10,2017,Q3,1657500000.0,1014400000.0,643100000.0,0.3879939668,0,0.0,0.0,1400000.0,16400000.0,249500000.0,1263900000.0,0.0,103800000.0,201200000.0,650400000.0,0.39239819,393600000.0,0.2374660633,-46800000.0,345400000.0,0.2083861237,129700000.0,215400000.0,0.1299547511,0.68,0.68,315600000,317500000,https://www.sec.gov/Archives/edgar/data/783325/000010781517000262/0000107815-17-000262-index.htm,https://www.sec.gov/Archives/edgar/data/783325/000010781517000262/a2017q3wec10q.htm,5.251901140684411,0.6825095057034221,1.5167934093789608,-0.1283269961977186,0.0573510773130545,29.232256020278832,19.55703422053232,29.232256020278832,33.56273764258555,19813368000.0,30283868000.0,22.99601671309192,11.953766515837104,41.38994777522456,-489.21896296296296,2.14762760549335,2.14762760549335,18.270810256410257,46.56191266912669,63.26272822226864,-747.7498271604939,0.0108714480041959,-0.0020440744854685,1.1368893417301669,0.3382001096314448,16.098554735547356,0.602524701761343,3.791907514450867,2.2192860454334724,0.008282286989269,0.7618384401114207,0.0,0.0,0.0984587108631864,1.0846041362022143,0.3132428355957767,2.5805168986083498,0.0,21.18735669349574,0.0082789849354757,0.0077040004291922,-65.65937896070976,-1202800000.0,6172200000.0,-19964000000.0,22733600000.0,976150000.0,734000000.0,591100000.0,51.47511312217194,66.00059148264984,59.63919558359621,1.7484177215189871,1.3636241430299771,1.509074680154716,0.0233478218454968,1.6451204055766793,2017-10-26,0.67,bmo,1633125000.0,2025-04-25,2017-09-30,0.0149253731343283,63.79761904761905,1526934.7936507936
2017-06-30,WEC,USD,783325,2017-08-04,2017-08-04 10:10:36,2017,Q2,1631500000.0,1021600000.0,609900000.0,0.3738277659,0,0.0,0.0,0.0,13100000.0,247700000.0,1269300000.0,0.0,101900000.0,197700000.0,614800000.0,0.376831137,362200000.0,0.2220042905,-47000000.0,315200000.0,0.193196445,115800000.0,199100000.0,0.1220349372,0.63,0.63,315600000,317400000,https://www.sec.gov/Archives/edgar/data/783325/000010781517000210/0000107815-17-000210-index.htm,https://www.sec.gov/Archives/edgar/data/783325/000010781517000210/a2017q2wec10q.htm,5.169518377693283,0.6308618504435995,1.7534854245880862,0.2949936628643853,0.1156527249683143,29.09759188846641,19.42237008871989,29.09759188846641,32.90494296577947,19371528000.0,29617928000.0,24.32386740331492,11.873446521605883,35.00456812432237,208.0722663802363,2.1094529140169005,2.1094529140169005,18.15380202267852,48.17489915419649,53.51992771955186,318.130268528464,0.0102779708446334,0.0048060225295598,1.1197512849551354,0.3364867341195565,16.66623292127521,0.638503210992717,3.554465161923454,2.775325977933801,0.0084763576729724,0.8247112004018081,0.0,0.0,0.0999195015641566,0.8317672569569932,0.2821330064357952,2.32827516439049,0.0,20.322957828518422,0.0078321296173473,0.0072383943925165,-64.42229087452472,-1007600000.0,6129700000.0,-19596700000.0,22570200000.0,1097850000.0,653200000.0,463550000.0,55.40116457247932,63.79111198120594,44.92952231793265,1.6245145872747186,1.410854854301892,2.0031372549019606,0.0216808955483927,1.458491761723701,2017-07-26,0.58,bmo,1502015873.0,2025-04-25,2017-06-30,0.0862068965517242,61.77412698412699,1615787.7301587302
2017-03-31,WEC,USD,783325,2017-05-05,2017-05-05 10:07:14,2017,Q1,2304500000.0,1443000000.0,861500000.0,0.3738338034,0,0.0,0.0,0.0,15700000.0,244200000.0,1687200000.0,0.0,104700000.0,194600000.0,869500000.0,0.3773052723,617300000.0,0.2678672163,-44500000.0,570200000.0,0.2474289434,213300000.0,356600000.0,0.1547407247,1.13,1.12,315600000,317200000,https://www.sec.gov/Archives/edgar/data/783325/000010781517000154/0000107815-17-000154-index.htm,https://www.sec.gov/Archives/edgar/data/783325/000010781517000154/a2017q1wec10q.htm,7.301964512040557,1.1299112801013942,2.26425855513308,1.2195817490494296,0.1448035487959442,29.011406844106464,19.359315589353617,29.011406844106464,31.9287072243346,19134828000.0,29061128000.0,13.414770050476726,8.303244955521805,26.77697732997481,49.7137646141855,2.089867627785059,2.089867627785059,12.610600130180082,33.422803910293275,40.6676854184159,75.50306053520394,0.0186361748326141,0.0201151533737329,1.089121887287025,0.3322161737172098,11.41610120759057,0.9029981504915798,5.895893027698185,2.0022415242364806,0.0085759851094559,0.4601794727986539,0.0,0.0,0.1014838456054316,0.461376994122586,0.1430679106096767,1.6942446043165469,0.0,27.1580026236697,0.0134204757961917,0.0132219025301812,-62.46134347275032,-199300000.0,6109800000.0,-19005300000.0,22837100000.0,1216550000.0,721900000.0,502350000.0,46.52896506834454,36.31808731808732,26.01455301455301,1.9342789994963907,2.478104070066976,3.4596020139055383,0.0389471384884228,1.0446768060836502,2017-05-02,1.06,bmo,2181044642.0,2025-04-25,2017-03-31,0.0566037735849057,58.940000000000005,1816833.983870968
2016-12-31,WEC,USD,783325,2017-02-28,2017-02-28 13:22:19,2016,Q4,1963000000.0,1360000000.0,603000000.0,0.3071828833,0,0.0,0.0,0.0,8200000.0,241300000.0,1601300000.0,0.0,102600000.0,181100000.0,601800000.0,0.3065715741,361700000.0,0.1842587876,-55600000.0,306100000.0,0.1559347937,111400000.0,194400000.0,0.0990320937,0.62,0.61,315600000,316700000,https://www.sec.gov/Archives/edgar/data/783325/000010781517000104/0000107815-17-000104-index.htm,https://www.sec.gov/Archives/edgar/data/783325/000010781517000104/wec1231201610-k.htm,6.219898605830164,0.6159695817490495,1.209125475285171,-0.1330798479087452,0.1188212927756654,28.39100126742712,18.73891001267427,28.39100126742712,32.56717363751584,18509940000.0,28648040000.0,23.803935185185185,9.429414161996943,48.5061320754717,-440.7128571428571,2.065795406352537,2.065795406352537,14.594009169638309,47.60392156862745,75.07348008385745,-682.0961904761905,0.0105024651619616,-0.0022690511152386,1.1356442936541595,0.337799436978807,16.846294449983382,0.8918818884684981,3.5253411306042883,1.959938366718028,0.0084441116502808,0.8040123456790124,0.0,0.0,0.101124714505763,1.110062893081761,0.2157921548650025,2.3390392048591937,0.0091696383087111,19.836326435683876,0.0080136997267662,0.0071795250581674,-63.055846007604565,-262900000.0,5914000000.0,-18994300000.0,22698800000.0,1056600000.0,762500000.0,620950000.0,56.92969943963321,57.0110294117647,38.88529411764706,1.5808971571232988,1.5786419036564132,2.314499659632403,0.0216959442869578,1.3422053231939164,2017-02-01,0.61,bmo,1963000000.0,2025-04-25,2016-12-31,0.0,57.36365079365079,1847590.3174603172
2016-09-30,WEC,USD,783325,2016-11-04,2016-11-04 11:11:05,2016,Q3,1712500000.0,1072200000.0,640300000.0,0.3738978102,0,0.0,0.0,0.0,7500000.0,241300000.0,1313500000.0,0.0,99100000.0,195500000.0,594500000.0,0.3471532847,399000000.0,0.2329927007,-53300000.0,345700000.0,0.2018686131,128400000.0,217000000.0,0.1267153285,0.69,0.68,315600000,316900000,https://www.sec.gov/Archives/edgar/data/783325/000010781516000459/0000107815-16-000459-index.htm,https://www.sec.gov/Archives/edgar/data/783325/000010781516000459/wecenergygroup0930201610q.htm,5.42617237008872,0.6875792141951838,1.5773130544993663,0.3688212927756654,0.0792141951837769,28.269645120405578,18.617553865652724,28.269645120405578,31.894803548795945,18898128000.0,28840028000.0,21.77203686635945,11.035403211678831,37.96329449578144,162.35505154639176,2.118173034891671,2.118173034891671,16.84089226277372,48.51140117746005,57.93496986741663,247.7665635738832,0.0114826188075347,0.0061593402267145,1.1171275176812114,0.3385093484130623,16.72312867956266,0.8974080473957048,4.026236125126135,2.290842153704556,0.0082653689296632,0.719815668202765,0.0,0.0,0.1034591675582047,0.7661711530735235,0.2227153284671532,1.9508951406649613,0.0,20.91282999722817,0.0088633095493811,0.0082205377065078,-61.83721482889734,-207800000.0,5875700000.0,-18703900000.0,22450600000.0,893200000.0,642000000.0,574400000.0,45.8014598540146,55.69390039171796,54.92165640738668,1.9650028686173264,1.6159758854559156,1.638697845025218,0.0243221735280601,1.208491761723701,2016-10-26,0.61,bmo,1513949275.0,2025-04-25,2016-09-30,0.1311475409836064,62.4265625,1699132.609375
2016-06-30,WEC,USD,783325,2016-08-05,2016-08-05 10:24:39,2016,Q2,1602000000.0,1030300000.0,571700000.0,0.356866417,0,0.0,0.0,0.0,32400000.0,239600000.0,1269900000.0,0.0,100100000.0,194100000.0,526200000.0,0.3284644195,332100000.0,0.2073033708,-36800000.0,295300000.0,0.1843320849,113600000.0,181400000.0,0.1132334582,0.57,0.57,315600000,317000000,https://www.sec.gov/Archives/edgar/data/783325/000010781516000386/0000107815-16-000386-index.htm,https://www.sec.gov/Archives/edgar/data/783325/000010781516000386/wecenergygroup0630201610q.htm,5.076045627376426,0.5747782002534855,1.673637515842839,0.7018377693282636,0.1017110266159695,28.085868187579216,18.43377693282636,28.085868187579216,31.767427122940436,20608680000.0,30502280000.0,28.40226019845645,12.86434456928839,39.01681181370693,93.0414446952596,2.3250126919301883,2.3250126919301883,19.04012484394507,57.967084758646905,57.74759560772435,137.7078103837472,0.008802116389793,0.0107478984583195,1.1197892575502884,0.3402090124180385,18.80197643481566,0.8263066772729399,3.317682317682318,2.906989543203082,0.0075793306509684,0.8610804851157663,0.0,0.0,0.1044102374268645,0.5806512684589171,0.1914481897627965,1.5801133436373005,0.0,19.058351379691832,0.0072819020170605,0.006942451136855,-61.29871673003802,-371200000.0,5817700000.0,-18545500000.0,22073900000.0,1001500000.0,602450000.0,482600000.0,51.39887640449438,54.20265941958653,43.196156459283706,1.7510110394578642,1.6604351329572926,2.0835187057633973,0.0204650323221155,0.9717997465145756,2016-07-27,0.56,bmo,1573894736.0,2025-04-25,2016-06-30,0.0178571428571426,60.14421875,2043183.390625
2016-03-31,WEC,USD,783325,2016-05-06,2016-05-06 09:47:21,2016,Q1,2194800000.0,1370400000.0,824400000.0,0.3756150902,0,0.0,0.0,0.0,32700000.0,235100000.0,1605500000.0,0.0,100900000.0,191900000.0,781200000.0,0.3559322034,589300000.0,0.2684982686,-29700000.0,559600000.0,0.2549662839,213100000.0,346200000.0,0.157736468,1.1,1.09,315700000,317100000,https://www.sec.gov/Archives/edgar/data/783325/000010781516000306/0000107815-16-000306-index.htm,https://www.sec.gov/Archives/edgar/data/783325/000010781516000306/wecenergygroup0331201610q.htm,6.952169781438074,1.096610706366804,2.2043078872347164,1.21602787456446,0.1099144757681343,28.02882483370288,18.52898321191004,28.02882483370288,32.00981944884384,18964099000.0,28933999000.0,13.69446779318313,8.640467924184437,27.25118407817215,49.39853868194842,2.143150858318171,2.143150858318171,13.18297749225442,37.03788914490527,41.57781146716482,75.36858296431362,0.018255546967984,0.0202435138099627,1.1306293579847888,0.3437463493743257,12.762288786482335,0.8504798636649027,5.840436075322101,2.0083694083694086,0.0082366159341395,0.4511842865395725,0.0,0.0,0.1030455666801811,0.4483402787756861,0.1421541826134499,1.6258467952058364,0.0,26.297831878106653,0.0130674415448561,0.0132615732316944,-60.72149192271144,-333400000.0,5849600000.0,-18359500000.0,21924700000.0,1058349999.5,699900000.0,578850000.0,44.61864406779661,38.3800350262697,30.912872154115583,2.017094017094017,2.3449691991786445,2.911408540471638,0.0391243911535027,0.9882800126702566,2016-05-03,1.01,bmo,2033713761.0,2025-04-25,2016-03-31,0.0792079207920792,55.9872131147541,2102401.147540984
2015-12-31,WEC,USD,783325,2016-02-26,2016-02-26 15:14:39,2015,Q4,1848300000.0,1238300000.0,610000000.0,0.3300330033,0,0.0,0.0,0.0,18700000.0,229800000.0,1468100000.0,0.0,107000000.0,192600000.0,493000000.0,0.2667315912,380200000.0,0.2057025375,-61400000.0,317600000.0,0.1718335768,137700000.0,181100000.0,0.0979819293,0.57,0.57,315700000,317100000,https://www.sec.gov/Archives/edgar/data/783325/000010781516000248/0000107815-16-000248-index.htm,https://www.sec.gov/Archives/edgar/data/783325/000010781516000248/wec1231201510-k.htm,5.854608805828318,0.5736458663287931,0.6981311371555274,-0.7551472917326576,0.1577446943300602,27.51092809629395,17.933797909407666,27.51092809629395,33.208108964206524,16198567000.0,26525567000.0,22.361356985091117,8.764035600281339,73.49622050816697,-67.94700922818792,1.86507702758716,1.86507702758716,14.351332034842828,53.80439553752535,120.35193738656989,-111.26496224832216,0.0111800012927069,-0.0147173512323651,1.194768111269746,0.3534910339565051,20.947261663286003,0.8146179401993355,3.553271028037383,1.2170071783545002,0.0089205421689461,0.7979017117614577,0.0,0.0,0.1029970839919332,2.0816696914700543,0.2482281014986744,2.382139148494289,0.0126061786506519,18.843684063351912,0.0077192605835068,0.0068776417777811,-61.78413050601837,-502200000.0,5661700000.0,-18463200000.0,21711000000.0,936649999.5,796500000.0,703400000.0,50.08602494724882,59.263506420092064,49.931357506258585,1.7969084209575232,1.518641157714005,1.8024745269286755,0.0208515635794224,1.453278428888185,2016-02-04,0.64,bmo,1877638095.0,2025-04-25,2015-12-31,-0.015625,51.04078125,1860668.9375
2015-09-30,WEC,USD,783325,2015-11-06,2015-11-06 14:33:24,2015,Q3,1698700000.0,1126500000.0,572200000.0,0.3368458233,0,0.0,0.0,0.0,11100000.0,226500000.0,1353000000.0,0.0,103800000.0,174100000.0,573300000.0,0.3374933773,345700000.0,0.2035085654,-52700000.0,293000000.0,0.1724848413,110500000.0,182500000.0,0.1074350974,0.58,0.58,315700000,317100000,https://www.sec.gov/Archives/edgar/data/783325/000010781515000130/0000107815-15-000130-index.htm,https://www.sec.gov/Archives/edgar/data/783325/000010781515000130/wecenergygroup0930201510q.htm,5.380741210009503,0.5780804561292366,1.1317706683560342,-0.162496040544821,0.0703199239784605,27.593918276845105,16.858726639214446,27.593918276845105,31.98701298701299,16485854000.0,26458154000.0,22.583361643835616,9.704982633778773,46.14008956059334,-321.36167641325534,1.8924459903115456,1.8924459903115456,15.575530699947018,46.150626199197625,74.05024909040023,-515.7534892787525,0.0110700968236161,-0.0031117587235699,1.1472897582478132,0.3473979478338246,17.39455782312925,0.818171591420429,3.3304431599229285,1.957808219178082,0.0073032310003473,0.6597260273972603,0.0,0.0,0.117801429286469,1.1435768261964736,0.2405368811444045,2.346927053417576,0.0,18.944890061362425,0.0078671072412151,0.0071905596816453,-60.318577763699714,-484900000.0,5322300000.0,-17876300000.0,21689400000.0,900650000.0,777350000.0,641150000.0,44.75363513274857,62.12516644474035,57.50732356857524,2.0110098259737184,1.4486882716049383,1.5650180605723811,0.020949560346213,1.2942667089008553,2015-11-04,0.59,bmo,1643004918.0,2025-04-25,2015-09-30,0.0338983050847458,48.6446875,2298279.875
2015-06-30,WEC,USD,783325,2015-08-05,2015-08-05 14:57:48,2015,Q2,991200000.0,690000000.0,301200000.0,0.303874092,0,0.0,0.0,0.0,26100000.0,135400000.0,825400000.0,0.0,62100000.0,108600000.0,338600000.0,0.341606134,165800000.0,0.1672719935,-21400000.0,144100000.0,0.1453793382,63200000.0,80900000.0,0.0816182405,0.36,0.35,227500000,229100000,https://www.sec.gov/Archives/edgar/data/783325/000010781515000104/0000107815-15-000104-index.htm,https://www.sec.gov/Archives/edgar/data/783325/000010781515000104/wecenergy0630201510q.htm,4.356923076923077,0.3556043956043956,1.6975824175824177,0.7876923076923077,0.9424175824175824,37.53054945054945,22.644835164835165,37.53054945054945,44.15120879120879,10230675000.0,19998575000.0,31.615188504326326,10.321504237288137,26.490613671672705,57.0908203125,1.198223864514769,1.198223864514769,20.17612489911219,59.06253691671589,51.78294924909373,111.59919084821428,0.0079075916300732,0.01751595080481,1.1691340095102012,0.3488546016879554,28.847903130537507,0.774342754140734,2.66988727858293,4.773794808405439,0.0093053488650553,1.176761433868974,0.0,0.0,0.1183490887487113,0.5359917141377525,0.2088377723970944,1.9060773480662985,0.0,17.328751771735586,0.0034336590689073,0.0032067543998731,-82.91516483516483,-663500000.0,5151700000.0,-17799500000.0,21252400000.0,807750000.0,534500000.0,426100000.0,86.85835351089588,101.3608695652174,73.3695652173913,1.0361697679280786,0.8879166130485137,1.2266666666666666,0.009475065001991,0.90989010989011,2015-07-29,0.55,bmo,924000000.0,2025-04-25,2015-06-30,0.0727272727272725,48.00888888888889,1711537.6984126985
2015-03-31,WEC,USD,783325,2015-05-07,2015-05-07 12:45:57,2015,Q1,1387900000.0,894600000.0,493300000.0,0.3554290655,0,0.0,0.0,0.0,3000000.0,134500000.0,1029100000.0,0.0,59700000.0,108200000.0,474900000.0,0.3421716262,358800000.0,0.2585200663,-40600000.0,318200000.0,0.2292672383,122400000.0,195800000.0,0.1410764464,0.87,0.86,225500000,227300000,https://www.sec.gov/Archives/edgar/data/783325/000010781515000058/0000107815-15-000058-index.htm,https://www.sec.gov/Archives/edgar/data/783325/000010781515000058/wec0331201510q.htm,6.154767184035476,0.8682926829268293,1.4620842572062085,0.7991130820399113,0.2891352549889135,20.137472283813747,18.177827050997784,20.137472283813747,23.14279379157428,11162250000.0,16256050000.0,14.252106741573034,8.042546292960587,33.8557779799818,61.94367369589345,2.4581039418630257,2.4581039418630257,11.712695439152675,34.23046957254159,49.305580831058535,90.21115427302996,0.0175412663217541,0.0161436986270689,1.136093371504074,0.3408520309733344,10.726047588966098,0.8500929308466321,6.010050251256281,1.6838610827374871,0.0085377052117628,0.4867211440245148,0.0,0.0,0.0291960675493538,0.4534425235062178,0.1077166942863318,1.3817005545286507,0.0,19.834753497970155,0.0151583341288327,0.0133254387934965,-43.859756097560975,-233900000.0,4099100000.0,-9268200000.0,11524000000.0,651150000.0,327600000.0,345150000.0,42.72714172490813,29.366197183098592,29.14486921529175,2.106389436940355,3.064748201438849,3.088022091819123,0.0431182558907729,0.6629711751662971,2015-05-05,0.83,bmo,1279952222.0,2025-04-25,2015-03-31,0.036144578313253,52.29704918032787,1816578.475409836
2014-12-31,WEC,USD,783325,2015-02-27,2015-02-27 09:45:12,2014,Q4,1225100000.0,855100000.0,370000000.0,0.3020161619,0,0.0,0.0,34900000.0,1300000.0,126500000.0,981600000.0,0.0,59800000.0,106500000.0,353900000.0,0.2888743776,243500000.0,0.198759285,-45300000.0,198200000.0,0.1617827116,76800000.0,121400000.0,0.0990939515,0.54,0.53,225500000,227400000,https://www.sec.gov/Archives/edgar/data/783325/000010781515000040/0000107815-15-000040-index.htm,https://www.sec.gov/Archives/edgar/data/783325/000010781515000040/wec1231201410-k.htm,5.432815964523281,0.5383592017738359,0.7232815964523281,-0.2660753880266075,0.2745011086474501,19.73436807095344,17.77472283813747,19.73436807095344,23.449667405764966,11892870000.0,17059070000.0,24.49108319604613,9.707672843033222,72.91765787860209,-198.2145,2.6724950001123573,2.6724950001123573,13.924634723696023,48.20307996609212,104.59270386266094,-284.31783333333334,0.0102077967723518,-0.0050450395909481,1.174827531965574,0.3447841513117111,14.59790901384572,0.9201174567028224,4.0719063545150505,1.343492586490939,0.0073993914000573,0.7248764415156508,0.0,0.0,0.0291425405911602,1.367872470876763,0.1821075830544445,2.094835680751174,0.0178760917476124,15.461048458926234,0.010260230964512,0.0082464422783004,-44.20643015521064,-133300000.0,4008200000.0,-9177900000.0,11566300000.0,570750000.0,339150000.0,389950000.0,47.26634560444045,38.23763302537714,42.16348965033329,1.904103201740752,2.3537021745114237,2.1345481777334,0.0272802858362733,0.9893569844789356,2015-02-11,0.56,bmo,1294445283.0,2025-04-25,2014-12-31,-0.0535714285714286,49.0553125,2130490.328125
2014-09-30,WEC,USD,783325,2014-10-31,2014-10-31 10:33:36,2014,Q3,1033300000.0,656800000.0,376500000.0,0.3643665925,0,0.0,0.0,0.0,2900000.0,130400000.0,787200000.0,0.0,60400000.0,106400000.0,356100000.0,0.3446240201,246100000.0,0.2381689732,-39500000.0,206600000.0,0.1999419336,80300000.0,126300000.0,0.1222297493,0.56,0.56,225500000,227400000,https://www.sec.gov/Archives/edgar/data/783325/000010781514000103/0000107815-14-000103-index.htm,https://www.sec.gov/Archives/edgar/data/783325/000010781514000103/wec0930201410q.htm,4.582261640798226,0.5600886917960088,1.3893569844789355,0.4691796008869179,0.3933481152993348,19.639467849223948,17.679822616407982,19.639467849223948,22.853658536585368,9696500000.0,14700900000.0,19.193388756927952,9.384012387496371,30.94956910309607,91.64933837429112,2.189468692844401,2.189468692844401,14.227136359237395,41.28306655433867,46.922757740185126,138.9499054820416,0.0130253184138606,0.010911153508998,1.1500214509901323,0.3458835034533341,14.053355798932884,1.19603978978979,4.074503311258278,2.4806017418844024,0.0090754395916052,0.6967537608867775,0.0,0.0,0.030010390562924,0.6623045004787743,0.200812929449337,1.950187969924812,0.0,15.732021063516804,0.0106077351618601,0.0088426801092207,-42.76840354767184,208900000.0,3986800000.0,-9021700000.0,11785700000.0,538900000.0,301750000.0,341800000.0,43.38430271944256,43.16382460414129,51.97472594397077,2.074483035535033,2.085079365079365,1.7316108621144213,0.0285185268814776,0.9201773835920176,2014-10-29,0.52,bmo,959492857.0,2025-04-25,2014-09-30,0.0769230769230769,44.396875,1669324.671875
2014-06-30,WEC,USD,783325,2014-08-01,2014-08-01 11:34:52,2014,Q2,1043700000.0,674400000.0,369300000.0,0.3538373096,0,0.0,0.0,0.0,8100000.0,128600000.0,803000000.0,0.0,59000000.0,102800000.0,343500000.0,0.3291175625,240700000.0,0.2306218262,-33400000.0,207300000.0,0.1986202932,74300000.0,133000000.0,0.1274312542,0.59,0.58,225500000,227600000,https://www.sec.gov/Archives/edgar/data/783325/000010781514000080/0000107815-14-000080-index.htm,https://www.sec.gov/Archives/edgar/data/783325/000010781514000080/wec0630201410q.htm,4.628381374722838,0.5898004434589801,1.490909090909091,0.7090909090909091,0.1481152993348115,19.50110864745011,17.541463414634148,19.50110864745011,22.6239467849224,10580460000.0,15589760000.0,19.88808270676692,10.137453291175625,31.470731707317075,66.16923076923077,2.406017055144969,2.406017055144969,14.937012551499471,45.385036390101895,46.37049375371802,97.49693558474046,0.0125703419322033,0.0151127644733782,1.1467197271176806,0.3449226391605904,14.58311499272198,1.3106647634584012,4.079661016949153,2.5278195488721806,0.0083077673371479,0.6609022556390978,0.0,0.0,0.0302261316844279,0.524390243902439,0.1689182715339656,1.7149805447470816,0.0,16.086940569439427,0.0109569075989786,0.0093807968740081,-42.58082039911308,304700000.0,3955600000.0,-8936800000.0,11770600000.0,737350000.0,361750000.0,269600000.0,49.988502443230814,38.50088967971531,40.60943060498221,1.800414007245127,2.3376083188908146,2.2162339796253696,0.0302444570778851,0.7818181818181819,2014-07-30,0.52,bmo,935731034.0,2025-04-25,2014-06-30,0.1153846153846152,46.45746031746032,2138586.571428572
2014-03-31,WEC,USD,783325,2014-05-02,2014-05-02 12:53:14,2014,Q1,1695000000.0,1185500000.0,509500000.0,0.3005899705,0,0.0,0.0,0.0,1100000.0,127700000.0,1313200000.0,0.0,62300000.0,103700000.0,485500000.0,0.2864306785,381800000.0,0.2252507375,-43900000.0,337900000.0,0.1993510324,130300000.0,207600000.0,0.1224778761,0.92,0.91,225800000,227700000,https://www.sec.gov/Archives/edgar/data/783325/000010781514000057/0000107815-14-000057-index.htm,https://www.sec.gov/Archives/edgar/data/783325/000010781514000057/wec0331201410q.htm,7.506643046944198,0.9193976970770592,1.7054915854738706,1.133303808680248,0.1222320637732506,19.27546501328609,17.318423383525243,19.27546501328609,22.927812223206377,10510990000.0,15598190000.0,12.657743256262044,6.201174041297935,27.294183329005453,41.07459945291129,2.4149871335355204,2.4149871335355204,9.20247197640118,32.1280947476828,40.50425863412101,60.95423993747558,0.0197507561133632,0.0243459464807786,1.1751677235548204,0.3455759148154154,10.47826982492276,1.0845149515653516,6.128410914927769,1.855009633911368,0.0083817033409793,0.424373795761079,0.0,0.0,0.0298564942435544,0.3354972734354713,0.0762241887905604,1.2459016393442623,0.0,19.968497896045037,0.0165866280819288,0.0144579320142907,-42.65766164747564,120400000.0,3910500000.0,-8903400000.0,11504000000.0,811050000.0,388800000.0,282150000.0,47.52212389380532,33.024040489245046,17.832981864192323,1.893854748603352,2.725287356321839,5.046828437633035,0.0476978218913702,0.5721877767936226,2014-04-30,0.84,bmo,1564615384.0,2025-04-25,2014-03-31,0.0833333333333334,43.08983606557377,1581467.8852459015
2013-12-31,WEC,USD,783325,2014-02-27,2014-02-27 12:33:38,2013,Q4,1178300000.0,827400000.0,350900000.0,0.297801918,0,0.0,0.0,33700000.0,3500000.0,79300000.0,906700000.0,0.0,61800000.0,102600000.0,374200000.0,0.3175761691,271600000.0,0.2305015701,-40800000.0,230800000.0,0.1958754137,86500000.0,144300000.0,0.1224645676,0.64,0.63,226200000,228200000,https://www.sec.gov/Archives/edgar/data/783325/000010781514000041/0000107815-14-000041-index.htm,https://www.sec.gov/Archives/edgar/data/783325/000010781514000041/wec1231201310-k.htm,5.209106984969054,0.6379310344827587,0.7988505747126436,-0.039787798408488,0.1149425287356321,18.847922192749778,16.894341290893014,18.847922192749778,23.450928381962864,9351108000.0,14567908000.0,16.20081081081081,7.936101162692013,51.74935251798562,-1039.012,2.1933452174320966,2.1933452174320966,12.363496562844777,38.93080705505078,80.61930271167681,-1618.6564444444443,0.0154313264267721,-0.0009624527916905,1.229722756485434,0.3549771825531165,13.941207910208444,1.0365543972199946,4.394822006472492,1.2522522522522523,0.0092609346400447,0.6001386001386001,0.0,0.0,0.0299199696670142,1.0498063087991143,0.1609946533140965,1.8489278752436649,0.0161249257404735,16.44787756219953,0.0119984199950179,0.0100715407433257,-43.19175508399646,54700000.0,3821500000.0,-8954900000.0,11403200000.0,593550000.0,319750000.0,348500000.0,55.53679029109735,37.26613488034808,35.83031182015954,1.6205473800027506,2.415061295971979,2.51183970856102,0.0338462260167941,0.8386383731211318,2014-02-06,0.59,bmo,1103487301.0,2025-04-25,2013-12-31,0.0677966101694916,41.4946875,1659811.1875
2013-09-30,WEC,USD,783325,2013-11-01,2013-11-01 10:38:29,2013,Q3,1053200000.0,668800000.0,384400000.0,0.3649829092,0,0.0,0.0,0.0,5100000.0,126400000.0,795200000.0,0.0,62000000.0,99900000.0,357900000.0,0.3398214964,258000000.0,0.2449677174,-39800000.0,218200000.0,0.2071781238,80700000.0,137500000.0,0.1305545006,0.61,0.6,226800000,228800000,https://www.sec.gov/Archives/edgar/data/783325/000010781513000133/0000107815-13-000133-index.htm,https://www.sec.gov/Archives/edgar/data/783325/000010781513000133/wec0930201310q.htm,4.64373897707231,0.6062610229276896,1.6261022927689597,0.7865961199294532,0.0815696649029982,18.644179894179896,16.695767195767196,18.644179894179896,22.776455026455025,9158184000.0,14243384000.0,16.65124363636364,8.695579187238891,24.83238611713666,51.33511210762332,2.1658233416105,2.1658233416105,13.523911887580706,39.79710533668622,38.62088937093276,79.83959641255605,0.0150138935841428,0.019479844475717,1.2069764691971148,0.3550943448736502,14.208438111204249,0.9589529120198264,4.161290322580645,2.6821818181818182,0.0094669423545104,0.6305454545454545,0.0,0.0,0.0307455749749526,0.5162689804772235,0.1807823775161413,1.9059059059059056,0.0,15.94750420666509,0.0117688934481311,0.0098701447860511,-42.31481481481482,-53000000.0,3786600000.0,-8906100000.0,11194100000.0,480850000.0,286650000.0,342750000.0,39.30877326243829,39.953648325358856,49.467703349282296,2.289565217391304,2.252610306500505,1.81936887921654,0.0325174411729927,0.8395061728395061,2013-10-30,0.56,bmo,982986666.0,2025-04-25,2013-09-30,0.0714285714285712,41.63859375,1480796.578125
2013-06-30,WEC,USD,783325,2013-08-01,2013-08-01 08:55:04,2013,Q2,1012300000.0,656700000.0,355600000.0,0.351279265,0,0.0,0.0,0.0,5800000.0,126100000.0,782800000.0,0.0,63300000.0,99500000.0,352100000.0,0.347821792,229500000.0,0.2267114492,-40200000.0,189300000.0,0.1869999012,70300000.0,119000000.0,0.1175540848,0.52,0.52,228400000,230500000,https://www.sec.gov/Archives/edgar/data/783325/000010781513000112/0000107815-13-000112-index.htm,https://www.sec.gov/Archives/edgar/data/783325/000010781513000112/wec0630201310q.htm,4.432136602451839,0.521015761821366,1.5376532399299474,0.7771453590192644,0.0919439579684763,18.501751313485112,16.566987740805605,18.501751313485112,22.753940455341507,9202236000.0,14314936000.0,19.33242857142857,9.090423787414798,26.20226651480638,51.84358309859155,2.17763169104075,2.17763169104075,14.141001679344068,40.65588185174666,40.76006833712984,80.64752676056338,0.0129316396580135,0.0192887902461966,1.2148468928960197,0.3585737235454355,14.520590741266686,0.992504099320684,3.625592417061611,2.951260504201681,0.0084544669360794,0.653781512605042,0.0,0.0,0.0308654047635677,0.4945899772209567,0.1715894497678553,1.7457286432160803,0.0,14.727299183881623,0.0104644296294436,0.0085765147638575,-41.74682574430823,-9600000.0,3783900000.0,-8820100000.0,11136800000.0,568500000.0,266750000.0,292350000.0,44.60436629457671,37.880310644129736,43.5678391959799,2.0177396850707594,2.375904486251809,2.065743944636678,0.0281603483364096,0.760507880910683,2013-07-31,0.46,bmo,895496153.0,2025-04-25,2013-06-30,0.1304347826086956,42.41171875,1307526.40625
2013-03-31,WEC,USD,783325,2013-05-02,2013-05-02 12:23:20,2013,Q1,1275200000.0,829200000.0,446000000.0,0.349749059,0,0.0,0.0,0.0,4400000.0,125000000.0,954200000.0,0.0,65000000.0,98200000.0,440200000.0,0.3452007528,321000000.0,0.2517252196,-44000000.0,277000000.0,0.2172208281,100400000.0,176600000.0,0.1384880803,0.77,0.76,228900000,231200000,https://www.sec.gov/Archives/edgar/data/783325/000010781513000080/0000107815-13-000080-index.htm,https://www.sec.gov/Archives/edgar/data/783325/000010781513000080/wec0331201310q.htm,5.570991699432066,0.7715159458278724,1.4429882044560944,0.8593272171253823,0.1079073831367409,18.49716033202272,16.566622979467017,18.49716033202272,22.875491480996068,9741984000.0,14888484000.0,13.791030577576445,7.639573400250941,29.494350590372388,49.52711743772242,2.300893717524799,2.300893717524799,11.675410915934757,33.8220899591095,45.075640326975474,75.69132689374682,0.0181277242910684,0.0201909590489986,1.2213509683514407,0.3617412716067518,11.69127669241254,1.0279320866911823,4.938461538461539,1.8703284258210648,0.0079860529436303,0.4405436013590034,0.0,0.0,0.0309122578749658,0.4044807750529821,0.1047678795483061,1.3604887983706722,0.0,17.91910205187559,0.0148865956878803,0.0127477731098502,-41.18272171253823,35700000.0,3792100000.0,-8747500000.0,11093700000.0,599350000.0,312750000.0,313750000.0,44.837672521957344,27.90520984081041,28.95803183791606,2.0072406736974657,3.2252042007001167,3.107946026986507,0.041709966934341,0.5836609873307121,2013-04-30,0.71,bmo,1191305263.0,2025-04-25,2013-03-31,0.0704225352112676,39.888333333333335,1264097.35
2012-12-31,WEC,USD,783325,2013-02-27,2013-02-27 15:53:44,2012,Q4,1071200000.0,744800000.0,326400000.0,0.3047050037,0,0.0,0.0,32500000.0,1200000.0,125000000.0,869800000.0,0.0,66900000.0,48500000.0,305400000.0,0.2851008215,201400000.0,0.1880134429,-48900000.0,152500000.0,0.1423637043,53700000.0,98800000.0,0.0922330097,0.43,0.43,229500000,231900000,https://www.sec.gov/Archives/edgar/data/783325/000010781513000055/0000107815-13-000055-index.htm,https://www.sec.gov/Archives/edgar/data/783325/000010781513000055/wec1231201210-k.htm,4.667538126361656,0.4305010893246187,0.7908496732026143,-0.2091503267973856,0.155119825708061,18.15032679738562,16.22483660130719,18.15032679738562,23.21307189542484,8457075000.0,13681975000.0,21.399481275303646,7.89495425690814,46.59545454545455,-176.1890625,2.030266474612892,2.030266474612892,12.772568147871546,44.80018009168304,75.382782369146,-285.04114583333336,0.0116825261689177,-0.0056757212156685,1.2628736046092903,0.3682534126706335,17.10838244924689,0.910344349754036,3.0104633781763828,1.837044534412956,0.0081470248283242,0.6973684210526315,0.0,0.0,0.0309345467273363,1.2644628099173554,0.2142457057505601,4.731958762886598,0.0205377147124719,13.25930042657332,0.009560152610214,0.0071371296891592,-41.311546840958606,-129400000.0,3723600000.0,-8805600000.0,10884700000.0,455200000.0,323050000.0,351400000.0,47.33569828230023,44.516648764769066,43.58619763694952,1.901313454029109,2.02171552660152,2.064873856390352,0.0237186412195414,1.0,2013-01-30,0.41,bmo,1021376744.0,2025-04-25,2012-12-31,0.048780487804878,37.45532258064516,1230031.4516129033
2012-09-30,WEC,USD,783325,2012-11-02,2012-11-02 09:26:58,2012,Q3,1039300000.0,391900000.0,647400000.0,0.6229192726,0,0.0,0.0,0.0,366800000.0,366800000.0,758700000.0,0.0,60900000.0,109400000.0,401100000.0,0.3859328394,280600000.0,0.269989416,-34800000.0,245800000.0,0.2365053401,89700000.0,156100000.0,0.1501972481,0.68,0.67,230400000,232900000,https://www.sec.gov/Archives/edgar/data/783325/000010781512000132/0000107815-12-000132-index.htm,https://www.sec.gov/Archives/edgar/data/783325/000010781512000132/wec0930201210q.htm,4.510850694444445,0.6775173611111112,1.6653645833333333,0.9557291666666666,0.0564236111111111,18.131944444444443,16.213975694444443,18.131944444444443,22.29079861111111,8642304000.0,13704204000.0,13.840973734785392,8.315504666602521,22.52359655981235,39.2475204359673,2.0687246265798547,2.0687246265798547,13.185994419320696,34.16655198204936,35.715934323690384,62.23525885558583,0.0180623130128262,0.0254793166266773,1.2147883952508618,0.3668240005204305,12.62004487658938,0.7821196827685652,4.607553366174056,2.458039718129404,0.0079955530377084,0.4426649583600256,0.0,0.0,0.0319414226546293,0.4261141516810008,0.1573174251900317,1.4945155393053016,0.0,16.62545972043476,0.0138906528151366,0.0116555163968699,-39.98611111111112,-302200000.0,3735700000.0,-8572300000.0,10578500000.0,322150000.0,272600000.0,338550000.0,30.049071490426247,63.77392191885686,78.56340903291657,2.995100864553314,1.4112351458408354,1.1455714703303128,0.0373659517426273,0.7096354166666666,2012-10-31,0.57,bmo,884180597.0,2025-04-25,2012-09-30,0.1754385964912282,39.07047619047619,1431097.111111111
2012-06-30,WEC,USD,783325,2012-08-02,2012-08-02 11:42:33,2012,Q2,944700000.0,333700000.0,611000000.0,0.6467661692,0,0.0,0.0,0.0,388400000.0,388400000.0,722100000.0,0.0,61500000.0,108200000.0,402100000.0,0.4256377686,222600000.0,0.2356303588,-36700000.0,185900000.0,0.1967820472,66600000.0,119300000.0,0.1262834762,0.52,0.51,230400000,233100000,https://www.sec.gov/Archives/edgar/data/783325/000010781512000108/0000107815-12-000108-index.htm,https://www.sec.gov/Archives/edgar/data/783325/000010781512000108/wec0630201210q.htm,4.100260416666667,0.5177951388888888,1.1640625,0.4188368055555556,0.2200520833333333,17.845052083333332,15.927083333333334,17.845052083333332,22.80078125,9116928000.0,14295628000.0,19.10504610226321,9.650606541759288,33.99302013422819,94.4759378238342,2.217421379058738,2.217421379058738,15.132452630464698,35.55241979607063,53.30211782252051,148.14122279792747,0.0130855481144525,0.0105847057254373,1.2627508208682965,0.3738442927503672,12.87913454364586,0.8659339120694484,3.6195121951219513,2.248113998323554,0.0075902760228006,0.5800502933780386,0.0,0.0,0.0318197528730666,0.6401938851603282,0.1817508203662538,1.5868761552680222,0.0,14.41880118089931,0.0111655434907921,0.0088727251091427,-40.51616753472222,-191500000.0,3669600000.0,-8539200000.0,10591100000.0,342100000.0,253400000.0,323300000.0,28.323277230866942,72.14563979622415,90.35061432424332,3.177598385469223,1.2474766355140188,0.9961194029850746,0.0290161741456889,0.7452256944444444,2012-08-01,0.44,bmo,815035294.0,2025-04-25,2012-06-30,0.1590909090909091,37.10380952380952,1448902.142857143
2012-03-31,WEC,USD,783325,2012-05-03,2012-05-03 12:34:28,2012,Q1,1191200000.0,491300000.0,699900000.0,0.5875587643,0,0.0,0.0,0.0,404200000.0,404200000.0,895500000.0,0.0,58900000.0,105600000.0,417900000.0,0.3508226998,295700000.0,0.2482370719,-27300000.0,268400000.0,0.225319006,96300000.0,172100000.0,0.1444761585,0.75,0.74,230500000,233200000,https://www.sec.gov/Archives/edgar/data/783325/000010781512000071/0000107815-12-000071-index.htm,https://www.sec.gov/Archives/edgar/data/783325/000010781512000071/wec0331201210q.htm,5.167895878524946,0.7466377440347072,1.4772234273318872,0.8598698481561822,0.2451193058568329,17.708893709327548,15.79175704989154,17.708893709327548,22.788720173535797,8108990000.0,13284790000.0,11.77947414294015,6.807412693082606,23.81494860499265,40.91316851664985,1.9865724295058675,1.9865724295058675,11.152442914707857,31.78939937784159,39.01553597650514,67.02719475277497,0.0212233582727318,0.0244420081909091,1.2724221563487592,0.3757895422282998,12.385259631490788,1.0920727024490144,5.020373514431239,1.978500871586287,0.0085214064883542,0.4015107495642068,0.0,0.0,0.0319723904408413,0.4179148311306901,0.119459368703828,1.347537878787879,0.0,17.24812714734158,0.0149492994899245,0.0128630581341465,-40.0734273318872,107900000.0,3640000000.0,-8459600000.0,10784800000.0,572050000.0,282500000.0,346800000.0,29.23186702484889,43.83675961734175,57.08121310808061,3.078831739467563,2.053071458420393,1.5767008985879332,0.0421617384061344,0.617353579175705,2012-05-01,0.73,bmo,1175102702.0,2025-04-25,2012-03-31,0.0136986301369863,34.46532258064516,1265481.0161290322
2011-12-31,WEC,USD,783325,2012-02-28,2012-02-28 11:15:52,2011,Q4,1113200000.0,460500000.0,652700000.0,0.5863277039,0,0.0,0.0,0.0,459700000.0,459700000.0,920200000.0,0.0,0.0,87500000.0,260900000.0,0.2343693856,193000000.0,0.1733740568,-22500000.0,170500000.0,0.1531620553,56400000.0,116000000.0,0.1042040963,0.5,0.5,230900000,233600000,https://www.sec.gov/Archives/edgar/data/783325/000010781512000039/0000107815-12-000039-index.htm,https://www.sec.gov/Archives/edgar/data/783325/000010781512000039/wec1231201110-k.htm,4.82113469034214,0.5023819835426592,0.7180597661325249,-0.2286704200952793,0.0610653962754439,17.29623213512343,15.382416630576008,17.29623213512343,23.026418362927675,8072264000.0,13374964000.0,17.39712068965517,7.251404958677686,48.68675512665863,-152.88378787878787,2.0212494679119617,2.0212494679119617,12.014879626302552,51.26471444998083,80.66926417370325,-253.3137121212121,0.0143701940372614,-0.0065409159066155,1.3312967924481058,0.3835493900635546,20.32464545802989,1.0452180285818982,0.0,1.429310344827586,0.0074328589847903,0.5172413793103449,0.0,0.0,0.0318782868396563,1.3184559710494572,0.1963708228530362,2.498285714285714,0.0,13.982474626359808,0.0097845610829261,0.0086436863832133,-39.39107838891295,61700000.0,3551800000.0,-8442200000.0,10664000000.0,535600000.0,300150000.0,375050000.0,61.21810995328782,63.65472312703583,74.65798045602605,1.4701531959852088,1.4138778016579674,1.205497382198953,0.0290457470516062,0.9467301862278042,2012-02-02,0.48,bmo,1090481632.0,2025-04-25,2011-12-31,0.0208333333333333,32.70936507936508,1608419.1904761903
2011-09-30,WEC,USD,783325,2011-11-01,2011-11-01 09:42:23,2011,Q3,1052800000.0,420100000.0,632700000.0,0.600968845,0,0.0,0.0,0.0,408400000.0,408400000.0,828500000.0,0.0,56800000.0,79700000.0,290700000.0,0.2761208207,224300000.0,0.2130509119,-24900000.0,199400000.0,0.189399696,69600000.0,129800000.0,0.1232902736,0.56,0.55,232200000,234900000,https://www.sec.gov/Archives/edgar/data/783325/000010781511000107/0000107815-11-000107-index.htm,https://www.sec.gov/Archives/edgar/data/783325/000010781511000107/wec0930201110q.htm,4.53402239448751,0.5590008613264428,0.7708871662360034,-0.3708010335917313,0.0650301464254952,17.102067183462534,15.198966408268731,17.102067183462534,22.41257536606373,7265538000.0,12397838000.0,13.99371725731895,6.901156914893617,40.58959776536313,-84.3848780487805,1.8296033844526705,1.8296033844526705,11.776061930091185,42.64822153422772,69.26166480446928,-143.99347270615564,0.0178651601574446,-0.0118504644804004,1.2962151544911988,0.388497679157704,17.65497076023392,1.0394712685882137,3.948943661971831,1.37904468412943,0.0083269814293174,0.4661016949152542,0.0,0.0,0.0333522019698856,1.4810055865921787,0.2518047112462006,3.326223337515684,0.0,14.666341787760524,0.0119758795740233,0.0101346075767513,-38.08677863910422,43000000.0,3529200000.0,-8146000000.0,10484000000.0,329450000.0,292200000.0,353600000.0,26.842705167173253,58.82885027374434,78.85979528683646,3.3528662420382167,1.5298616168973052,1.141265960336865,0.0326861574878497,1.1416881998277346,2011-10-27,0.49,bmo,937949090.0,2025-04-25,2011-09-30,0.1224489795918368,30.9359375,1924404.5625
2011-06-30,WEC,USD,783325,2011-08-02,2011-08-02 11:01:08,2011,Q2,991700000.0,407800000.0,583900000.0,0.5887869315,0,0.0,0.0,0.0,409500000.0,409500000.0,817300000.0,0.0,57400000.0,85000000.0,174400000.0,0.175859635,174400000.0,0.175859635,-27800000.0,146600000.0,0.1478269638,48600000.0,109500000.0,0.1104164566,0.47,0.46,233700000,236600000,https://www.sec.gov/Archives/edgar/data/783325/000010781511000081/0000107815-11-000081-index.htm,https://www.sec.gov/Archives/edgar/data/783325/000010781511000081/wec0630201110q.htm,4.243474540008558,0.4685494223363286,1.102267864783911,0.1968335472828412,0.0453572956782199,17.021822849807446,15.130937098844672,17.021822849807446,21.245186136071887,7326495000.0,12223495000.0,16.727157534246576,7.3878138549964705,28.44136257763975,159.27163043478262,1.8417533936651584,1.8417533936651584,12.325799132802258,70.08884747706422,47.45145574534161,265.72815217391303,0.0149457550984474,0.0062785820504893,1.233685268979387,0.37530494100013,28.07912844036697,1.024656815598496,3.038327526132404,2.352511415525114,0.0082849984883631,0.554337899543379,0.0,0.0,0.0337939631241253,0.8214285714285714,0.213370979126752,2.489411764705882,0.0,13.395903046313954,0.0097452104598713,0.0086668144114481,-37.053808301240906,28200000.0,3536100000.0,-7926400000.0,10291400000.0,385050000.0,289450000.0,311750000.0,31.3007966118786,68.37175085826385,74.83815595880334,2.8753261815018845,1.316333118140736,1.2025951046888823,0.0275263951734539,0.9054343175010696,2011-07-28,0.39,bmo,943324390.0,2025-04-25,2011-06-30,0.0512820512820511,30.86968253968254,1156620.3333333333
2011-03-31,WEC,USD,783325,2011-05-05,2011-05-05 14:18:11,2011,Q1,1328700000.0,610000000.0,718700000.0,0.5409046436,0,0.0,0.0,0.0,423100000.0,423100000.0,1033100000.0,0.0,63400000.0,84200000.0,295600000.0,0.222473094,295600000.0,0.222473094,-35400000.0,260200000.0,0.195830511,89300000.0,170900000.0,0.1286219613,0.73,0.72,233700000,236600000,https://www.sec.gov/Archives/edgar/data/783325/000010781511000052/0000107815-11-000052-index.htm,https://www.sec.gov/Archives/edgar/data/783325/000010781511000052/wec0331201110q.htm,5.685494223363286,0.7312794180573384,1.6730851519041503,1.0932819854514335,1.009841677364142,16.838254172015404,14.947368421052632,16.838254172015404,22.095849379546426,7127850000.0,11992250000.0,10.426930953774136,5.364529239105893,18.22979539641944,27.89765166340509,1.8113516810246248,1.8113516810246248,9.025551290735304,40.56918132611637,30.67071611253197,46.93639921722114,0.0239763743625356,0.0358453109984076,1.2961297044547788,0.3867279316985881,16.456021650879567,1.0891591434753414,4.662460567823344,2.287887653598596,0.0085299213647874,0.3557636044470451,0.0,0.0,0.0335062099085573,0.3465473145780051,0.1019793783397305,1.6092636579572446,0.0,16.644910514036773,0.0153970631163148,0.0134073917170718,-36.61275139067181,119500000.0,3493200000.0,-7793700000.0,10200400000.0,426750000.0,292250000.0,331750000.0,28.801083766087157,39.70327868852459,41.96065573770492,3.124882408278457,2.266815310293571,2.1448663853727146,0.0434296460064547,0.5798031664527171,2011-05-03,0.66,bmo,1217975000.0,2025-04-25,2011-03-31,0.0909090909090908,29.690161290322585,1496688.4677419355
2010-12-31,WEC,USD,783325,2011-02-25,2011-02-25 11:08:30,2010,Q4,1089800000.0,461000000.0,628800000.0,0.576986603,0,0.0,0.0,0.0,261300000.0,261300000.0,722300000.0,0.0,51500000.0,79800000.0,324800000.0,0.2980363369,215700000.0,0.197926225,-22200000.0,193500000.0,0.1775555148,67900000.0,125900000.0,0.1155257845,0.54,0.53,233700000,236600000,https://www.sec.gov/Archives/edgar/data/783325/000010781511000028/0000107815-11-000028-index.htm,https://www.sec.gov/Archives/edgar/data/783325/000010781511000028/wec2010form10k.htm,4.663243474540009,0.5387248609328199,0.670517757809157,-0.4103551561831408,0.1048352588789045,16.399229781771503,14.508344030808727,16.399229781771503,21.88617886178862,6877791000.0,11916591000.0,13.657249801429703,6.311057992292164,43.89145500957243,-71.71836287799792,1.7945964774951075,1.7945964774951075,10.934658652963847,36.68901169950739,76.04716656030632,-124.26059436913452,0.0183052959882031,-0.013943430383389,1.3211480756686236,0.3877011899110246,15.513546798029555,0.7734007320899425,4.188349514563106,1.244638602065131,0.0067899707914939,0.3709293089753773,0.0,0.0,0.0338366590606288,1.6119974473516274,0.2317856487428886,3.1654135338345863,0.0,14.098941010968865,0.0112277403753504,0.0099778885551478,-37.19308943089431,-390000000.0,3390600000.0,-7896200000.0,9653400000.0,364300000.0,284850000.0,400700000.0,35.370710222059095,61.57483731019523,74.01084598698482,2.5444781695073546,1.4616360177552314,1.2160379847006066,0.0328506196999347,1.080872913992298,2011-02-01,0.51,bmo,1048675471.0,2025-04-25,2010-12-31,0.0392156862745098,29.6134375,1240611.71875
2010-09-30,WEC,USD,783325,2010-10-27,2010-10-26 17:41:58,2010,Q3,973200000.0,403000000.0,570200000.0,0.5859021784,0,0.0,0.0,0.0,422400000.0,422400000.0,825400000.0,0.0,52500000.0,80200000.0,228000000.0,0.2342786683,203000000.0,0.2085902178,-27700000.0,175300000.0,0.1801274147,63000000.0,112200000.0,0.1152897657,0.48,0.48,233800000,236800000,https://www.sec.gov/Archives/edgar/data/783325/000010781510000098/0000107815-10-000098-index.htm,https://www.sec.gov/Archives/edgar/data/783325/000010781510000098/wec10q93010.htm,4.162532078699743,0.4798973481608212,0.9837467921300256,0.2715996578272027,0.0479041916167664,15.943969204448246,14.053892215568862,15.943969204448246,21.298118049615056,6756820000.0,11672620000.0,15.05530303030303,6.942889436909166,29.37747826086956,106.40661417322836,1.8125975802773828,1.8125975802773828,11.99406083025072,51.195701754385965,50.750521739130434,183.8207874015748,0.0166054445730387,0.0093979120355433,1.3217265337875903,0.387388449895821,21.56052631578947,0.7385361004100908,3.866666666666666,2.049910873440285,0.0069263351695028,0.4171122994652406,0.0,0.0,0.0347446632857648,0.7239130434782609,0.1710850801479654,2.076059850374065,0.0,13.12090096595434,0.0112283984874393,0.0091393382532623,-36.54073994867408,-420800000.0,3285800000.0,-7802200000.0,9421000000.0,308800000.0,262400000.0,406250000.0,27.771270036991368,56.79156327543424,94.31017369727049,3.2407592407592407,1.5847424302005506,0.954297892493488,0.0300989886525203,0.712147134302823,2010-10-26,0.43,bmo,871825000.0,2025-04-25,2010-09-30,0.1162790697674418,27.77703125,1619001.375
2010-06-30,WEC,USD,783325,2010-07-30,2010-07-30 10:58:45,2010,Q2,890900000.0,354200000.0,536700000.0,0.6024245145,0,0.0,0.0,0.0,420600000.0,420600000.0,774800000.0,0.0,53000000.0,85500000.0,201600000.0,0.2262880233,163300000.0,0.1832977888,-28200000.0,135100000.0,0.1516444045,47600000.0,88700000.0,0.0995622404,0.38,0.38,233800000,236600000,https://www.sec.gov/Archives/edgar/data/783325/000010781510000077/0000107815-10-000077-index.htm,https://www.sec.gov/Archives/edgar/data/783325/000010781510000077/wec63010form10q.htm,3.8105218135158254,0.3793840889649273,0.5132591958939264,-0.2758768177929854,0.0449101796407185,15.72754491017964,13.837467921300256,15.72754491017964,21.42557741659538,5931506000.0,10877306000.0,16.717886133032692,6.6578807947019865,49.42921666666667,-91.96133333333331,1.613093470397868,1.613093470397868,12.209345605567403,53.95489087301587,90.64421666666668,-168.6404031007752,0.0149540437116644,-0.0108741355062272,1.3478828424573712,0.3904596840902824,24.53273809523809,0.7702547346765898,3.081132075471698,1.3528748590755355,0.0078732112890048,0.5264937993235626,0.0,0.0,0.0348130933154764,1.5375,0.2070939499382647,2.1578947368421053,0.0,11.586740555116368,0.0091697010347286,0.0072398707107643,-36.667343883661246,-379700000.0,3235200000.0,-7743400000.0,9352200000.0,362300000.0,274750000.0,363600000.0,32.0541025928836,68.73235460191982,99.14737436476568,2.807752915222187,1.3094269870609982,0.9077396207073296,0.0241222702673302,0.7891360136869119,2010-07-29,0.34,bmo,818664864.0,2025-04-25,2010-06-30,0.0882352941176469,25.275396825396825,1983477.9047619049
2010-03-31,WEC,USD,783325,2010-05-06,2010-05-06 12:34:53,2010,Q1,1255900000.0,633700000.0,622200000.0,0.49542161,0,0.0,0.0,0.0,441900000.0,441900000.0,1075600000.0,0.0,49400000.0,71900000.0,249300000.0,0.1985030655,229700000.0,0.1828967274,-28000000.0,201700000.0,0.1606019588,71900000.0,129700000.0,0.1032725535,0.56,0.55,233800000,236800000,https://www.sec.gov/Archives/edgar/data/783325/000010781510000062/0000107815-10-000062-index.htm,https://www.sec.gov/Archives/edgar/data/783325/000010781510000062/wec10q033110.htm,5.371685201026518,0.5547476475620188,1.298973481608212,0.4666381522668947,0.0547476475620188,15.576561163387511,13.686484174508127,15.576561163387511,21.241231822070144,5777198000.0,10681198000.0,11.13569390902082,4.600046182020861,19.02271320381956,52.95323556370303,1.5863578450216926,1.5863578450216926,8.504815670037424,42.84475732049739,35.17022719789266,97.90282309807516,0.0224503297273176,0.0188845873033951,1.3501015981108244,0.3864953032268207,19.671079021259526,1.0514618019596909,4.649797570850202,2.3415574402467234,0.008100812885416,0.3608326908249807,0.0,0.0,0.034736469755925,0.6407639117550215,0.154948642407835,2.70653685674548,0.0,13.943595838453591,0.012843872121678,0.0105622332975015,-36.75331479897349,64600000.0,3199900000.0,-7759800000.0,9743700000.0,353000000.0,284800000.0,358150000.0,29.1878334262282,39.6244279627584,47.86176424175478,3.0834765529094037,2.271326164874552,1.8804154302670624,0.035614256686254,0.8323353293413174,2010-05-04,0.51,bmo,1157792727.0,2025-04-25,2010-03-31,0.0784313725490196,24.76918032786885,1662922.262295082
2009-12-31,WEC,USD,783325,2010-02-26,2010-02-26 10:05:13,2009,Q4,1067300000.0,495200000.0,572100000.0,0.5360254849,0,0.0,0.0,0.0,429000000.0,429000000.0,924200000.0,0.0,37700000.0,85100000.0,298200000.0,0.2793966083,196600000.0,0.1842031294,-17800000.0,178800000.0,0.1675255317,65200000.0,118700000.0,0.111215216,0.51,0.5,233800000,236800000,https://www.sec.gov/Archives/edgar/data/783325/000010781510000046/0000107815-10-000046-index.htm,https://www.sec.gov/Archives/edgar/data/783325/000010781510000046/wec2009form10k.htm,4.565012831479898,0.5076988879384089,0.8224978614200171,-0.2976903336184773,0.0893926432848588,15.38622754491018,13.496150556030797,15.38622754491018,21.53250641573995,5826296000.0,10801996000.0,12.27105307497894,5.458911271432587,30.29795111804472,-83.71114942528736,1.619630278264254,1.619630278264254,10.120861988194507,36.22399731723675,56.1726261050442,-155.20109195402298,0.0203731495962443,-0.0119458400328441,1.3889861840825064,0.393498137487301,16.685781354795438,0.7767150220521813,5.214854111405836,1.620050547598989,0.0067624439266388,0.3319292333614153,0.0,0.0,0.0348010300915899,1.3619344773790951,0.245385552328305,3.0775558166862518,0.0,13.257463513721612,0.0104642091900264,0.0096850522193211,-37.0659751924722,-420200000.0,3155400000.0,-7638900000.0,9092200000.0,304100000.0,277200000.0,384100000.0,25.187857209781697,52.81502423263328,68.93578352180937,3.573150318044861,1.7040605643496214,1.3055628789876088,0.0329969699496844,1.1201881950384944,2010-02-02,0.45,bmo,994968750.0,2025-04-25,2009-12-31,0.0666666666666666,22.90046875,1630411.78125
2009-09-30,WEC,USD,783325,2009-10-30,2009-10-29 17:39:04,2009,Q3,821900000.0,355800000.0,466100000.0,0.5671006205,0,0.0,0.0,0.0,419100000.0,477000000.0,832800000.0,0.0,38400000.0,88800000.0,219500000.0,0.2670641197,104900000.0,0.1276310987,-13300000.0,91800000.0,0.11169242,33100000.0,58500000.0,0.0711765422,0.25,0.25,233800000,236000000,https://www.sec.gov/Archives/edgar/data/783325/000010781509000062/0000107815-09-000062-index.htm,https://www.sec.gov/Archives/edgar/data/783325/000010781509000062/wec10q93009.htm,3.515397775876818,0.2502138579982891,0.8729683490162532,0.0573139435414884,0.0457656116338751,15.044054747647564,13.153977758768178,15.044054747647564,21.04405474764756,5281542000.0,10152542000.0,22.570692307692305,6.426015330332157,25.877226849583536,394.1449253731344,1.5015898558553435,1.5015898558553435,12.35252707141988,46.253038724373575,49.74297893189613,757.6523880597015,0.0110763106683616,0.0025371378283084,1.387911181872459,0.39302937837642,22.19134396355353,0.6610279118364097,2.731770833333333,3.488888888888889,0.0074788764341928,0.6752136752136753,0.0,0.0,0.0355777049602679,0.934345908868202,0.2320233605061443,2.1475225225225225,0.0,9.20299934873373,0.0062552180318276,0.0048836277423448,-36.21097091531223,-681300000.0,3075400000.0,-7574800000.0,8664300000.0,331900000.0,271550000.0,351700000.0,33.89098430465994,66.72849915682967,98.37268128161888,2.655573505654281,1.3487490523123578,0.91488814605297,0.0166320757399141,0.8156544054747648,2009-10-29,0.26,bmo,848120000.0,2025-04-25,2009-09-30,-0.0384615384615384,21.940625,1511380.40625
2009-06-30,WEC,USD,783325,2009-08-04,2009-08-04 09:56:02,2009,Q2,842500000.0,355600000.0,486900000.0,0.5779228487,0,0.0,0.0,0.0,422800000.0,422800000.0,778400000.0,0.0,39800000.0,114500000.0,230400000.0,0.2734718101,119200000.0,0.1414836795,-18000000.0,101100000.0,0.12,37700000.0,63700000.0,0.0756083086,0.27,0.27,233800000,235600000,https://www.sec.gov/Archives/edgar/data/783325/000010781509000047/0000107815-09-000047-index.htm,https://www.sec.gov/Archives/edgar/data/783325/000010781509000047/wec10q63009.htm,3.603507271171942,0.2724550898203592,0.907185628742515,0.078699743370402,0.053464499572284,14.959366980325065,13.06928999144568,14.959366980325065,21.01411462788708,4760168000.0,9620968000.0,18.681978021978026,5.650051038575668,22.44303630363036,258.70478260869567,1.361020157255182,1.361020157255182,11.419546587537091,41.75767361111111,45.36052805280528,522.8786956521739,0.0133818806395068,0.0038654097922594,1.3933666904932094,0.3962580194010554,21.09722222222222,0.7139483800109829,2.9949748743718594,3.32967032967033,0.0082770187942946,0.6185243328100472,0.0,0.0,0.0359317954514038,0.9132484677039132,0.2299109792284866,2.203640500568828,0.0,9.576246794611349,0.006953344931381,0.0053726257548665,-35.77983319076134,-520900000.0,3055600000.0,-7500700000.0,8672800000.0,440950000.0,291600000.0,282900000.0,37.84807121661721,70.68897637795276,79.59786276715411,2.3779283093423653,1.2731829573934836,1.130683624801272,0.0182130092923516,0.8284858853721129,2009-07-30,0.21,bmo,649988888.0,2025-04-25,2009-06-30,0.2857142857142858,19.88952380952381,2114488.253968254
2009-03-31,WEC,USD,783325,2009-05-07,2009-05-07 12:29:07,2009,Q1,1396200000.0,769100000.0,627100000.0,0.4491476866,0,0.0,0.0,0.0,448300000.0,448300000.0,1217400000.0,0.0,40800000.0,87600000.0,351200000.0,0.251539894,243000000.0,0.1740438333,-20200000.0,222800000.0,0.159575992,81300000.0,141500000.0,0.101346512,0.61,0.6,233800000,236000000,https://www.sec.gov/Archives/edgar/data/783325/000010781509000035/0000107815-09-000035-index.htm,https://www.sec.gov/Archives/edgar/data/783325/000010781509000035/wec10q313109.htm,5.971770744225834,0.605218135158255,0.0868263473053892,-0.646278870829769,0.0731394354148845,14.84174508126604,12.951668092386656,14.84174508126604,21.07698887938409,4813942000.0,9683842000.0,8.505197879858656,3.447888554648331,237.14,-31.859311714096624,1.3873031700288183,1.3873031700288183,6.935855894570978,27.57358200455581,477.0365517241379,-64.08896095301125,0.029393789954262,-0.0313879976119363,1.40835734870317,0.3937604241364585,13.866457858769932,0.8985813108219017,5.955882352941177,0.1434628975265017,0.0082053335914724,0.2791519434628975,0.0,0.0,0.0356052243556171,8.443349753694582,0.122761781979659,1.95662100456621,0.0,14.216402456775263,0.0143995852256105,0.011822009825218,-35.93947818648417,-173000000.0,3028100000.0,-7408300000.0,8869300000.0,448550000.0,372450000.0,298000000.0,34.00945423291792,35.56234559875178,29.40709920686517,2.646322971948446,2.530766699572228,3.0604854755272584,0.0407780979827089,0.7331052181351583,2009-05-05,0.51,bmo,1180140000.0,2025-04-25,2009-03-31,0.176470588235294,20.79016393442623,2615106.655737705
2008-12-31,WEC,USD,783325,2009-02-27,2009-02-26 18:11:57,2008,Q4,1200600000.0,260300000.0,940300000.0,0.7831917375,0,0.0,0.0,0.0,829500000.0,829500000.0,1089800000.0,0.0,153700000.0,82200000.0,195300000.0,0.1626686657,110800000.0,0.0922871897,49600000.0,160400000.0,0.1335998667,60300000.0,100400000.0,0.0836248542,0.43,0.43,233800000,236000000,https://www.sec.gov/Archives/edgar/data/783325/000010781509000025/0000107815-09-000025-index.htm,https://www.sec.gov/Archives/edgar/data/783325/000010781509000025/wec12310810k.htm,5.135158254918734,0.4294268605645851,0.3999144568006843,-0.6595380667236954,0.1390076988879384,14.402480752780152,12.51240376390077,14.402480752780152,20.92600513259196,4907462000.0,9613762000.0,12.219775896414342,4.087507912710311,52.48622459893048,-31.825304798962385,1.4573878181332225,1.4573878181332225,8.007464601032817,49.22561187916027,102.82098395721924,-62.34605706874189,0.0204586403318049,-0.0314215372426724,1.4072996169037508,0.3755646784700978,24.09779825908858,0.9759626469910077,0.7208848405985686,0.9312749003984064,0.0064391736502493,0.3147410358565737,0.0,0.0,0.035021953113855,2.649197860962567,0.2063135099117108,0.7328402366863905,0.0,11.796536445719374,0.0059882034484762,0.0082457970252712,-37.504384088964926,-41700000.0,2925400000.0,-7557400000.0,8917200000.0,351900000.0,385950000.0,352100000.0,27.69865067466267,152.4779101037265,119.18171340760662,3.249255751014885,0.590249433106576,0.7551494052799536,0.0298161731951415,1.05945252352438,2009-02-03,0.36,bmo,1004483720.0,2025-04-25,2008-12-31,0.1944444444444444,20.7571875,3312848.1875
2008-09-30,WEC,USD,783325,2008-10-30,2008-10-29 18:17:22,2008,Q3,852500000.0,344100000.0,508400000.0,0.5963636364,0,0.0,0.0,0.0,526800000.0,526800000.0,870900000.0,0.0,38800000.0,85500000.0,245400000.0,0.2878592375,-18400000.0,-0.0215835777,-17300000.0,121700000.0,0.1427565982,44700000.0,77500000.0,0.0909090909,0.33,0.33,233800000,236400000,https://www.sec.gov/Archives/edgar/data/783325/000095014408007906/0000950144-08-007906-index.htm,https://www.sec.gov/Archives/edgar/data/783325/000095014408007906/wec10q93008.htm,3.646278870829769,0.3314798973481608,0.2976903336184773,-0.7596236099230111,6.251924721984603,14.096236099230111,12.206159110350727,14.096236099230111,19.69803250641574,5248810000.0,9556610000.0,16.931645161290323,6.1569618768328445,75.41393678160918,-29.55411036036036,1.5926237218193402,1.5926237218193402,11.210099706744868,38.94299103504483,137.30761494252874,-53.80974099099099,0.0147652515522566,-0.0338362409765261,1.3856236914767728,0.3868786905800723,17.554197229013855,0.6132943883873252,-0.4742268041237113,0.8980645161290323,0.0060204122458233,0.4077419354838709,0.0,0.0,0.0374374136923168,3.5517241379310347,0.2899706744868035,2.8912280701754387,0.0,10.253483561272496,-0.0010740010690889,0.00682110229013,-28.296941830624466,-873800000.0,2853800000.0,-7122200000.0,7901800000.0,365000000.0,337200000.0,319250000.0,35.292668621700884,86.54751525719267,94.02789886660854,2.5501046963804965,1.0398912058023573,0.957162726008345,0.0235154898807537,1.0573139435414884,2008-10-29,0.28,bmo,722484848.0,2025-04-25,2008-09-30,0.1785714285714285,22.59734375,1736659.4375
2008-06-30,WEC,USD,783325,2008-08-01,2008-08-01 09:42:20,2008,Q2,946100000.0,298100000.0,648000000.0,0.6849170278,0,0.0,0.0,0.0,539800000.0,539800000.0,837900000.0,0.0,35400000.0,82200000.0,170400000.0,0.180107811,108200000.0,0.1143642321,-15100000.0,92800000.0,0.098086883,34500000.0,58000000.0,0.0613043019,0.25,0.25,233800000,236600000,https://www.sec.gov/Archives/edgar/data/783325/000010781508000112/0000107815-08-000112-index.htm,https://www.sec.gov/Archives/edgar/data/783325/000010781508000112/wec06300810q.htm,4.046621043627032,0.2480752780153977,0.984174508126604,-0.2733105218135158,6.655688622754491,13.892643284858854,12.00256629597947,13.892643284858854,19.21471343028229,5286218000.0,9396018000.0,22.785422413793103,5.587377655638939,22.973568013907,-82.72641627543037,1.6274800652689263,1.6274800652689263,9.93131592854878,55.14095070422536,40.83449804432856,-147.04253521126762,0.0109719273779477,-0.0120880372319113,1.3721868169083464,0.3801279317697228,24.118544600938968,0.6480551536300961,3.056497175141243,3.967241379310345,0.0059588915931957,0.5431034482758621,0.0,0.0,0.0376886993603411,1.2777053455019556,0.3107493922418349,3.5853658536585367,0.0,8.805934377926766,0.0063494605143811,0.0051404312644574,-27.735350727117197,-827000000.0,2806200000.0,-6954100000.0,7747000000.0,458550000.0,382800000.0,257050000.0,37.64189831941656,103.70680979537067,84.23347869842335,2.3909527419762444,0.8678311499272198,1.0684587813620072,0.0178565930851882,1.2574850299401197,2008-07-31,0.24,bmo,907584000.0,2025-04-25,2008-06-30,0.0416666666666667,23.4928125,1308441.78125
2008-03-31,WEC,USD,783325,2008-05-01,2008-05-01 11:12:48,2008,Q1,1431800000.0,338200000.0,1093600000.0,0.763793826,0,0.0,0.0,0.0,1034700000.0,1034700000.0,1372900000.0,0.0,39200000.0,82400000.0,322000000.0,0.2248917447,58900000.0,0.0411370303,-17100000.0,200800000.0,0.1402430507,77600000.0,123200000.0,0.0860455371,0.53,0.52,233800000,236600000,https://www.sec.gov/Archives/edgar/data/783325/000010781508000082/0000107815-08-000082-index.htm,https://www.sec.gov/Archives/edgar/data/783325/000010781508000082/wec03310810q.htm,6.124037639007699,0.5269461077844312,1.4704875962360993,-0.0188195038494439,6.368691189050471,13.780581693755346,11.890504704875962,13.780581693755346,18.91787852865697,5143600000.0,9160300000.0,10.437499999999998,3.592401173348233,14.961023851076206,-1169.0,1.596449300102424,1.596449300102424,6.397751082553429,28.448136645962737,26.64426992437464,-2081.8863636363635,0.0239520958083832,-0.0008554319931565,1.3606257177441885,0.375386407035391,12.474223602484471,0.6293201671097607,1.5025510204081634,2.790584415584416,0.0061435570417606,0.2564935064935065,0.0,0.0,0.0378400595987361,1.0127981384525888,0.2431903897192345,4.225728155339806,0.0,12.782274345628782,0.0034566126819112,0.0109645609725707,-27.62446535500428,-976000000.0,2780000000.0,-6799200000.0,7377600000.0,441600000.0,450200000.0,298200000.0,32.774130465148765,112.32702542874038,62.56357185097575,2.746068277713847,0.8012319355602938,1.4385367928541046,0.0382383065892796,1.4893071000855431,2008-04-29,0.43,bmo,1183409615.0,2025-04-25,2008-03-31,0.2093023255813954,22.59,1838826.098360656
2007-12-31,WEC,USD,783325,2008-02-28,2008-02-27 21:12:35,2007,Q4,1148700000.0,280300000.0,868400000.0,0.7559850266,0,0.0,0.0,0.0,682600000.0,682600000.0,962900000.0,0.0,167600000.0,79800000.0,265600000.0,0.2312178985,185800000.0,0.161748063,-28300000.0,157500000.0,0.1371115174,62900000.0,94300000.0,0.0820928006,0.4,0.4,233800000,236600000,https://www.sec.gov/Archives/edgar/data/783325/000010781508000059/0000107815-08-000059-index.htm,https://www.sec.gov/Archives/edgar/data/783325/000010781508000059/wec12310710k.htm,4.913173652694611,0.4033361847733105,-0.4285714285714285,-1.9063301967493584,1.8627031650983747,13.3857998289136,11.495722840034215,13.3857998289136,19.647562018819503,5695368000.0,9685868000.0,15.099066808059384,4.958098720292504,-56.84,-12.778478797397351,1.8198389570552147,1.8198389570552147,8.432025768259772,36.4678765060241,-96.6653493013972,-21.731810634956247,0.0165573146458666,-0.078256576221238,1.4142382413087935,0.3776353847597757,15.024472891566266,0.7390522614671567,1.1085918854415275,-1.062566277836691,0.0051269733579989,0.3096500530222693,0.0,0.0,0.0377038130423282,-3.4481037924151696,0.3007747888917907,1.02583135391924,0.0,11.021660140173893,0.0106578137956229,0.0083611150517803,-32.94781864841745,-653100000.0,2687700000.0,-6741000000.0,7388100000.0,341250000.0,421400000.0,385800000.0,28.346826847740925,153.5747413485551,116.0078487334998,3.1749585406301826,0.5860338699560945,0.7758095765292001,0.0301316462167689,1.4777587681779298,2008-02-05,0.35,bmo,1005112499.0,2025-04-25,2007-12-31,0.142857142857143,23.73921875,1817230.375
2007-09-30,WEC,USD,783325,2007-11-01,2007-11-01 09:09:06,2007,Q3,881500000.0,254300000.0,627200000.0,0.711514464,0,0.0,0.0,0.0,474100000.0,474100000.0,728400000.0,0.0,42500000.0,96600000.0,153100000.0,0.1736812252,153100000.0,0.1736812252,-16800000.0,136300000.0,0.154622802,53200000.0,82900000.0,0.0940442428,0.36,0.35,233800000,236400000,https://www.sec.gov/Archives/edgar/data/783325/000010781507000096/0000107815-07-000096-index.htm,https://www.sec.gov/Archives/edgar/data/783325/000010781507000096/wec10q093007.htm,3.770316509837468,0.3545765611633875,0.7574850299401198,-0.4978614200171086,8.483319076133448,13.109495295124038,11.219418306244654,13.109495295124038,19.88665526090676,5335316000.0,9442316000.0,16.089613992762363,6.052542257515598,30.12600790513834,-45.83604810996564,1.740723001631321,1.740723001631321,10.711646057855928,61.67417374265186,53.31629587803501,-81.11955326460482,0.0155379737582553,-0.0218168895713018,1.503099510603589,0.3916784275050586,26.82560418027433,0.7179898033503278,3.6023529411764708,2.1363088057901085,0.0054729654251032,0.3522316043425814,0.0,0.0,0.0375695023039907,1.6572557876905702,0.3329551900170164,0.0,0.0,10.22678808851956,0.0086298179531477,0.0073231274789537,-26.809773310521813,-580800000.0,2623100000.0,-7218500000.0,7142700000.0,342450000.0,340800000.0,372000000.0,32.74305161656268,129.0011797090051,145.210381439245,2.748674773932024,0.6976680384087791,0.6197903972702901,0.0270473083197389,1.2553464499572284,2007-10-30,0.34,bmo,856314285.0,2025-04-25,2007-09-30,0.0294117647058822,22.044444444444444,1676936.507936508
2007-06-30,WEC,USD,783325,2007-08-01,2007-08-01 08:52:57,2007,Q2,906500000.0,232300000.0,674200000.0,0.743739658,0,0.0,0.0,0.0,569100000.0,569100000.0,801400000.0,0.0,42000000.0,89800000.0,105100000.0,0.1159404302,105100000.0,0.1159404302,-11700000.0,93400000.0,0.1030336459,35700000.0,57500000.0,0.0634307777,0.25,0.25,233800000,237000000,https://www.sec.gov/Archives/edgar/data/783325/000010781507000076/0000107815-07-000076-index.htm,https://www.sec.gov/Archives/edgar/data/783325/000010781507000076/wec10q063007.htm,3.877245508982036,0.2459366980325064,0.3964927288280582,-0.8041060735671514,7.69546621043627,12.869974337040205,10.97989734816082,12.869974337040205,19.431993156544056,5171656000.0,9636156000.0,22.485460869565216,5.705081081081081,55.78916936353829,-27.508808510638296,1.7187291458956466,1.7187291458956466,10.630067291781575,91.6855946717412,103.94990291262135,-51.25614893617021,0.0111182955710898,-0.036351992475911,1.495912263210369,0.3926926298157454,42.47859181731684,0.6971766250820749,2.5023809523809524,1.6121739130434782,0.0056654966997031,0.5095652173913043,0.0,0.0,0.0385521356783919,3.028047464940669,0.3096525096525097,0.0,0.0,8.439015186906124,0.0059586054536302,0.0052175491130166,-26.57912745936698,-461200000.0,2567100000.0,-7391600000.0,7263100000.0,438950000.0,328100000.0,299300000.0,36.1588527302813,122.8540680154972,129.28540680154973,2.4890170236133997,0.7325764742983286,0.6961342523224453,0.0191093386507145,1.2005988023952097,2007-07-31,0.18,bmo,652680000.0,2025-04-25,2007-06-30,0.3888888888888889,23.934603174603176,1297460.3174603174
2007-03-31,WEC,USD,783325,2007-05-07,2007-05-07 14:38:34,2007,Q1,1301100000.0,229500000.0,1071600000.0,0.8236107909,0,0.0,0.0,0.0,887100000.0,887100000.0,1116600000.0,0.0,42700000.0,95000000.0,184500000.0,0.1418030897,184500000.0,0.1418030897,-18800000.0,165700000.0,0.1273537776,64600000.0,100900000.0,0.0775497656,0.43,0.43,234000000,237400000,https://www.sec.gov/Archives/edgar/data/783325/000010781507000061/0000107815-07-000061-index.htm,https://www.sec.gov/Archives/edgar/data/783325/000010781507000061/wec10q033107.htm,5.56025641025641,0.4311965811965812,1.550854700854701,0.3038461538461538,7.54017094017094,12.748717948717948,10.86025641025641,12.748717948717948,18.356410256410257,5676840000.0,9905440000.0,14.065510406342916,4.363108139266775,15.642987048773769,79.84303797468354,1.9029364440868868,1.9029364440868868,7.613127353777573,53.6880216802168,27.295232846514192,139.3170182841069,0.017773972844047,0.0125245735303443,1.4255497452400108,0.3785561687733665,22.919241192411924,0.5962286262185053,4.320843091334894,3.596630327056491,0.005143706710071,0.2893954410307235,0.0,0.0,0.039335944454335,0.8040782584734086,0.2242717700407347,3.3578826237054087,0.0,11.12146936640344,0.0106763730247161,0.0093494315286181,-25.50715811965812,-758000000.0,2541300000.0,-7131500000.0,6961700000.0,446500000.0,371800000.0,341050000.0,35.53377910998386,132.9803921568627,103.88235294117646,2.5328012458633444,0.6767915069301091,0.8663646659116648,0.0338227406811477,1.247008547008547,2007-05-01,0.4,bmo,1210325581.0,2025-04-25,2007-03-31,0.0749999999999999,23.84409836065574,842844.3606557377
2006-12-31,WEC,USD,783325,2007-02-28,2007-02-27 18:36:13,2006,Q4,1095200000.0,218200000.0,877000000.0,0.8007669832,0,0.0,0.0,0.0,738400000.0,738400000.0,956600000.0,0.0,0.0,64500000.0,203400000.0,0.1857195033,138600000.0,0.1265522279,-25200000.0,113400000.0,0.1035427319,35800000.0,77000000.0,0.0703067933,0.33,0.32,234000000,237400000,https://www.sec.gov/Archives/edgar/data/783325/000119312507041253/0001193125-07-041253-index.htm,https://www.sec.gov/Archives/edgar/data/783325/000119312507041253/d10k.htm,4.680341880341881,0.329059829059829,0.0918803418803418,-0.952136752136752,0.1581196581196581,12.476068376068376,10.587606837606838,12.476068376068376,18.29914529914529,5552820000.0,9797820000.0,18.02863636363636,5.070142439737034,258.2706976744186,-24.92289048473968,1.9020415153798729,1.9020415153798729,8.946146822498173,48.17020648967552,455.7125581395349,-43.97585278276481,0.01386682802612,-0.0401237569379162,1.46673974104268,0.3847190526675172,20.87020648967552,0.6504237288135594,0.0,0.2792207792207792,0.0048443853753588,0.3493506493506493,0.0,0.0,0.0397027906057393,11.362790697674418,0.2230642804967129,0.0,0.0,9.610977622556172,0.0090753286298124,0.0072041391053769,-32.82361111111111,-660000000.0,2477500000.0,-6982800000.0,6616000000.0,328800000.0,341550000.0,422450000.0,31.16964937910884,166.8423464711274,172.08065994500458,2.887424202478249,0.5394313967861557,0.5230105465004794,0.0263752825923134,1.044017094017094,2007-02-07,0.3,bmo,1095200000.0,2025-04-25,2006-12-31,0.0,23.164285714285715,696539.6825396825
2006-09-30,WEC,USD,783325,2006-10-27,2006-10-27 16:08:59,2006,Q3,839800000.0,229800000.0,610000000.0,0.7263634199,0,0.0,0.0,0.0,478800000.0,478800000.0,708600000.0,0.0,41500000.0,91600000.0,222800000.0,0.2653012622,131200000.0,0.1562276733,-16600000.0,114600000.0,0.1364610622,43800000.0,70800000.0,0.0843057871,0.31,0.3,234000000,236800000,https://www.sec.gov/Archives/edgar/data/783325/000010781506000164/0000107815-06-000164-index.htm,https://www.sec.gov/Archives/edgar/data/783325/000010781506000164/wec10q093006.htm,3.588888888888889,0.3025641025641025,0.5457264957264957,-0.5803418803418804,7.319658119658119,12.243589743589745,10.355128205128205,12.243589743589745,17.11025641025641,5047380000.0,8988480000.0,17.822669491525424,6.010216718266254,39.52529365700862,-37.16774668630339,1.761738219895288,1.761738219895288,10.703119790426292,40.34326750448833,70.38747063429913,-66.18910162002946,0.0140270793956468,-0.0269050477673565,1.3830017452006982,0.3729504339150242,17.68895870736086,0.6334912087199117,3.16144578313253,1.8036723163841808,0.0053294976799844,0.3799435028248588,0.0,0.0,0.041593719997741,2.063429913860611,0.3137651821862348,0.0,0.0,9.129654523363758,0.0080971287243465,0.0069532423912082,-24.03344017094017,-564900000.0,2423100000.0,-6782800000.0,6510800000.0,309900000.0,278150000.0,385300000.0,29.82495832341033,109.11227154046996,167.50652741514358,3.017606899029824,0.8248384781048098,0.5372924947393033,0.0247120418848167,1.126068376068376,2006-10-26,0.28,bmo,783813333.0,2025-04-25,2006-09-30,0.0714285714285712,20.95555555555556,631358.7301587302
2006-06-30,WEC,USD,783325,2006-08-02,2006-08-02 09:28:41,2006,Q2,814400000.0,184800000.0,629600000.0,0.7730844794,0,0.0,0.0,0.0,522500000.0,522500000.0,707300000.0,0.0,42600000.0,95700000.0,107100000.0,0.1315078585,107100000.0,0.1315078585,-14900000.0,92200000.0,0.1132121807,32500000.0,62900000.0,0.0772347741,0.27,0.27,234000000,236800000,https://www.sec.gov/Archives/edgar/data/783325/000010781506000146/0000107815-06-000146-index.htm,https://www.sec.gov/Archives/edgar/data/783325/000010781506000146/wec10q063006.htm,3.4803418803418804,0.2688034188034188,1.0294871794871794,0.1474358974358974,7.079059829059829,12.08034188034188,10.191880341880342,12.08034188034188,16.453846153846154,4715100000.0,8504600000.0,18.74046104928458,5.789661100196463,19.57285180572852,136.6695652173913,1.6679991509834442,1.6679991509834442,10.44277996070727,79.40802987861811,35.30344541303445,246.51014492753623,0.0133401200398719,0.0073169179868931,1.3469647658129331,0.3661013037960078,35.3828197945845,0.7075755405985966,2.514084507042253,3.8298887122416536,0.0057050751839833,0.4276629570747218,0.0,0.0,0.0424887504326756,0.8567870485678705,0.2534381139489194,0.0,0.0,8.547680208651666,0.0070864327409159,0.006316212280966,-23.459508547008543,-408400000.0,2384900000.0,-6585400000.0,6711400000.0,423650000.0,274650000.0,310650000.0,37.73944007858547,135.2435064935065,166.99675324675326,2.3847730600292825,0.6654663305725603,0.5389326334208224,0.0222513089005235,0.882051282051282,2006-08-01,0.23,bmo,749248000.0,2025-04-25,2006-06-30,0.0869565217391303,19.78777777777778,843488.8888888889
2006-03-31,WEC,USD,783325,2006-05-04,2006-05-04 12:38:21,2006,Q1,1247000000.0,169200000.0,1077800000.0,0.8643143545,0,0.0,0.0,0.0,886200000.0,886200000.0,1055400000.0,0.0,45200000.0,85000000.0,276600000.0,0.2218123496,191600000.0,0.153648757,-24300000.0,167300000.0,0.1341619888,62900000.0,105700000.0,0.0847634322,0.45,0.45,234000000,237000000,https://www.sec.gov/Archives/edgar/data/783325/000010781506000111/0000107815-06-000111-index.htm,https://www.sec.gov/Archives/edgar/data/783325/000010781506000111/wec10q050406.htm,5.329059829059829,0.4517094017094017,1.4517094017094017,0.535042735042735,7.441025641025641,11.918376068376068,10.02991452991453,11.918376068376068,16.65940170940171,4680000000.0,8496000000.0,11.06906338694418,3.753007217321571,13.776861937003238,37.38019169329073,1.6780809638208614,1.6780809638208614,6.813151563753007,30.715835140997832,25.01030320871357,67.8594249201278,0.02258547008547,0.0267521367521367,1.3815841371149915,0.3713688146963008,13.796095444685466,0.7709875680961028,4.238938053097345,3.2138126773888365,0.0057478632478632,0.2544938505203405,0.0,0.0,0.0425911290167126,0.6314395054459817,0.1720128307939053,2.523529411764706,0.0,11.005996400683612,0.0126846133727999,0.010640761061056,-22.76388888888889,-327900000.0,2347000000.0,-6482600000.0,6615900000.0,473800000.0,344850000.0,365000000.0,36.50521251002406,144.46808510638297,148.08510638297872,2.465401344404903,0.6229749631811488,0.6077586206896551,0.0379002474093728,0.9166666666666666,2006-05-01,0.38,bmo,1076954545.0,2025-04-25,2006-03-31,0.1578947368421052,20.207741935483877,985216.129032258
2005-12-31,WEC,USD,783325,2006-03-02,2006-03-02 09:32:01,2005,Q4,1135000000.0,191800000.0,943200000.0,0.8310132159,0,0.0,0.0,0.0,765400000.0,765400000.0,957200000.0,0.0,0.0,88600000.0,266400000.0,0.2347136564,177800000.0,0.1566519824,-37900000.0,139900000.0,0.1232599119,48900000.0,90600000.0,0.0798237885,0.39,0.38,234000000,237000000,https://www.sec.gov/Archives/edgar/data/783325/000010781506000089/0000107815-06-000089-index.htm,https://www.sec.gov/Archives/edgar/data/783325/000010781506000089/wec200510k.htm,4.85042735042735,0.3871794871794872,0.0602564102564102,-0.973931623931624,0.3128205128205128,11.583333333333334,9.694871794871794,11.583333333333334,17.022649572649573,4570020000.0,8480120000.0,12.61043046357616,4.026449339207049,324.11489361702127,-20.052742430890746,1.686043165467626,1.686043165467626,7.471471365638767,31.83228228228228,601.42695035461,-37.209828872312414,0.0198248585345359,-0.0498684907287057,1.4695812580704668,0.3807398203020455,14.677552552552552,0.8361671119747389,0.0,0.1649122807017544,0.0056236077741454,0.2836644591611479,0.0,0.0,0.0422385777098069,17.163120567375888,0.213215859030837,0.6863301191151446,0.0,10.045329952079914,0.0118405537759337,0.0090418259298809,-30.43226495726496,-269800000.0,2268600000.0,-6374500000.0,6535000000.0,364500000.0,381000000.0,477900000.0,35.03259911894273,196.18873826903024,211.90823774765383,2.569035762788592,0.4587419277684764,0.4247121346324181,0.0334255672385168,1.0341880341880345,2006-02-08,0.35,bmo,1018589743.0,2025-04-25,2005-12-31,0.1142857142857144,19.11825396825397,804590.4761904762
2005-09-30,WEC,USD,783325,2005-11-02,2005-11-02 15:19:18,2005,Q3,797300000.0,240500000.0,556800000.0,0.6983569547,0,0.0,0.0,0.0,428400000.0,428400000.0,668900000.0,0.0,0.0,77100000.0,222900000.0,0.2795685438,128400000.0,0.1610435219,-22600000.0,105800000.0,0.1326978553,40000000.0,66200000.0,0.083030227,0.28,0.28,234000000,237200000,https://www.sec.gov/Archives/edgar/data/783325/000010781505000174/0000107815-05-000174-index.htm,https://www.sec.gov/Archives/edgar/data/783325/000010781505000174/wec10q093005.htm,3.407264957264957,0.2829059829059829,0.5444444444444444,-0.2286324786324786,7.204700854700855,11.314529914529915,9.426068376068375,11.314529914529915,15.764102564102563,4670640000.0,8329640000.0,17.638368580060423,5.858070989589866,36.66122448979592,-87.30168224299065,1.7641033388729417,1.7641033388729417,10.447309670136711,37.36940331987439,65.3817896389325,-155.69420560747665,0.0141736464381754,-0.0114545329976191,1.3932618220274966,0.3688763112368876,16.415432929564826,0.9820510659812928,0.0,1.7893258426966292,0.0055024579072675,0.3882175226586102,0.0,0.0,0.0441895581044189,1.4199372056514914,0.226890756302521,0.0,0.0,8.486538437328715,0.0087068315844068,0.0069259902492101,-22.218376068376067,-21300000.0,2205700000.0,-6187100000.0,6611100000.0,320450000.0,319150000.0,411700000.0,32.41941552740499,128.6943866943867,188.6819126819127,2.776114206128134,0.699331200930503,0.4769932566441888,0.0250037770055899,0.7730769230769231,2005-10-26,0.27,bmo,768825000.0,2025-04-25,2005-09-30,0.037037037037037,19.57609375,706109.375
2005-06-30,WEC,USD,783325,2005-08-02,2005-08-02 14:50:22,2005,Q2,792900000.0,186400000.0,606500000.0,0.7649136083,0,0.0,0.0,0.0,516800000.0,516800000.0,703200000.0,0.0,0.0,89000000.0,185300000.0,0.2336990793,89700000.0,0.1131290201,-24900000.0,65300000.0,0.0823559087,8300000.0,62000000.0,0.0781939715,0.27,0.26,234000000,236600000,https://www.sec.gov/Archives/edgar/data/783325/000010781505000153/0000107815-05-000153-index.htm,https://www.sec.gov/Archives/edgar/data/783325/000010781505000153/wec10q205.htm,3.3884615384615384,0.2649572649572649,0.25,-0.4055555555555555,3.83974358974359,11.151709401709402,9.263247863247864,11.151709401709402,15.34017094017094,4563000000.0,8132000000.0,18.399193548387096,5.754824063564132,78.0,-48.08219178082192,1.7486108449894615,1.7486108449894615,10.25602219699836,43.88559093362115,139.008547008547,-85.69020021074816,0.0135875520490905,-0.0207977207977207,1.375589193332056,0.373112143607014,19.260658391797087,0.8976027397260274,0.0,1.0263157894736843,0.0056541748849441,0.4161290322580645,0.0,0.0,0.0459322086750444,2.6222222222222222,0.1934670198007315,0.0,0.0,8.15360929344733,0.0088975706529305,0.006754695602911,-24.306944444444444,-119600000.0,2167600000.0,-5962800000.0,6375600000.0,409800000.0,276750000.0,264350000.0,40.14755959137344,142.1459227467811,154.12017167381975,2.241730279898219,0.6331521739130435,0.5839598997493735,0.0237593408698984,0.6555555555555556,2005-07-27,0.12,bmo,556588235.0,2025-04-25,2005-06-30,0.4166666666666668,18.0365625,931778.125
2005-03-31,WEC,USD,783325,2005-05-02,2005-05-02 17:02:12,2005,Q1,1099100000.0,158000000.0,941100000.0,0.8562460195,0,0.0,0.0,0.0,774800000.0,774800000.0,932800000.0,0.0,42400000.0,95300000.0,254900000.0,0.231917023,166300000.0,0.1513056137,-24700000.0,142000000.0,0.1291966154,52100000.0,89900000.0,0.0817941953,0.39,0.38,234000000,236600000,https://www.sec.gov/Archives/edgar/data/783325/000010781505000110/0000107815-05-000110-index.htm,https://www.sec.gov/Archives/edgar/data/783325/000010781505000110/wec10-q050205.htm,4.697008547008547,0.3841880341880342,1.6106837606837607,0.8893162393162393,3.7123931623931625,11.015811965811968,9.127350427350429,11.015811965811968,15.076068376068376,4153500000.0,7620400000.0,11.550333704115683,3.779001000818852,11.020164499867338,19.959154252763096,1.6113201691430343,1.6113201691430343,6.933309071058138,29.895645351118084,20.21862563014062,36.61893320518981,0.0216443962922836,0.0501023233417599,1.3521356247817822,0.3672708113804004,13.601020007846214,1.277406582529077,3.922169811320755,4.192436040044494,0.0061875526664259,0.28587319243604,0.0,0.0,0.0465648050579557,0.4478641549482621,0.153580201983441,1.9073446327683616,0.0,9.758238608628726,0.0117811155991191,0.009935787623921,-23.886431623931625,224200000.0,2135800000.0,-5879900000.0,6640400000.0,407600000.0,284400000.0,309500000.0,38.15030479483214,147.58860759493672,119.33544303797468,2.3590899334621165,0.6098031648012351,0.7541766109785203,0.0348760522946813,0.7213675213675214,2005-04-28,0.36,bmo,1037084210.0,2025-04-25,2005-03-31,0.0555555555555556,17.336885245901637,852481.9672131147
2004-12-31,WEC,USD,783325,2005-03-04,2005-03-04 15:14:37,2004,Q4,952200000.0,-461200000.0,1413400000.0,1.4843520269,0,0.0,0.0,0.0,1261800000.0,1261800000.0,800600000.0,0.0,0.0,95600000.0,247200000.0,0.2596093258,151600000.0,0.1592102499,-15200000.0,136400000.0,0.143247217,51300000.0,92600000.0,0.0972484772,0.4,0.39,234000000,236600000,https://www.sec.gov/Archives/edgar/data/783325/000119312505042628/0001193125-05-042628-index.htm,https://www.sec.gov/Archives/edgar/data/783325/000119312505042628/d10k.htm,4.069230769230769,0.3957264957264957,0.0559829059829059,-0.8888888888888888,0.1521367521367521,10.781196581196582,8.892735042735042,10.781196581196582,15.72008547008547,3945240000.0,7588140000.0,10.651295896328294,4.143289224952741,301.16335877862593,-18.9675,1.5638338354209609,1.5638338354209609,7.969061121613106,30.69635922330097,579.2473282442749,-36.48144230769231,0.0234713224037067,-0.0527217609068142,1.4581021087680357,0.3845631128860267,14.736650485436892,1.185509875050383,0.0,-0.1430131004366812,0.0062353621072482,0.265658747300216,0.0,0.0,0.0461977544065067,16.87786259541985,0.2321991178323881,0.0,0.0,9.7976586852853,0.0104952601484107,0.0101496136351181,-27.949893162393163,184100000.0,2080900000.0,-5866100000.0,6529100000.0,315500000.0,272850000.0,418150000.0,33.01512287334594,-60.43581960104077,-79.91110147441458,2.726023475522473,-1.4891830804003874,-1.1262515262515262,0.0367052481369906,0.9448717948717948,2005-02-10,0.39,bmo,922252500.0,2025-04-25,2004-12-31,0.0256410256410256,16.627031249999998,910112.5
2004-09-30,WEC,USD,783325,2004-11-03,2004-11-03 14:52:09,2004,Q3,696600000.0,242400000.0,454200000.0,0.6520241171,0,0.0,0.0,0.0,504000000.0,504000000.0,746400000.0,0.0,0.0,98500000.0,51800000.0,0.0743611829,-49800000.0,-0.0714900947,101000000.0,-99100000.0,-0.1422624175,-32900000.0,84400000.0,0.1211599196,0.36,0.36,234800000,237400000,https://www.sec.gov/Archives/edgar/data/783325/000010781504000233/0000107815-04-000233-index.htm,https://www.sec.gov/Archives/edgar/data/783325/000010781504000233/wec10-q110304.htm,2.966780238500852,0.3594548551959114,0.3901192504258944,-0.2947189097103918,6.178875638841567,10.48679727427598,8.604770017035776,10.48679727427598,14.69420783645656,3745060000.0,7147560000.0,11.09318720379147,5.376198679299455,40.88493449781659,-54.11936416184971,1.5209600779758763,1.5209600779758763,10.260637381567614,137.9837837837838,78.03013100436681,-103.28843930635838,0.0225363545577373,-0.0184776745899932,1.4012102505787272,0.3828238557558946,65.68532818532819,1.0146486375742676,0.0,1.085308056872038,0.0065953549475842,0.2926540284360189,0.0,0.0,0.0490319001386962,1.755458515283843,0.2308354866494401,0.0,0.0,9.209474979775417,-0.0041248608837253,0.0098476186031316,-19.909390971039183,14300000.0,2020400000.0,-5559700000.0,6258400000.0,305450000.0,231950000.0,369800000.0,36.395348837209305,87.62376237623762,158.46534653465346,2.472843450479233,1.0271186440677966,0.5679475164011246,0.0342768955854282,0.6848381601362862,2004-11-02,0.22,bmo,660382608.0,2025-04-25,2004-09-30,0.0454545454545455,16.03078125,730359.375
2004-06-30,WEC,USD,783325,2004-08-06,2004-08-06 16:50:58,2004,Q2,716400000.0,281600000.0,434800000.0,0.6069235064,0,0.0,0.0,0.0,361400000.0,361400000.0,643000000.0,0.0,0.0,93800000.0,166800000.0,0.2328308208,73400000.0,0.1024567281,-40500000.0,33000000.0,0.0460636516,12100000.0,38600000.0,0.0538805137,0.17,0.16,236000000,239000000,https://www.sec.gov/Archives/edgar/data/783325/000010781504000189/0000107815-04-000189-index.htm,https://www.sec.gov/Archives/edgar/data/783325/000010781504000189/wec10q204.htm,3.035593220338983,0.1635593220338983,0.4588983050847458,-0.0516949152542372,6.71228813559322,10.292796610169493,8.420338983050847,10.292796610169493,17.56271186440678,3849159999.999999,7972560000.0,24.929792746113986,5.3729201563372415,35.54164358264081,-315.50491803278686,1.5846033510353628,1.5846033510353628,11.128643216080402,47.79712230215827,73.61551246537397,-653.4885245901639,0.0100281619885897,-0.0031695227010568,1.7063109793750773,0.417469078602796,24.72062350119904,1.2623848310855923,0.0,2.805699481865285,0.0064429641791975,0.6424870466321243,0.0,0.0,0.0445086821642963,1.1126500461680515,0.1682021217197096,0.0,0.0,6.1545400962478825,0.0054059292337271,0.0040689400727349,-23.355508474576272,393000000.0,1987200000.0,-5608500000.0,6722700000.0,387650000.0,221150000.0,269950000.0,41.35678391959799,72.83735795454545,99.9715909090909,2.176184690157959,1.2356296621325142,0.9002557544757033,0.0158906590918447,0.510593220338983,2004-08-05,0.13,bmo,572650000.0,2025-04-25,2004-06-30,0.2307692307692307,15.662419354838711,925554.8387096776
2004-03-31,WEC,USD,783325,2004-05-07,2004-05-07 11:45:38,2004,Q1,1065900000.0,144300000.0,921600000.0,0.8646214467,0,0.0,0.0,0.0,739900000.0,739900000.0,884200000.0,0.0,0.0,96300000.0,277800000.0,0.2606248241,181700000.0,0.1704662726,-49500000.0,132200000.0,0.1240266442,49800000.0,90800000.0,0.0851862276,0.39,0.38,237000000,240400000,https://www.sec.gov/Archives/edgar/data/783325/000010781504000138/0000107815-04-000138-index.htm,https://www.sec.gov/Archives/edgar/data/783325/000010781504000138/wec10q104.htm,4.49746835443038,0.3831223628691983,1.6274261603375528,1.060337552742616,0.0751054852320675,10.30675105485232,8.442194092827004,10.30675105485232,17.314345991561183,3808590000.0,7894290000.0,10.486205947136565,3.5731213059386437,9.874487943997924,15.155551134102666,1.559172227453228,1.559172227453228,7.40622009569378,28.417170626349893,20.467435830956703,31.41380819737366,0.0238408439868822,0.0659824239416687,1.679903385597904,0.4123333232850008,14.707343412526996,1.2693480376256894,0.0,4.247797356828194,0.0062227753578095,0.2610132158590308,0.0,0.0,0.0444035812256956,0.3484573502722323,0.1260906276386152,1.5,0.0,9.42585823131727,0.0132056823786457,0.0095478443743427,-29.718459915611813,415200000.0,2000800000.0,-5552500000.0,6700300000.0,459800000.0,231550000.0,370950000.0,37.66676048409794,133.72141372141374,141.64241164241164,2.3893745796906525,0.6730410447761194,0.6354029062087186,0.0371719818233921,0.5670886075949367,2004-05-03,0.38,bmo,1065000000.0,2025-04-25,2004-03-31,0.0,16.445967741935483,929451.6129032258
2003-12-31,WEC,USD,783325,2004-03-02,2004-03-01 19:39:27,2003,Q4,1032300000.0,-490500000.0,1522800000.0,1.4751525719,0,0.0,0.0,0.0,1371400000.0,1371400000.0,880900000.0,0.0,221200000.0,96000000.0,247400000.0,0.2396590139,151400000.0,0.1466627918,-40600000.0,110800000.0,0.1073331396,38700000.0,72100000.0,0.0698440376,0.3,0.3,237000000,240400000,https://www.sec.gov/Archives/edgar/data/783325/000010781504000107/0000107815-04-000107-index.htm,https://www.sec.gov/Archives/edgar/data/783325/000010781504000107/wec10-k03.htm,4.355696202531646,0.3042194092827004,0.3232067510548523,-0.340506329113924,0.2257383966244725,10.080168776371307,6.553164556962026,10.080168776371307,19.29367088607595,3965010000.0,8262910000.0,13.748300970873789,3.840947399011915,51.76253263707572,-49.13271375464684,1.6596944328170784,1.6596944328170784,8.004368885014046,33.398989490703315,107.87088772845954,-102.390458488228,0.0181840651095457,-0.0203530382016691,1.8214315613227288,0.4340245568887958,17.37227162489895,1.03450760031698,0.6844484629294756,1.0624133148404993,0.0059772863120143,0.3287101248266297,0.0,0.0,0.083375724388322,2.053524804177546,0.1523781846362491,0.4102764736567553,0.0,8.306510536253837,0.0104868024268646,0.0078456549652876,-29.412130801687763,47900000.0,1553100000.0,-6200700000.0,6809900000.0,460800000.0,277500000.0,528700000.0,41.28160418483,-45.63302752293578,-94.45871559633028,2.180147835269272,-1.9722557297949337,-0.9527972027972028,0.0301799916282963,0.6637130801687764,2004-02-11,0.31,bmo,826246875.0,2025-04-25,2003-12-31,0.032258064516129,16.05359375,897987.5
2003-09-30,WEC,USD,783325,2003-10-31,2003-10-31 16:12:34,2003,Q3,878500000.0,245000000.0,633500000.0,0.7211155378,0,0.0,0.0,0.0,538500000.0,538500000.0,783500000.0,0.0,0.0,84000000.0,177400000.0,0.2019351167,95000000.0,0.1081388731,-28900000.0,50100000.0,0.0570290268,19200000.0,30900000.0,0.0351735913,0.13,0.13,234800000,237600000,https://www.sec.gov/Archives/edgar/data/783325/000010781503000081/0000107815-03-000081-index.htm,https://www.sec.gov/Archives/edgar/data/783325/000010781503000081/wec10q-093003.htm,3.741482112436116,0.1316013628620102,0.5694207836456558,-0.1767461669505962,0.133304940374787,9.846678023850084,6.289608177172061,9.846678023850084,18.19293015332197,3590092000.0,7830492000.0,29.04605177993528,4.086615822424587,26.851847419596112,-86.50824096385543,1.5528079584775083,1.5528079584775083,8.913479795105292,44.14031567080045,58.56762902019447,-188.68655421686748,0.0086070217699156,-0.0115595923447087,1.847621107266436,0.4580322103321824,23.90304396843292,0.871979538264791,0.0,4.326860841423948,0.0065179388160526,0.7572815533980582,0.0,0.0,0.0895541592502841,1.3103964098728496,0.1994308480364257,0.0,0.0,5.399658838394027,0.0067425563142989,0.0036391473324696,-27.153002555366268,-190200000.0,1476800000.0,-5718700000.0,5907800000.0,482550000.0,311650000.0,496100000.0,45.90665907797381,112.5183673469388,199.32244897959183,1.960499888417764,0.7998694090760692,0.451529671949871,0.0133650519031141,0.7461669505962522,2003-10-23,0.21,bmo,608825000.0,2025-04-25,2003-09-30,0.1428571428571428,14.3428125,877962.5
2003-06-30,WEC,USD,783325,2003-08-01,2003-07-31 19:07:42,2003,Q2,914300000.0,282100000.0,632200000.0,0.691457946,0,0.0,0.0,0.0,515900000.0,515900000.0,798000000.0,0.0,0.0,110900000.0,190800000.0,0.2086842393,116300000.0,0.1272011375,-18400000.0,74200000.0,0.081154982,24900000.0,49300000.0,0.0539210325,0.21,0.21,233400000,235800000,https://www.sec.gov/Archives/edgar/data/783325/000010781503000054/0000107815-03-000054-index.htm,https://www.sec.gov/Archives/edgar/data/783325/000010781503000054/wec10q-63003.htm,3.9173093401885177,0.2112253641816623,0.6572407883461868,-0.1465295629820051,0.1636675235646958,9.817480719794345,6.239074550128534,9.817480719794345,17.212082262210796,3384300000.0,7363400000.0,17.16176470588235,3.701520288745488,22.061929595827905,-98.9561403508772,1.4769573186698088,1.4769573186698088,8.05359291261074,38.592243186582806,48.0013037809648,-215.30409356725147,0.014567266495287,-0.0101054871022072,1.7532076459806232,0.4355504960156123,20.85482180293501,0.9824656264483238,0.0,3.1115618661257605,0.0069142806488786,0.4746450304259635,0.0,0.0,0.0905513091559603,1.2229465449804433,0.2051842939954063,0.0,0.0,6.830685994734548,0.0090105883398295,0.0058772337660789,-26.912382176520996,-22700000.0,1456200000.0,-5660200000.0,5791300000.0,577100000.0,336200000.0,411550000.0,50.89139232199497,101.1343495214463,143.43849698688408,1.7684719535783366,0.8899053627760253,0.6274466192170819,0.0215152308632277,0.803770351328192,2003-07-31,0.17,bmo,573304761.0,2025-04-25,2003-06-30,0.2352941176470586,13.52,847111.1111111111
2003-03-31,WEC,USD,783325,2003-05-01,2003-04-30 17:43:03,2003,Q1,1229200000.0,534200000.0,695000000.0,0.5654083957,0,0.0,0.0,0.0,506900000.0,506900000.0,1041100000.0,0.0,0.0,92500000.0,265600000.0,0.2160754963,188100000.0,0.1530263586,-27900000.0,144300000.0,0.1173934266,52300000.0,92000000.0,0.0748454279,0.4,0.4,232400000,233800000,https://www.sec.gov/Archives/edgar/data/783325/000010781503000022/0000107815-03-000022-index.htm,https://www.sec.gov/Archives/edgar/data/783325/000010781503000022/wec10-k033103.htm,5.289156626506024,0.3958691910499139,1.119621342512909,0.520223752151463,0.1312392426850258,9.661359724612735,2.426419965576592,9.661359724612735,16.907056798623064,2951480000.0,6850180000.0,8.020326086956521,2.401138952164009,11.343120676402767,24.41257237386269,1.3145147641740524,1.3145147641740524,5.572876667751383,25.791340361445783,26.326594926979247,56.659884201819686,0.0311708024448751,0.0409625001694065,1.749966596891284,0.4294958681299462,14.678840361445785,0.9344957264957264,0.0,2.8282608695652174,0.0078604632252293,0.2521739130434782,0.0,0.0,0.1837917012810983,0.5353574173712529,0.1133257403189066,1.505945945945946,0.0,9.27654460556596,0.014285988126314,0.0123208785322083,-26.71234939759036,-95800000.0,563900000.0,-5536400000.0,6620800000.0,662750000.0,336500000.0,414300000.0,46.65473478685324,59.8764507675028,62.92587046050168,1.929064657878217,1.5030951041080474,1.4302543507362784,0.0409744800249409,0.5993975903614458,2003-04-30,0.36,bmo,946259999.0,2025-04-25,2003-03-31,0.1111111111111112,12.12983606557377,857111.475409836
2002-12-31,WEC,USD,783325,2003-02-28,2003-02-28 14:48:53,2002,Q4,1009500000.0,130600000.0,878900000.0,0.8706290243,0,0.0,0.0,0.0,704500000.0,704500000.0,835100000.0,0.0,245000000.0,118600000.0,293000000.0,0.2902426944,174400000.0,0.1727587915,-57000000.0,117400000.0,0.1162951956,43700000.0,73700000.0,0.0730064388,0.32,0.32,232400000,233800000,https://www.sec.gov/Archives/edgar/data/783325/000010781503000006/0000107815-03-000006-index.htm,https://www.sec.gov/Archives/edgar/data/783325/000010781503000006/wec10-k02.htm,4.343803786574871,0.3171256454388984,0.2994836488812392,-0.403184165232358,0.1876075731497418,9.336488812392426,5.751721170395869,9.336488812392426,18.368760757314973,2928240000.0,6908540000.0,9.932971506105837,2.9006835066864785,42.07241379310345,-31.251227321237995,1.349543736749931,1.349543736749931,6.843526498266469,23.57863481228669,99.26063218390804,-73.73041622198505,0.0251687020189601,-0.0319987432724093,1.8545027191446213,0.4810457985152243,13.584641638225255,0.8239744141706132,0.7118367346938775,0.9443690637720488,0.007922847854001,0.3147896879240163,0.0,0.0,0.0995947351432772,2.346264367816092,0.1617632491332342,0.0,0.0,8.16204024231488,0.0141589666684497,0.0097851775140072,-23.269040447504302,-286200000.0,1336700000.0,-4855400000.0,4945700000.0,563700000.0,296800000.0,447350000.0,61.36404160475483,218.8667687595712,313.62174578866774,1.466656980967601,0.4112090680100755,0.2869698967259942,0.033966264171813,0.7026678141135972,2003-02-10,0.35,bmo,1104140625.0,2025-04-25,2002-12-31,-0.0857142857142856,11.6996875,1326924.9375
2002-09-30,WEC,USD,783325,2002-10-25,2002-10-25 13:41:08,2002,Q3,869800000.0,173000000.0,696800000.0,0.801103702,0,0.0,0.0,0.0,559800000.0,559800000.0,732800000.0,0.0,0.0,76700000.0,213100000.0,0.2449988503,137000000.0,0.157507473,-52200000.0,84800000.0,0.0974936767,32700000.0,52100000.0,0.0598988273,0.23,0.23,230600000,232200000,https://www.sec.gov/Archives/edgar/data/783325/000010781502000040/0000107815-02-000040-index.htm,https://www.sec.gov/Archives/edgar/data/783325/000010781502000040/wec2002q3.htm,3.771899392888118,0.2259323503902862,0.852558542931483,0.2974848222029488,0.1582827406764961,9.106244579358195,5.497398091934085,9.106244579358195,17.8642671292281,2801790000.0,6884790000.0,13.44428982725528,3.221188779029662,14.25122075279756,40.84241982507289,1.3342492499642842,1.3342492499642842,7.9153713497355715,32.30778977006101,35.019277721261446,100.36137026239066,0.0185952551761552,0.0244843475064155,1.961760083813515,0.4985779122541603,19.160018770530268,0.878558641797078,0.0,3.7735124760076775,0.0082090377936961,0.4414587332053742,0.0,0.0,0.1007201210287443,0.6510681586978637,0.1471602667279834,0.0,0.0,6.803777842013362,0.0110560731589021,0.0070118299395717,-24.184627059843887,-210300000.0,1267700000.0,-4641200000.0,4926800000.0,462350000.0,277850000.0,419200000.0,45.43458266268108,143.58381502890174,228.6936416184971,1.9808699612844456,0.6268115942028986,0.3935395814376706,0.0248107052716796,0.5550737207285342,2002-10-25,0.24,bmo,835008000.0,2025-04-25,2002-09-30,0.0416666666666667,12.29828125,924400.0
2002-06-30,WEC,USD,783325,2002-08-07,2002-08-07 14:11:50,2002,Q2,870900000.0,240700000.0,630200000.0,0.7236192445,0,0.0,0.0,0.0,517900000.0,517900000.0,758600000.0,0.0,0.0,104700000.0,217000000.0,0.2491675278,112300000.0,0.1289470663,-41100000.0,71200000.0,0.0817545068,25800000.0,45400000.0,0.0521299805,0.2,0.2,230600000,232800000,https://www.sec.gov/Archives/edgar/data/783325/000010781502000028/0000107815-02-000028-index.htm,https://www.sec.gov/Archives/edgar/data/783325/000010781502000028/wec2002q2.htm,3.776669557675629,0.1968777103209019,0.4284475281873374,-0.1834345186470078,0.2103209019947962,9.694709453599309,6.085429314830876,8.82740676496097,17.97311361665221,2937844000.0,7033944000.0,16.177555066079297,3.3733425192329776,29.73526315789473,-69.4525768321513,1.443232462173315,1.443232462173315,8.07663796073028,32.41448847926267,71.19376518218624,-166.28709219858155,0.0154535094443408,-0.0143983138655422,2.0360581646688938,0.5030464862240563,18.87603686635945,0.90214431586113,0.0,2.176211453744493,0.0078629089904024,0.5088105726872246,0.0,0.0,0.101019541206457,1.4281376518218625,0.1620163049718681,1.7951653944020356,0.0,6.253254490185652,0.009418630548609,0.0061295853754033,-23.379444926279277,-172500000.0,1403300000.0,-4413100000.0,4901200000.0,511600000.0,267350000.0,375300000.0,50.18256975542543,104.58246780224346,149.11508101371,1.7934514003294892,0.8605648909545942,0.6035606820461384,0.0223030064845745,0.6118820468343452,2002-07-26,0.15,bmo,687552631.0,2025-04-25,2002-06-30,0.2666666666666667,12.71265625,609671.875
2002-03-31,WEC,USD,783325,2002-05-14,2002-05-14 10:25:39,2002,Q1,986000000.0,348100000.0,637900000.0,0.6469574037,0,0.0,0.0,0.0,603600000.0,603600000.0,951700000.0,0.0,0.0,89100000.0,123400000.0,0.1251521298,34300000.0,0.0347870183,-7200000.0,-700000.0,-0.0007099391,3500000.0,-4200000.0,-0.0042596349,-0.0182,-0.0181,230200000,232000000,https://www.sec.gov/Archives/edgar/data/783325/000010781502000013/0000107815-02-000013-index.htm,https://www.sec.gov/Archives/edgar/data/783325/000010781502000013/wec2002q1.htm,4.283231972198089,-0.0182450043440486,1.5043440486533448,0.9639443961772372,0.1411815812337098,9.619461337966984,6.005212858384014,8.750651607298002,17.649435273675063,2877500000.0,6907900000.0,-171.2797619047619,2.9183569979716024,8.309269419578401,12.967552951780082,1.4284650516282764,1.4284650516282764,7.005983772819473,55.97974068071313,19.947733179324285,31.13068949977467,-0.0014596003475238,0.0771155516941789,2.016928117553614,0.4985459230627646,32.6612641815235,0.8869535323440096,0.0,-82.45238095238095,0.0080278019113814,-5.5,0.0,0.0,0.1020921528928155,0.3592261045336413,0.1261663286004057,1.3961840628507296,0.0,,0.0275860220098387,-0.0005739665186197,-23.125543006081667,-197300000.0,1382400000.0,-4387100000.0,4814600000.0,633400000.0,282400000.0,391400000.0,49.0709939148073,65.92933065211146,90.9566216604424,1.834077380952381,1.3650980392156862,0.9894826606026152,-0.0020849880857823,0.5403996524761078,2002-04-30,0.33,bmo,957000000.0,2025-04-25,2002-03-31,0.0303030303030303,11.815833333333334,531433.3333333334
2001-12-31,WEC,USD,783325,2002-03-26,2002-03-26 00:00:00,2001,Q4,892300000.0,135100000.0,757200000.0,0.8485935224,0,0.0,0.0,0.0,590300000.0,590300000.0,725400000.0,0.0,243500000.0,97600000.0,264500000.0,0.2964249692,166900000.0,0.1870447159,-97600000.0,69300000.0,0.0776644626,32100000.0,37200000.0,0.0416900146,0.16,0.16,230200000,232000000,https://www.sec.gov/Archives/edgar/data/783325/000010781502000008/0000107815-02-000008-index.htm,https://www.sec.gov/Archives/edgar/data/783325/000010781502000008/wec10-k123101.htm,3.8761946133796696,0.1615986099044309,0.5612510860121633,-0.4978279756733275,0.2041702867072111,9.06385751520417,5.449174630755865,9.06385751520417,19.615551694178976,2596656000.0,6821656000.0,17.45064516129032,2.910070604056932,20.09795665634675,-22.658429319371727,1.2445032350826744,1.2445032350826744,7.645025215734618,25.790759924385632,52.79919504643963,-59.52579406631763,0.0143261178993289,-0.0441336857866425,2.04744787922358,0.5129251864036404,15.973534971644613,1.0670773442847366,0.6854209445585215,3.4731182795698925,0.0089345681522696,0.6236559139784946,0.0,0.0,0.0999075485970199,1.886996904024768,0.273226493331839,0.0,0.0,5.740723162951556,0.0115507834910127,0.0049622495531307,-23.600347523892268,107800000.0,1254400000.0,-4527300000.0,5127900000.0,630400000.0,271850000.0,426800000.0,73.54925473495462,206.38045891931904,287.12065136935604,1.2236697750959955,0.4360877985797288,0.3134570765661253,0.0178289000718907,1.0590790616854908,2002-02-06,0.27,bmo,884200000.0,2025-04-25,2001-12-31,0.0,11.1175,620490.625
2001-09-30,WEC,USD,783325,2001-11-13,2001-11-13 00:00:00,2001,Q3,822000000.0,181200000.0,640800000.0,0.7795620438,0,0.0,0.0,0.0,490300000.0,490300000.0,671500000.0,0.0,0.0,102400000.0,252900000.0,0.3076642336,150500000.0,0.1830900243,-68600000.0,81900000.0,0.0996350365,34000000.0,47900000.0,0.0582725061,0.21,0.21,235600000,235600000,https://www.sec.gov/Archives/edgar/data/783325/000010781501500021/0000107815-01-500021-index.htm,https://www.sec.gov/Archives/edgar/data/783325/000010781501500021/wec2001q3.htm,3.488964346349745,0.2033106960950764,0.6833616298811545,-0.0492359932088285,0.3064516129032258,8.883701188455008,5.329796264855688,8.883701188455008,17.49660441426146,2662280000.0,6712280000.0,13.89498956158664,3.2387834549878347,16.535900621118014,-229.50689655172417,1.2719923554706165,1.2719923554706165,8.165790754257907,26.541241597469355,41.6911801242236,-578.6448275862069,0.0179920969995642,-0.0043571675406042,1.9695174390826564,0.506437662784412,16.01423487544484,1.3639792155548105,0.0,3.361169102296451,0.008827020448638,0.4906054279749478,0.0,0.0,0.1028674627745835,1.072049689440994,0.2099756690997566,0.0,0.0,6.374826125614919,0.0116222839534386,0.0065595771195376,-22.76910016977929,434300000.0,1255700000.0,-4419100000.0,5348400000.0,562850000.0,252900000.0,380300000.0,58.20437956204379,116.17549668874172,209.90066225165563,1.54627539503386,0.774690038477982,0.4287742546142924,0.0228858098423315,0.732597623089983,2001-10-25,0.24,bmo,733244444.0,2025-04-25,2001-09-30,0.1250000000000001,11.561694915254238,713108.4745762711
2001-06-30,WEC,USD,783325,2001-08-14,2001-08-14 00:00:00,2001,Q2,859200000.0,163300000.0,695900000.0,0.8099394786,0,0.0,0.0,0.0,592200000.0,592200000.0,755500000.0,0.0,0.0,103700000.0,207400000.0,0.2413873371,103700000.0,0.1206936685,-27000000.0,76700000.0,0.0892690875,30600000.0,46100000.0,0.0536545624,0.2,0.2,237000000,237000000,https://www.sec.gov/Archives/edgar/data/783325/000010781501500008/0000107815-01-500008-index.htm,https://www.sec.gov/Archives/edgar/data/783325/000010781501500008/wec10q2.txt,3.6253164556962014,0.1945147679324894,0.6388185654008439,0.0852320675105485,0.2953586497890295,8.81181434599156,5.369198312236287,8.81181434599156,17.230801687763712,2817930000.0,6831630000.0,15.281616052060738,3.279713687150838,18.61248348745046,139.50148514851486,1.3493248419842945,1.3493248419842945,7.951152234636871,32.9393924783028,45.12305151915456,338.19950495049505,0.0163595263189646,0.0071683824651428,1.955420417544532,0.5017323569884018,19.352459016393443,1.3016129032258064,0.0,3.284164859002169,0.0083394548480622,0.5097613882863341,0.0,0.0,0.1002432671515628,0.8665785997357992,0.1527001862197393,0.0,0.0,6.210123228079409,0.0082066890067993,0.0062949763084948,-22.64229957805907,374000000.0,1272500000.0,-4436800000.0,5145000000.0,706900000.0,296750000.0,310700000.0,62.231145251396654,149.85303123086345,186.28291488058787,1.446221174886383,0.6005884516366311,0.4831360946745562,0.0220743152652748,0.5535864978902953,2001-07-26,0.13,bmo,862200000.0,2025-04-25,2001-06-30,0.0,11.19936507936508,619003.1746031746
2001-03-31,WEC,USD,783325,2001-05-15,2001-05-15 00:00:00,2001,Q1,1355000000.0,180500000.0,1174500000.0,0.8667896679,0,0.0,0.0,0.0,990700000.0,990700000.0,1171200000.0,0.0,0.0,106100000.0,289900000.0,0.2139483395,183800000.0,0.1356457565,-52800000.0,131000000.0,0.0966789668,53700000.0,87800000.0,0.064797048,0.37,0.37,237400000,237400000,https://www.sec.gov/Archives/edgar/data/783325/000095013101501499/0000950131-01-501499-index.htm,https://www.sec.gov/Archives/edgar/data/783325/000095013101501499/d10q.txt,5.7076663858466725,0.3698399326032013,0.481044650379107,-0.0450716090985678,0.2489469250210615,8.732097725358045,5.273378264532434,8.732097725358045,17.902695871946083,2561546000.0,6752546000.0,7.293695899772208,1.890439852398524,22.430350262697026,-239.39682242990656,1.2356710082006752,1.2356710082006752,4.983428782287823,23.292673335632976,59.129124343257445,-631.0790654205607,0.0342761754034477,-0.0041771648840192,2.050217076700434,0.5051284184504213,14.45670921007244,1.1977925836193553,0.0,1.3006833712984054,0.0092131860993322,0.2687927107061503,0.0,0.0,0.0975885142442862,1.09369527145359,0.0921771217712177,0.0,0.0,8.524275029009635,0.013958305088076,0.0115635865556843,-23.27432603201348,293900000.0,1251900000.0,-4561100000.0,5048000000.0,811050000.0,374300000.0,332550000.0,54.4450184501845,160.3545706371191,141.30747922437675,1.6530437965109186,0.5612562189054726,0.636908962597036,0.0423540762180414,0.5261162594776748,2001-05-01,0.29,bmo,1192690909.0,2025-04-25,2001-03-31,0.1379310344827587,10.45983870967742,793048.3870967742
2000-12-31,WEC,USD,783325,2001-03-23,2001-03-23 00:00:00,2000,Q4,1120900000.0,189300000.0,931600000.0,0.8311178517,0,0.0,0.0,0.0,842700000.0,842700000.0,1032000000.0,0.0,0.0,116700000.0,205600000.0,0.1834240343,88900000.0,0.0793112677,-20300000.0,68600000.0,0.0612008208,39700000.0,28900000.0,0.0257828531,0.12,0.12,237400000,237400000,https://www.sec.gov/Archives/edgar/data/783325/000010781501000007/0000107815-01-000007-index.htm,https://www.sec.gov/Archives/edgar/data/783325/000010781501000007/0000107815-01-000007-0001.txt,4.721566975568661,0.1217354675652906,0.1592249368155012,-0.468407750631845,0.170598146588037,8.623420387531592,5.1402695871946085,8.623420387531592,17.582982308340355,2677872000.0,6811572000.0,23.164982698961936,2.389037380676242,70.8431746031746,-24.08158273381295,1.308065650644783,1.308065650644783,6.076877509144437,33.1302140077821,180.20031746031745,-61.255143884892085,0.0107921513799016,-0.0415255098077876,2.0389800703399765,0.4965679684990661,20.105544747081712,0.8437542445782586,0.0,1.3079584775086506,0.0090370264150041,0.8373702422145328,0.0,0.0,0.0983690415293655,3.941798941798942,0.1329288964225176,0.0,0.0,4.860037298209234,0.004902805484602,0.0038130673421997,-23.276116259477675,-345100000.0,1220300000.0,-4495300000.0,4634200000.0,712000000.0,359850000.0,403800000.0,64.42679989294318,203.01109350237715,181.4738510301109,1.3969341974077767,0.4433255269320843,0.4959392192821588,0.014116842516608,0.6276326874473462,2001-02-06,0.22,bmo,1027766666.0,2025-04-25,2000-12-31,0.0909090909090908,10.05873015873016,953777.7777777778
2000-09-30,WEC,USD,783325,2000-11-14,2000-11-14 00:00:00,2000,Q3,850800000.0,169500000.0,681300000.0,0.8007757405,0,0.0,0.0,0.0,546600000.0,546600000.0,716100000.0,0.0,0.0,108300000.0,256400000.0,0.3013634227,134700000.0,0.1583215797,-55600000.0,79100000.0,0.0929713211,34500000.0,44600000.0,0.0524212506,0.19,0.18,243800000,245600000,https://www.sec.gov/Archives/edgar/data/783325/000010781500000017/0000107815-00-000017-index.htm,https://www.sec.gov/Archives/edgar/data/783325/000010781500000017/0000107815-00-000017-0001.txt,3.48974569319114,0.1829368334700574,0.4807219031993437,-0.1714520098441345,0.189909762100082,9.46267432321575,9.46267432321575,8.642329778506973,17.878999179655455,2430686000.0,6743286000.0,13.624921524663678,2.8569417019275978,20.73964163822525,-58.15038277511962,1.15362411010916,1.15362411010916,7.925818053596615,26.299867394695788,57.53656996587031,-161.32263157894738,0.0183487295356125,-0.0171967913584889,2.068770764119601,0.5064366213547112,16.8198127925117,0.5956717696576899,0.0,2.62780269058296,0.0195829490111022,1.0672645739910314,0.0,0.0,0.0,1.3566552901023892,0.1868829337094499,0.0,0.0,5.964269442135482,0.0095048787255492,0.0051818287440455,-22.865258408531584,-1085500000.0,2307000000.0,-4700800000.0,3240400000.0,556300000.0,298850000.0,394900000.0,65.75458392101551,155.41592920353983,226.141592920354,1.3687258687258688,0.579091219678852,0.3979807466541442,0.0211675367821547,0.6521739130434783,2000-10-25,0.33,bmo,1079861538.0,2025-04-25,2000-09-30,-0.2121212121212121,10.291428571428572,973920.6349206348
2000-06-30,WEC,USD,783325,2000-08-14,2000-08-14 00:00:00,2000,Q2,755000000.0,163000000.0,592000000.0,0.7841059603,0,0.0,0.0,0.0,489900000.0,489900000.0,652900000.0,0.0,0.0,61778000.0,181600000.0,0.2405298013,102100000.0,0.1352317881,-51000000.0,50900000.0,0.0674172185,20800000.0,30100000.0,0.0398675497,0.13,0.13,241600000,243400000,https://www.sec.gov/Archives/edgar/data/783325/000010781500000013/0000107815-00-000013-index.htm,https://www.sec.gov/Archives/edgar/data/783325/000010781500000013/0000107815-00-000013-0001.txt,3.125,0.1245860927152317,0.05375,-0.6417673841059602,0.11341059602649,9.562913907284768,5.872516556291391,9.562913907284768,17.28269867549669,2394256000.0,6542356000.0,19.885847176079736,3.1712,184.3720930232558,-15.44173207525266,1.0362950138504154,1.0362950138504154,8.665372185430464,36.02618942731277,503.8007084552595,-42.194864915414925,0.0125717550671273,-0.0647595745818325,1.807262811634349,0.4964332421828558,22.84196035242291,0.5170415677437528,0.0,0.4313425895170398,0.0196182028989381,1.560498338870432,0.0,0.0,0.1060040423255261,12.939858308948098,0.2225655629139072,0.0,0.0,5.177512604554149,0.0077308808921707,0.0040029789610873,-22.860099337748345,-1200200000.0,1418800000.0,-4815700000.0,4148300000.0,428582500.0,248098000.0,279975500.0,58.52980132450332,168.40490797546013,200.92638036809817,1.5376782077393076,0.5344262295081967,0.4479252541907117,0.0130280470914127,0.6955173841059603,2000-07-28,0.19,bmo,896562500.0,2025-04-25,2000-06-30,-0.1578947368421052,10.397936507936508,706111.1111111111
2000-03-31,WEC,USD,783325,2000-05-15,2000-05-15 00:00:00,2000,Q1,627750000.0,229624000.0,398126000.0,0.6342110713,0,0.0,0.0,0.0,309527000.0,309527000.0,539151000.0,0.0,0.0,113422000.0,202021000.0,0.3218176025,88599000.0,0.1411373955,-5778000.0,82821000.0,0.1319330944,32227000.0,50594000.0,0.0805957786,0.21,0.21,239024000,239024000,https://www.sec.gov/Archives/edgar/data/783325/000010781500000009/0000107815-00-000009-index.html,https://www.sec.gov/Archives/edgar/data/783325/000010781500000009/,2.6263053082535643,0.2116691210924426,1.2258768993908562,0.6612348550773144,0.103529352700984,9.4778557801727,9.4778557801727,9.4778557801727,10.77351646696566,2383069280.0,4933452280.0,11.775454006403924,3.796207534846675,8.132953647266001,15.07785006105624,1.051925691975272,1.051925691975272,7.858944293110315,24.42049232505532,16.836916597841743,31.21430601514701,0.0212306039210072,0.0663224528663304,1.1367039884172356,0.4154763395254223,12.624345983833363,0.8258430480865244,0.0,5.79147725026683,0.0195248205289273,0.919654504486698,0.0,0.0,0.0,0.4606025650651504,0.214994822779769,0.0,0.0,6.718542368972369,0.0093213361900697,0.0081629347197554,-14.790086978713434,-144761000.0,2265435000.0,-3246132000.0,3744951000.0,371532500.0,182598000.0,213825500.0,52.49677419354839,74.93833397205866,76.84122739783297,1.7143910532137152,1.2009874683570787,1.1712462573514035,0.0223330177206585,0.5646420443135417,2000-04-26,0.24,bmo,717485714.0,2025-04-25,2000-03-31,-0.125,9.521746031746032,742568.253968254
1999-12-31,WEC,USD,783325,2000-04-14,2000-04-14 00:00:00,1999,Q4,585700000.0,152100000.0,433600000.0,0.7403107393,0,0.0,0.0,0.0,315300000.0,315300000.0,467400000.0,0.0,0.0,112600000.0,230900000.0,0.3942291275,118300000.0,0.2019805361,-61700000.0,56600000.0,0.0966365033,18900000.0,37700000.0,0.0643674236,0.16,0.16,234894539,239024000,https://www.sec.gov/Archives/edgar/data/783325/000095013100002628/0000950131-00-002628-index.html,https://www.sec.gov/Archives/edgar/data/783325/000095013100002628/,2.4934594158444865,0.1604975584383424,-0.2860858336089286,-2.1324463400998863,0.3129063805097657,9.528531440230717,9.282463565489705,9.528531440230717,11.542201072626897,2262034410.57,4899734410.57,15.000228186803716,3.862104166928462,-33.66122634776786,-4.515940128907966,1.0106489190286838,1.0106489190286838,8.365604252296396,21.220157689779125,-72.91271444300595,-9.781861470493112,0.0166664131296305,-0.2214378338629165,1.2113305334643911,0.4349681538881134,11.423559982676483,0.8968395281549076,0.0,-1.782493368700265,0.0203356764976924,1.220159151193634,0.0,0.0,0.0092730743931591,-6.453869047619048,0.7404814751579307,0.0,0.0,5.86595139021372,0.0133303440081255,0.006104966560329,-14.997900823909744,-92700000.0,2180400000.0,-3189000000.0,3811700000.0,334400000.0,164800000.0,233100000.0,57.91531500768311,102.9585798816568,137.04142011834318,1.5539931016184665,0.8741379310344828,0.6567357512953368,0.0168438924135466,1.8463605064909576,2000-01-25,0.26,bmo,698334615.0,2025-04-25,1999-12-31,-0.1923076923076923,10.5971875,697509.375
1999-09-30,WEC,USD,783325,1999-11-15,1999-11-15 00:00:00,1999,Q3,591300000.0,168400000.0,422900000.0,0.7152037883,0,0.0,0.0,0.0,288000000.0,288000000.0,456400000.0,0.0,0.0,85300000.0,220200000.0,0.3723997971,134900000.0,0.2281413834,-27700000.0,107200000.0,0.1812954507,38300000.0,68900000.0,0.1165229156,0.3,0.3,233559322,233559322,https://www.sec.gov/Archives/edgar/data/783325/000010781599000025/0000107815-99-000025-index.html,https://www.sec.gov/Archives/edgar/data/783325/000010781599000025/,2.531690856680942,0.2950000000428157,0.7068867925554262,0.1764005805771263,0.1716908563384166,8.654332367003532,8.654332367003532,8.654332367003532,10.50782293331028,2737315253.84,5151415253.84,9.93220338838897,4.629317188973449,16.579741089279228,66.43969062718448,1.354235023915302,1.354235023915302,8.712016326467106,23.394256375295186,31.201788333373717,125.03435082135924,0.025170648467817,0.0150512440765466,1.214169099094642,0.413701262579438,10.963215258855586,0.8069887725495143,0.0,2.39622641509434,0.0166951906383053,0.6632801161103048,0.0,0.0,0.0,0.7504542701393095,0.2095383054287163,0.0,0.0,7.57912469183105,0.0154694996239896,0.01161438228006,-15.133949566782867,-153000000.0,2021300000.0,-3271300000.0,3705900000.0,298900000.0,158900000.0,222250000.0,44.42922374429224,83.15914489311164,125.38004750593824,2.025693730729702,1.082262210796915,0.7178175618073316,0.0340869737297778,0.5304862119782999,1999-10-22,0.28,bmo,551880000.0,2025-04-25,1999-09-30,0.0714285714285712,12.42953125,398328.125
1999-06-30,WEC,USD,783325,1999-08-16,1999-08-16 00:00:00,1999,Q2,539000000.0,147200000.0,391800000.0,0.7269016698,0,0.0,0.0,0.0,289600000.0,289600000.0,436800000.0,0.0,0.0,76000000.0,178200000.0,0.3306122449,102200000.0,0.1896103896,-27800000.0,74400000.0,0.1380333952,25500000.0,48900000.0,0.0907235622,0.21,0.21,232857143,232857143,https://www.sec.gov/Archives/edgar/data/783325/000010781599000020/0000107815-99-000020-index.html,https://www.sec.gov/Archives/edgar/data/783325/000010781599000020/,2.314723924960292,0.2099999998711656,0.3298159507179043,-0.2340490796110128,0.152024539784034,8.513374227905905,8.513374227905905,8.513374227905905,10.234601220714968,2917700001.79,5265500001.79,14.916666675817996,5.413172545064935,37.99088543997396,-53.5357798493578,1.4718018572387006,1.4718018572387006,9.769016700909091,29.548260391638607,68.56119793997395,-96.6146789319266,0.0167597765260307,-0.0186790965371917,1.202179176755448,0.4097238936835952,13.175084175084177,0.8783576896311761,0.0,1.5705521472392638,0.0155708263262598,0.9290593047034764,0.0,0.0,0.0,1.7096354166666667,0.2435992578849721,0.0,0.0,6.34237283689449,0.0122088322567746,0.008406973145824,-14.877898763878587,-87400000.0,1982400000.0,-3203100000.0,3711600000.0,305350000.0,151050000.0,191150000.0,51.07792207792208,99.17119565217392,128.33559782608697,1.7620137299771168,0.9075215782983972,0.7012863268222963,0.0246670702179176,0.5638650303289171,1999-07-28,0.19,bmo,487666666.0,2025-04-25,1999-06-30,0.1052631578947368,13.386825396825396,500965.07936507935
1999-03-31,WEC,USD,783325,1999-05-17,1999-05-17 00:00:00,1999,Q1,536800000.0,105700000.0,431100000.0,0.8030923994,0,0.0,0.0,0.0,322800000.0,322800000.0,428500000.0,0.0,0.0,76000000.0,184300000.0,0.3433308495,108300000.0,0.2017511177,-18416000.0,85800000.0,0.1598360656,32300000.0,53511000.0,0.0996851714,0.23,0.23,231852000,231852000,https://www.sec.gov/Archives/edgar/data/783325/000010781599000013/0000107815-99-000013-index.html,https://www.sec.gov/Archives/edgar/data/783325/,2.3152700860894018,0.2307980953366803,0.6551593257767886,0.1979711195072719,0.5128271483532598,8.457119196728948,8.457119196728948,8.457119196728948,8.867294653485844,3021031560.0,4958031560.0,14.114067948646072,5.627853129657228,19.88829203423305,65.81768104575164,1.5407137698898408,1.5407137698898408,9.236273397913562,26.901961801410742,32.640102435813034,108.01811677559913,0.0177128238938357,0.0151934857641804,1.048500611995104,0.3741809842748981,10.510037981551818,1.0699078487448364,0.0,2.839252336448598,0.0149515154353435,0.8441068191586777,0.0,0.0,0.0,0.6978275181040158,0.1974664679582712,0.0,0.0,6.627024789406415,0.0131011194644912,0.0097391889924286,-13.370167175612028,44000000.0,1960800000.0,-2860200000.0,3276700000.0,312700000.0,163700000.0,185700000.0,51.10283159463488,119.120151371807,146.79280983916746,1.7611548556430443,0.7555396711937098,0.6131090487238979,0.0272903916768665,0.4571882062695168,1999-04-27,0.25,bmo,605108695.0,2025-04-25,1999-03-31,-0.0799999999999999,13.52409836065574,848072.131147541
1998-12-31,WEC,USD,783325,1999-03-31,1999-03-31 00:00:00,1998,Q4,497900000.0,104200000.0,393700000.0,0.7907210283,0,0.0,0.0,0.0,300300000.0,300300000.0,404500000.0,0.0,0.0,71000000.0,164400000.0,0.3301867845,93400000.0,0.1875878691,-18800000.0,74600000.0,0.149829283,22600000.0,52000000.0,0.1044386423,0.22,0.22,225781513,232608696,https://www.sec.gov/Archives/edgar/data/783325/000010781599000002/0000107815-99-000002-index.html,https://www.sec.gov/Archives/edgar/data/783325/,2.205229265161316,0.2303111504084924,0.2617574805604212,-0.2639720108528106,0.0735224057073264,8.564031546728097,8.564031546728097,8.564031546728097,9.5446255601981,3549285384.36,5687685384.360001,17.063872040192308,7.128510512874072,60.05559025989848,-59.55176819395973,1.8355840837608608,1.8355840837608608,11.423348833822054,34.59662642554745,96.23833137664975,-95.43096282483222,0.0146508365399804,-0.0167921126496698,1.1145014480761275,0.4019172665895781,13.007299270072991,0.8271218715995647,0.0,1.1365384615384615,0.0126786085442138,0.8653846153846154,0.0,0.0,0.0,2.008460236886633,0.2384012853986744,0.0,0.0,6.661742943658612,0.0129365651235446,0.0096982356671267,-13.6045239452355,-127100000.0,1933600000.0,-2820100000.0,3111300000.0,293150000.0,160900000.0,196950000.0,57.951395862623016,161.94817658349328,171.8809980806142,1.5530255770430443,0.5557333333333333,0.5236180904522613,0.0268928423665701,0.5257294914132319,1999-01-28,0.28,bmo,586810714.0,2025-04-25,1998-12-31,-0.1785714285714286,15.55953125,463231.25
1998-09-30,WEC,USD,783325,1998-11-16,1998-11-16 00:00:00,1998,Q3,506300000.0,129300000.0,377000000.0,0.7446178155,0,0.0,0.0,0.0,256400000.0,256400000.0,385700000.0,0.0,0.0,77500000.0,198100000.0,0.391269998,120600000.0,0.2381986964,-23200000.0,94500000.0,0.1866482323,36300000.0,58200000.0,0.1149516097,0.25,0.25,232800000,232800000,https://www.sec.gov/Archives/edgar/data/783325/000010781598000020/0000107815-98-000020-index.html,https://www.sec.gov/Archives/edgar/data/783325/,2.174828178694158,0.25,0.6280068728522337,0.1572164948453608,0.0962199312714776,8.231099656357388,8.231099656357388,8.231099656357388,8.674398625429554,3673584000.0,5670584000.0,15.78,7.255745605372309,25.127113543091653,100.3711475409836,1.917119298611836,1.917119298611836,11.200047402725655,28.62485613326603,38.786484268125854,154.93398907103824,0.0158428390367553,0.0099630224870317,1.053856591170024,0.3897703146110789,10.080767289247854,0.8687190939543787,0.0,2.5120274914089347,0.0122223964390088,0.7714776632302406,0.0,0.0,0.0,0.7496580027359782,0.216472447165712,0.0,0.0,6.804405599830915,0.0152260686977072,0.0112333526346265,-12.653243127147766,-82300000.0,1916200000.0,-2720200000.0,3181600000.0,264400000.0,139300000.0,191300000.0,47.23089077621963,93.48027842227376,135.661252900232,1.9055325555137368,0.9627699180938198,0.6634171369933299,0.0303726124621647,0.4707903780068728,1998-10-28,0.28,bmo,581952000.0,2025-04-25,1998-09-30,-0.1071428571428572,14.75140625,560346.875
1998-06-30,WEC,USD,783325,1998-08-14,1998-08-14 00:00:00,1998,Q2,464900000.0,117500000.0,347400000.0,0.7472574747,0,0.0,0.0,0.0,278900000.0,278900000.0,396400000.0,0.0,0.0,71800000.0,140300000.0,0.3017853302,68500000.0,0.1473435147,-25600000.0,42200000.0,0.0907722091,13300000.0,28900000.0,0.0621639062,0.13,0.13,231200000,231200000,https://www.sec.gov/Archives/edgar/data/783325/000010781598000018/0000107815-98-000018-index.html,https://www.sec.gov/Archives/edgar/data/783325/,2.010813148788927,0.125,0.4134948096885813,0.0116782006920415,0.0609861591695501,8.237024221453288,8.237024221453288,8.237024221453288,8.538494809688581,3511928000.0,5471928000.0,30.38,7.5541578834157885,36.73564853556485,1300.714074074074,1.844112581390464,1.844112581390464,11.770118305011833,39.0016250890948,57.237740585774056,2026.64,0.0082290980908492,0.0007688084721554,1.0365994538962402,0.3860414181512407,13.970064148253742,0.9981745162468054,0.0,3.3079584775086506,0.0125287306573483,1.5224913494809689,0.0,0.0,0.0,0.9717573221757322,0.199827919982792,0.0,0.0,4.813172615109225,0.0097433147321241,0.0056514852259616,-12.560661764705882,-1000000.0,1904400000.0,-2662500000.0,3197200000.0,272600000.0,153150000.0,179600000.0,50.93353409335341,110.52765957446807,143.77021276595744,1.7670087419232232,0.8142758142758143,0.6259989344698987,0.0151753833228313,0.4018166089965398,1998-07-29,0.14,bmo,512184615.0,2025-04-25,1998-06-30,-0.0714285714285714,15.122698412698414,465901.5873015873
1998-03-31,WEC,USD,783325,1998-05-15,1998-05-15 00:00:00,1998,Q1,510600000.0,110500000.0,400100000.0,0.7835879358,0,0.0,0.0,0.0,308000000.0,308000000.0,418500000.0,0.0,0.0,68800000.0,160900000.0,0.3151194673,92100000.0,0.1803760282,-19100000.0,73000000.0,0.142969056,24000000.0,49000000.0,0.0959655307,0.22,0.22,227906977,227906977,https://www.sec.gov/Archives/edgar/data/783325/000010781598000010/0000107815-98-000010-index.html,https://www.sec.gov/Archives/edgar/data/783325/,2.24038775258732,0.2149999997586734,0.6980918359511215,0.3567244893955133,0.0899489794908735,8.332346929422876,8.332346929422876,8.332346929422876,8.400795908937882,3496093027.18,5390193027.18,17.837209322346936,6.8470290387387385,21.97418621734758,43.00237425805658,1.8410179184728803,1.8410179184728803,10.556586422209168,33.5002674156619,33.87927735499686,66.30003723468636,0.0140156453558457,0.0232545299475562,1.008214849921011,0.3781701825077032,11.771908017402112,0.7988672468573007,0.0,3.246938775510204,0.0124424606730467,0.8877551020408163,0.0,0.0,0.0,0.4890006285355122,0.1523697610654132,0.0,0.0,6.348836761631204,0.0130931353662329,0.0096784388085644,-12.487441312514097,-145600000.0,1899000000.0,-2585500000.0,3017900000.0,284550000.0,155300000.0,184350000.0,49.72385428907168,131.94570135746608,139.68325791855204,1.8099964551577457,0.6820987654320988,0.6443148688046647,0.0258030542390731,0.3413673465556081,1998-04-27,0.22,bmo,515700000.0,2025-04-25,1998-03-31,0.0,14.008688524590164,512813.1147540984
1997-12-31,WEC,USD,783325,1998-03-31,1998-03-31 00:00:00,1997,Q4,475400000.0,110700000.0,364700000.0,0.7671434581,0,0.0,0.0,0.0,289500000.0,289500000.0,400200000.0,0.0,0.0,116600000.0,191800000.0,0.4034497265,75200000.0,0.1581825831,-67100000.0,8100000.0,0.0170382836,5800000.0,2300000.0,0.0048380311,0.01,0.01,225413105,227906977,https://www.sec.gov/Archives/edgar/data/783325/000010781598000004/0000107815-98-000004-index.html,https://www.sec.gov/Archives/edgar/data/783325/,2.1090166873838148,0.0102034883907925,0.2856976749421911,-0.1765647121537144,0.0869514662867538,8.399689095272434,8.399689095272434,8.399689095272434,8.617067760989318,3241440449.9,5164240449.9,352.3304836847826,6.81834339482541,50.33292624068323,-81.44322738442212,1.7119681260695043,1.7119681260695043,10.862937420908708,26.92513268978102,80.19006909782608,-129.75478517336683,0.0007095610841997,-0.012278491804848,1.025879370444703,0.3855727812295293,10.02502606882169,0.8079199549041713,0.0,28.0,0.0133891091540302,18.869565217391305,0.0,0.0,0.0,1.6180124223602483,0.2191838451830038,0.0,0.0,1.3886640806265125,0.0045066770266041,0.0004565575560275,-12.46977188837357,-136300000.0,1893400000.0,-2571000000.0,3048700000.0,247350000.0,132600000.0,189750000.0,54.33319310054691,120.8130081300813,160.3252032520325,1.6564459930313589,0.7449528936742934,0.5613590263691683,0.0012147459596493,0.4622623870959055,1998-01-29,0.26,bmo,707614615.0,2025-04-25,1997-12-31,-0.6538461538461539,13.275,591881.25
1997-09-30,WEC,USD,783325,1997-11-14,1997-11-14 00:00:00,1997,Q3,400600000.0,119700000.0,280900000.0,0.7011982027,0,0.0,0.0,0.0,225000000.0,225000000.0,344700000.0,0.0,0.0,70600000.0,126500000.0,0.3157763355,55900000.0,0.139540689,-22300000.0,33600000.0,0.0838741887,9600000.0,24000000.0,0.0599101348,0.11,0.11,228571429,228571429,https://www.sec.gov/Archives/edgar/data/783325/000010781597000018/0000107815-97-000018-index.html,https://www.sec.gov/Archives/edgar/data/783325/,1.752624996713828,0.104999999803125,0.4309374991919922,-0.0034999999934375,0.1566249997063281,8.463874984130234,8.463874984130234,8.463874984130234,8.194374984635546,2971428577.0,4808628577.0,30.95238101041667,7.417445274588117,30.166787583756346,-3714.28572125,1.5359395104931253,1.5359395104931253,12.00356609335996,38.01287412648222,48.818564233502535,-6010.78572125,0.0080769230617788,-0.0002692307687259,0.9681587925152486,0.3783914826562152,14.523320158102766,0.7845727332028702,0.0,4.104166666666667,0.0146394230494741,1.8125,0.0,0.0,0.0,1.0081218274111674,0.2478781827259111,0.0,0.0,4.471678053316825,0.0084571138094532,0.0048485827996525,-11.955015602584346,-132100000.0,1934600000.0,-2534200000.0,3048200000.0,218500000.0,123000000.0,171000000.0,46.66250624063904,87.66917293233082,137.06766917293234,1.92874337987482,1.0265866209262435,0.6566099835436094,0.0124056652537992,0.4344374991854297,1997-10-22,0.19,bmo,691945454.0,2025-04-25,1997-09-30,-0.4210526315789473,12.66703125,620353.125
1997-06-30,WEC,USD,783325,1997-08-14,1997-08-14 00:00:00,1997,Q2,403200000.0,109100000.0,294100000.0,0.7294146825,0,0.0,0.0,0.0,294700000.0,294700000.0,403800000.0,0.0,0.0,66800000.0,66200000.0,0.1641865079,-600000.0,-0.0014880952,-23800000.0,-24400000.0,-0.060515873,-13800000.0,-10600000.0,-0.0262896825,-0.045,-0.045,235555556,235555556,https://www.sec.gov/Archives/edgar/data/783325/000010781597000012/0000107815-97-000012-index.html,https://www.sec.gov/Archives/edgar/data/783325/,1.711698109977928,-0.0449999999150943,0.2920754711470274,-0.0305660376781772,0.288679244738341,8.295707531517532,8.295707531517532,8.295707531517532,7.191509420393379,2930311116.64,4556311116.639999,-69.11111124150943,7.267636698015873,42.59173134651162,-406.98765508888886,1.4995707060232333,1.4995707060232333,11.300374793253969,68.82645191299093,66.22545227674418,-632.8209884222222,-0.0036173633372262,-0.0024570769837763,0.8668952458932501,0.3525494276795005,24.561933534743204,1.0255692422545726,0.0,-6.429906542056075,0.0147765879718769,-4.084905660377358,0.0,0.0,0.0,1.1046511627906976,0.1884920634920635,0.0,0.0,,-5.7214043132911466e-05,-0.0022060353798126,-10.745129696707302,13700000.0,1954100000.0,-2301400000.0,3057400000.0,255250000.0,122550000.0,153350000.0,51.18303571428572,106.7461044912924,131.74152153987168,1.758395115569123,0.8431221020092736,0.6831559173450219,-0.0054244920935469,0.3226415088252047,1997-07-30,0.08,bmo,248123076.0,2025-04-25,1997-06-30,0.625,12.2390625,657759.375
1997-03-31,WEC,USD,783325,1997-05-15,1997-05-15 00:00:00,1997,Q1,510300000.0,105100000.0,405200000.0,0.79404272,0,0.0,0.0,0.0,317500000.0,317500000.0,422600000.0,0.0,0.0,67200000.0,154900000.0,0.3035469332,87700000.0,0.1718596904,-20200000.0,67500000.0,0.1322751323,22400000.0,45100000.0,0.0883793847,0.2,0.2,225500000,225500000,https://www.sec.gov/Archives/edgar/data/783325/000010781597000008/0000107815-97-000008-index.html,https://www.sec.gov/Archives/edgar/data/783325/,2.2629711751662973,0.2,0.71529933481153,0.4208425720620842,0.2873614190687361,8.845676274944568,8.845676274944568,8.845676274944568,7.332150776053215,2762375000.0,4350975000.0,15.3125,5.413237311385459,17.12569745815251,29.10827186512118,1.3848573720358952,1.3848573720358952,8.526308054085831,28.08892834086507,26.974426534407936,45.84799789251844,0.0163265306122449,0.0343544956785374,0.8288965759262045,0.342780138903286,10.255648805681084,1.0759713899091436,0.0,3.57649667405765,0.0153853115525589,0.9423503325942352,0.0,0.0,0.0,0.4116553006819591,0.1301195375269449,0.0,0.0,6.309163434025985,0.012877522930926,0.0093500570125427,-10.9960088691796,39300000.0,1994700000.0,-2272200000.0,3102700000.0,294250000.0,132050000.0,165700000.0,49.59435626102293,99.07706945765938,125.88011417697432,1.8147226173541964,0.9083837510803804,0.7149659863945578,0.022609916278137,0.2944567627494456,1997-04-30,0.28,bmo,714560000.0,2025-04-25,1997-03-31,-0.2857142857142857,12.92344262295082,655836.0655737704
1996-12-31,WEC,USD,783325,1997-03-28,1997-03-28 00:00:00,1996,Q4,478000000.0,87800000.0,390200000.0,0.8163179916,0,0.0,0.0,0.0,279300000.0,279300000.0,367100000.0,0.0,0.0,57600000.0,168500000.0,0.3525104603,110900000.0,0.2320083682,-19100000.0,91800000.0,0.1920502092,35500000.0,56300000.0,0.1177824268,0.25,0.25,220753772,225500000,https://www.sec.gov/Archives/edgar/data/783325/000010781597000003/0000107815-97-000003-index.html,https://www.sec.gov/Archives/edgar/data/783325/,2.165308414299711,0.2550352797595685,0.2432574515646328,-0.3768905022379413,0.0484702929560814,8.950243441366881,8.950243441366881,8.950243441366881,7.590357278243925,2966930695.68,4631830695.68,13.17464784937833,6.206967982594142,55.25010606480447,-35.66022470769231,1.501635132948679,1.501635132948679,9.690022375899582,27.48860946991098,86.25383045959032,-55.67104201538462,0.018975839267825,-0.0280424480831801,0.8480615446907582,0.3482996591003575,9.880712166172106,1.0738140417457305,0.0,0.9538188277087034,0.0142571580999822,0.7513321492007105,0.0,0.0,0.0,2.549348230912477,0.2864016736401674,0.0,0.0,7.166528197088743,0.0149701394190693,0.0117028352872703,-11.332195945444592,38900000.0,1975800000.0,-2269100000.0,3096800000.0,264700000.0,128200000.0,184250000.0,57.85983263598327,152.11845102505694,189.02050113895217,1.555483241132444,0.5916442048517521,0.4761388286334056,0.0284947869217532,0.6201479538025743,1997-01-29,0.28,bmo,512142857.0,2025-04-25,1996-12-31,-0.0714285714285714,13.519375,456384.375
1996-09-30,WEC,USD,783325,1996-11-12,1996-11-12 00:00:00,1996,Q3,398800000.0,84800000.0,314000000.0,0.7873620863,0,0.0,0.0,0.0,206400000.0,206400000.0,291200000.0,0.0,0.0,65900000.0,173500000.0,0.4350551655,107600000.0,0.2698094283,-23900000.0,83700000.0,0.2098796389,30300000.0,53400000.0,0.1339017051,0.24,0.24,222500000,222500000,https://www.sec.gov/Archives/edgar/data/783325/000010781596000020/0000107815-96-000020-index.html,https://www.sec.gov/Archives/edgar/data/783325/,1.7923595505617975,0.24,0.68,0.1262921348314606,0.0328089887640449,8.751011235955056,8.751011235955056,8.751011235955056,6.997303370786517,3003750000.0,4553350000.0,14.0625,7.531970912738215,19.852941176470587,106.8950177935943,1.5426788557341686,1.5426788557341686,11.417627883650953,26.24409221902017,30.09484467944481,162.0409252669039,0.0177777777777777,0.0093549729504785,0.7995994042422063,0.3380303096096226,8.931412103746398,1.055794964844636,0.0,2.833333333333333,0.0140158135663753,0.7883895131086143,0.0,0.0,0.0,0.8142762723066754,0.308926780341023,0.0,0.0,6.874260736556135,0.0156330908803596,0.0115940770333058,-10.754044943820224,24600000.0,1947100000.0,-2193200000.0,2995600000.0,232900000.0,95950000.0,167750000.0,50.12286860581745,114.62264150943396,195.38915094339623,1.7955875731652409,0.7851851851851852,0.4606192286800651,0.0274254018797185,0.5537078651685393,1996-10-30,0.25,bmo,,2025-04-25,1996-09-30,-0.04,13.73015625,372562.5
1996-06-30,WEC,USD,783325,1996-08-14,1996-08-14 00:00:00,1996,Q2,401700000.0,77700000.0,324000000.0,0.8065720687,0,0.0,0.0,0.0,228900000.0,228900000.0,306600000.0,0.0,0.0,66800000.0,161900000.0,0.4030370924,95100000.0,0.2367438387,-23200000.0,71900000.0,0.1789892955,26300000.0,45600000.0,0.1135175504,0.21,0.21,222439024,222439024,https://www.sec.gov/Archives/edgar/data/783325/000010781596000017/0000107815-96-000017-index.html,https://www.sec.gov/Archives/edgar/data/783325/,1.8058881610629616,0.2050000003596491,0.4140460533579755,0.120932017756021,0.0633881580059441,8.664396945025258,8.664396945025258,8.664396945025258,6.917850889329563,3225365848.0,4750065848.0,17.682926798245614,8.029290136918098,35.0202589359392,119.902076133829,1.673515201577336,1.673515201577336,11.824908757779438,29.3395049289685,51.57509064060803,176.5823735315985,0.0141379310592861,0.0083401391555876,0.7984226638302289,0.3380195061945347,9.417541692402718,1.2772536687631026,0.0,2.0197368421052637,0.0130527828420163,0.9232456140350878,0.0,0.0,0.0,0.7079261672095548,0.1623101817276574,0.0,0.0,6.321750626135312,0.013863640759403,0.010016694490818,-10.5760444264492,105800000.0,1927300000.0,-2137700000.0,3019700000.0,262000000.0,87250000.0,140300000.0,54.60044809559373,97.18146718146718,175.36679536679537,1.6483381206401313,0.9261025029797376,0.5132100396301189,0.0236600425465677,0.2931140356019544,1996-07-24,0.22,bmo,,2025-04-25,1996-06-30,-0.0454545454545455,13.807619047619047,343412.6984126984
1996-03-31,WEC,USD,783325,1996-05-15,1996-05-15 00:00:00,1996,Q1,495400000.0,81600000.0,413800000.0,0.8352846185,0,0.0,0.0,0.0,291000000.0,291000000.0,372600000.0,0.0,0.0,69200000.0,192000000.0,0.3875656036,122800000.0,0.2478805006,-22600000.0,100200000.0,0.2022607994,37400000.0,62800000.0,0.1267662495,0.28,0.28,220350877,220350877,https://www.sec.gov/Archives/edgar/data/783325/000010781596000013/0000107815-96-000013-index.html,https://www.sec.gov/Archives/edgar/data/783325/,2.2482324860454264,0.2850000002496019,0.7610589178639847,0.4710668793934502,0.1089171975476185,8.730621026754525,8.730621026754525,8.730621026754525,6.914426757647985,3168645611.26,4668245611.26,12.614035076671977,6.396135670690351,18.894726364102564,30.52645097552987,1.647076417122362,1.647076417122362,9.423184520104966,24.3137792253125,27.836884980679788,44.97346446300578,0.0198191933414187,0.0327584756184596,0.791974217694147,0.3357648147740044,7.810416666666667,1.256070087609512,0.0,2.670382165605095,0.012844604601843,0.6480891719745223,0.0,0.0,0.0,0.3810375670840787,0.1289866774323778,0.0,0.0,7.482319652560624,0.0178741891492798,0.0138396103753002,-10.506311713023043,102300000.0,1923800000.0,-2112100000.0,3009000000.0,285300000.0,99550000.0,141450000.0,50.922486879289465,99.9264705882353,142.5,1.7673920799143774,0.9006622516556292,0.631578947368421,0.0326437259590394,0.2899920384705344,1996-04-24,0.3,bmo,,2025-04-25,1996-03-31,-0.0666666666666665,15.032539682539682,327558.7301587302
1995-12-31,WEC,USD,783325,1996-03-29,1996-03-29 00:00:00,1995,Q4,467900000.0,84100000.0,383800000.0,0.8202607395,0,0.0,0.0,0.0,248400000.0,248400000.0,332500000.0,0.0,0.0,70000000.0,205400000.0,0.4389826886,135400000.0,0.2893780722,-31200000.0,104200000.0,0.2226971575,42800000.0,61400000.0,0.1312246206,0.28,0.28,219182166,220350877,https://www.sec.gov/Archives/edgar/data/783325/000010781596000006/0000107815-96-000006-index.html,https://www.sec.gov/Archives/edgar/data/783325/,2.134753974463415,0.2801322804703007,0.2915383179487331,-0.1049355448015784,0.1076729937964022,8.676800830593123,8.676800830593123,8.676800830593123,7.192190992400358,3355678961.46,4908478961.46,13.66318795382736,7.171786624193204,52.514537738028174,-145.89908528086957,1.7644752137238409,1.7644752137238409,10.490444457063475,23.897171185296983,76.81500722159625,-213.41212875913044,0.0182973403311757,-0.0068540525670528,0.8288989378483542,0.3456486942793869,7.559883154819864,1.2187571657876637,0.0,1.0407166123778502,0.0120988927922758,0.6612377850162866,0.0,0.0,0.0,1.3599374021909234,0.1857234451805941,0.0,0.0,7.395246452070725,0.0184115578791774,0.0134628456158045,-10.679358830681506,95400000.0,1901800000.0,-2127400000.0,3006000000.0,257250000.0,94500000.0,160150000.0,55.83885445608036,116.11177170035673,164.48275862068965,1.6117809162934895,0.7751152073732719,0.5471698113207547,0.0322852034914291,0.3964738627503115,1996-01-31,0.31,bmo,,2025-04-25,1995-12-31,-0.096774193548387,14.67746031746032,260050.79365079364
1995-09-30,WEC,USD,783325,1995-11-13,1995-11-13 00:00:00,1995,Q3,426400000.0,94700000.0,331700000.0,0.7779080675,0,0.0,0.0,0.0,213000000.0,213000000.0,307700000.0,0.0,0.0,62200000.0,180900000.0,0.424249531,118700000.0,0.2783771107,-22700000.0,96000000.0,0.2251407129,37600000.0,58400000.0,0.1369606004,0.27,0.27,220377358,220377358,https://www.sec.gov/Archives/edgar/data/783325/000010781595000034/0000107815-95-000034-index.html,https://www.sec.gov/Archives/edgar/data/783325/,1.9348630180056885,0.2650000005898972,0.6271061657795172,0.3280736308672872,0.070787671390452,8.47636988188233,8.47636988188233,8.47636988188233,6.86322775500376,3127154710.02,4624054710.02,13.386792423030824,7.333852509427767,22.62774753994211,43.25248561576763,1.674065690588865,1.674065690588865,10.844405980347092,25.561385903924823,33.45915130260492,63.95649668077456,0.0186751233678574,0.0231200585530153,0.8096895074946466,0.3394833120104145,8.274737423991155,1.0334359876814785,0.0,2.3623931623931624,0.0129190921928328,0.6917808219178082,0.0,0.0,0.0,0.4768451519536903,0.1545497185741088,0.0,0.0,7.109174040155974,0.0169365935655369,0.0131079837496913,-10.528531701518991,15200000.0,1868000000.0,-2117500000.0,2894100000.0,223600000.0,75250000.0,160950000.0,47.32176360225141,76.50475184794087,158.33157338965154,1.9018733273862625,1.1763975155279502,0.5684273709483794,0.0312633832976445,0.29903253491223,1995-10-25,0.26,bmo,,2025-04-25,1995-09-30,0.0384615384615384,13.642063492063492,249282.53968253967
1995-06-30,WEC,USD,783325,1995-08-03,1995-08-03 00:00:00,1995,Q2,405100000.0,79700000.0,325400000.0,0.8032584547,0,0.0,0.0,0.0,223500000.0,223500000.0,303200000.0,0.0,0.0,58200000.0,160100000.0,0.395211059,101900000.0,0.2515428289,-21400000.0,80500000.0,0.1987163663,28900000.0,51600000.0,0.1273759566,0.24,0.24,219574468,219574468,https://www.sec.gov/Archives/edgar/data/783325/000010781595000020/0000107815-95-000020-index.html,https://www.sec.gov/Archives/edgar/data/783325/,1.8449321712577256,0.2350000000910852,0.2117732558960361,-0.12934108532145,0.0655813953742563,8.356162793936496,8.356162793936496,8.356162793936496,7.04453488645137,3074042552.0,4606442552.0,14.893617015503876,7.588354855591212,66.10844197849462,-108.24093492957746,1.675410154785263,1.675410154785263,11.371124542088372,28.772283272954404,99.06328068817204,-162.1986814084507,0.0167857142922203,-0.0092386489515321,0.843034663178548,0.3482999324476469,9.57151780137414,1.0123689727463312,0.0,0.9011627906976744,0.0131097729840403,0.7810077519379846,0.0,0.0,0.0,1.610752688172043,0.1848926191063934,0.0,0.0,6.64704526764069,0.0153409744887487,0.0116190047286647,-10.688401166933488,5900000.0,1834800000.0,-2123300000.0,2953400000.0,227800000.0,74900000.0,145700000.0,49.54332263638608,79.04642409033877,175.3701380175659,1.8165919282511207,1.1385714285714286,0.5132002575660013,0.0281229561805101,0.3411143412174862,1995-07-26,0.21,bmo,,2025-04-25,1995-06-30,0.1428571428571428,13.918888888888889,267800.0
1995-03-31,WEC,USD,783325,1995-05-15,1995-05-15 00:00:00,1995,Q1,471100000.0,86900000.0,384200000.0,0.8155381023,0,0.0,0.0,0.0,263000000.0,263000000.0,349900000.0,0.0,0.0,56800000.0,178000000.0,0.3778391,121200000.0,0.2572702186,-22300000.0,98900000.0,0.2099341966,36400000.0,62500000.0,0.1326682233,0.28,0.28,219298246,219298246,https://www.sec.gov/Archives/edgar/data/783325/000010781595000015/0000107815-95-000015-index.html,https://www.sec.gov/Archives/edgar/data/783325/,2.14821599621914,0.2849999994984,0.8130479985690355,0.6124079989221619,0.0766079998651699,8.258615985464836,8.258615985464836,8.258615985464836,6.752903988114889,2973684215.76,4437784215.76,11.89473686304,6.312214425302484,16.677982141110487,22.142101383172005,1.6419216033129038,1.6419216033129038,9.420047157206538,24.931371998651688,24.88942353202468,33.04381396693969,0.021017699078053,0.0451628317789204,0.8176798630666445,0.3377503078958171,8.225280898876404,1.025997310623039,0.0,2.8528,0.0129132743135558,0.6144,0.0,0.0,0.0,0.2467750981491867,0.093398429208236,0.0,0.0,7.277250505073088,0.0183692722790294,0.0142544359804771,-10.552751981427155,11600000.0,1811100000.0,-2115700000.0,2939400000.0,237700000.0,85800000.0,147500000.0,44.43642538739122,82.64672036823936,140.95512082853855,2.02536543422184,1.0889724310776945,0.6385011021307861,0.034509414168185,0.2006399996468736,1995-04-26,0.31,bmo,,2025-04-25,1995-03-31,-0.096774193548387,13.440793650793651,281063.49206349207
1994-12-31,WEC,USD,783325,1995-03-30,1995-03-30 00:00:00,1994,Q4,431800000.0,78100000.0,353700000.0,0.8191292265,0,0.0,0.0,0.0,221900000.0,221900000.0,300000000.0,0.0,0.0,56500000.0,188300000.0,0.4360815192,131800000.0,0.3052339046,-22800000.0,109000000.0,0.2524316813,45800000.0,63200000.0,0.1463640574,0.29,0.29,216310092,219298246,https://www.sec.gov/Archives/edgar/data/783325/000010781595000003/0000107815-95-000003-index.html,https://www.sec.gov/Archives/edgar/data/783325/,1.996208295265299,0.2921731455784319,0.256576100943085,-0.1534833612848724,0.0416069352880678,8.206274536649913,8.206274536649913,8.206274536649913,7.250239623586309,2799052590.48,4358352590.48,11.0722017028481,6.482289463825845,50.43338000864865,-84.30881296626507,1.576842200709819,1.576842200709819,10.09345203909217,23.145791771003715,78.52887550414414,-131.27568043614457,0.0225790684372822,-0.011861156204395,0.8834995211537379,0.3557607240886509,8.280934678704195,1.0096964586846544,0.0,0.8781645569620253,0.0136832012839859,0.6060126582278481,0.0,0.0,0.0,1.5981981981981983,0.2054191755442334,0.0,0.0,7.34487532291712,0.0181154003825439,0.0143365923371821,-10.922513962039275,4600000.0,1775100000.0,-2154200000.0,2945300000.0,219750000.0,88200000.0,161800000.0,50.60676238999537,105.78745198463508,183.1113956466069,1.7784184514003294,0.8507625272331155,0.4915040906230333,0.0356036279646217,0.4100594622279574,1995-01-25,0.25,bmo,,2025-04-25,1994-12-31,0.1599999999999999,12.916349206349206,283212.6984126984
1994-09-30,WEC,USD,783325,1994-09-30,1994-09-29 20:00:00,1994,Q3,400500000.0,84800000.0,315700000.0,0.7882646692,0,0.0,0.0,0.0,216600000.0,216600000.0,301400000.0,0.0,0.0,59000000.0,158100000.0,0.3947565543,99100000.0,0.2474406991,-19500000.0,79600000.0,0.1987515605,28100000.0,51500000.0,0.1285892634,0.24,0.24,214583333,214583333,,,1.8664077698895656,0.2400000003728155,0.5601553406759695,0.1421359225508907,0.1547184468422811,8.108271857255568,8.108271857255568,8.108271857255568,7.11658253532673,2723062495.77,4216962495.77,13.218749979466018,6.799157292808989,22.654430081281195,89.2807375662295,1.5650683923041553,1.5650683923041553,10.529244683570536,26.672754558950032,35.08288266031614,138.26106543508195,0.0189125295802061,0.0112006243144909,0.8776941203517443,0.351817721052389,9.449082858950032,1.082551143200963,0.0,2.333980582524272,0.0139915995535117,0.7398058252427184,0.0,0.0,0.0,0.7462562396006656,0.2239700374531835,0.0,0.0,6.616998420522336,0.0153696917322252,0.0118647191632493,-10.893786424689376,34300000.0,1739900000.0,-2150900000.0,2929100000.0,209750000.0,82250000.0,154550000.0,44.20224719101124,89.7877358490566,174.7995283018868,2.036095577020844,1.002364066193853,0.5148755312689739,0.0295994022644979,0.4180194181250787,1994-10-26,0.23,bmo,,2025-04-25,1994-09-30,0.0434782608695651,12.55171875,247825.0
1994-06-30,WEC,USD,783325,1994-06-30,1994-06-29 20:00:00,1994,Q2,400400000.0,81500000.0,318900000.0,0.7964535465,0,0.0,0.0,0.0,228500000.0,228500000.0,310000000.0,0.0,0.0,56100000.0,146500000.0,0.3658841159,90400000.0,0.2257742258,-20800000.0,69600000.0,0.1738261738,26200000.0,43400000.0,0.1083916084,0.2,0.2,217000000,217000000,,,1.8451612903225807,0.2,0.295852534562212,0.0096774193548387,0.104147465437788,7.904147465437788,7.904147465437788,7.904147465437788,6.940092165898617,2590980000.0,4074380000.0,14.925,6.470979020979021,40.35794392523364,1233.8,1.5105993470149253,1.5105993470149253,10.175774225774228,27.81146757679181,63.46386292834891,1940.1809523809525,0.016750418760469,0.000810504133571,0.8780317164179104,0.3490069755046233,10.125597269624574,1.1322635545830295,0.0,1.4792626728110598,0.0146662652741433,0.8755760368663594,0.0,0.0,0.0,0.9672897196261684,0.1550949050949051,0.0,0.0,5.963946981192073,0.0136634949928564,0.0100577043405714,-10.774193548387096,54400000.0,1715200000.0,-2134200000.0,2912000000.0,232250000.0,82100000.0,134100000.0,50.07992007992008,88.23312883435584,159.46012269938652,1.7971274685816876,1.0200250312891117,0.564404432132964,0.025303171641791,0.2861751152073732,1994-07-27,0.16,bmo,,2025-04-25,1994-06-30,0.25,12.445645161290322,245896.7741935484
1994-03-31,WEC,USD,783325,1994-03-31,1994-03-30 19:00:00,1994,Q1,509700000.0,84100000.0,425600000.0,0.835000981,0,0.0,0.0,0.0,354000000.0,354000000.0,438100000.0,0.0,0.0,59400000.0,131000000.0,0.2570139298,71600000.0,0.1404747891,-20700000.0,50900000.0,0.0998626643,28100000.0,22800000.0,0.0447321954,0.11,0.11,217142857,217142857,,,2.3473026331232254,0.1050000000690789,0.8123684215870844,0.5576973687879588,0.1736184211668542,7.832631584100415,7.832631584100415,7.832631584100415,6.761447372869373,2742514283.9100003,4173014283.91,30.07142855164474,5.380644072807534,15.547133128741498,22.646691031461604,1.612484880003528,1.612484880003528,8.187196947047283,31.855070869541983,23.656543559580506,34.459242641701074,0.0083135391978684,0.0441565612658716,0.8632408278457196,0.3434225299401197,10.919847328244275,1.2126107347576862,0.0,7.736842105263157,0.0132360295123958,1.5921052631578947,0.0,0.0,0.0,0.3134920634920635,0.1084951932509319,0.0,0.0,4.301696424622652,0.007864327062124,0.0053330838323353,-10.562286191159398,81600000.0,1700800000.0,-2109000000.0,2921600000.0,,,,42.678045909358445,90.21403091557669,132.48513674197383,2.108812577575507,0.9976275207591934,0.6793214862681745,0.0134054562558795,0.2546710527991257,1994-04-27,0.3,bmo,,2025-04-25,1994-03-31,0.0666666666666667,12.836190476190476,253466.66666666663
1993-12-31,WEC,USD,783325,1993-12-31,1993-12-30 19:00:00,1993,Q4,431700000.0,0.0,431700000.0,1.0,0,0.0,0.0,0.0,0.0,0.0,0.0,0.0,0.0,0.0,431700000.0,1.0,431700000.0,1.0,-431700000.0,0.0,0.0,-54300000.0,54300000.0,0.1257817929,0.25,0.25,213591731,217142857,,,2.0211456594263004,0.2542233247784297,,,,,,,,2936886301.25,,13.521575972605891,6.803072275306926,0.0,0.0,0.0,0.0,,,0.0,0.0,0.0184889690747948,,0.0,0.0,,0.0,0.0,0.0,0.0123636363636363,0.6687033935543278,0.0,0.0,0.0,0.0,,0.0,,,0.0,0.0,,,,,,,,,,0.0,0.0,0.0,0.0,0.0,0.0,,1994-01-26,0.26,bmo,,2025-04-25,1993-12-31,0.0,13.93578125,282781.25
1993-09-30,WEC,USD,783325,1993-09-30,1993-09-29 20:00:00,1993,Q3,393200000.0,0.0,393200000.0,1.0,0,0.0,0.0,0.0,0.0,0.0,0.0,0.0,0.0,0.0,393200000.0,1.0,393200000.0,1.0,-393200000.0,0.0,0.0,-47700000.0,47700000.0,0.1213123093,0.23,0.23,207391304,207391304,,,1.8959329172258832,0.2300000003857442,,,,,,,,2994730429.76,,15.6956521475891,7.616303229298066,0.0,0.0,0.0,0.0,,,0.0,0.0,0.0159279778660487,,0.0,0.0,,0.0,0.0,0.0,0.0117728531855955,0.7391304335429769,0.0,0.0,0.0,0.0,,0.0,,,0.0,0.0,,,,,,,,,,0.0,0.0,0.0,0.0,0.0,0.0,,1993-10-27,0.24,bmo,,2025-04-25,1993-09-30,-0.0416666666666665,14.145625,185415.625
1993-06-30,WEC,USD,783325,1993-06-30,1993-06-29 20:00:00,1993,Q2,375500000.0,0.0,375500000.0,1.0,0,0.0,0.0,0.0,0.0,0.0,0.0,0.0,0.0,0.0,375500000.0,1.0,375500000.0,1.0,-375500000.0,0.0,0.0,-28600000.0,28600000.0,0.0761651132,0.14,0.14,204285714,204285714,,,1.838111890682674,0.1400000001958042,,,,,,,,2821185710.34,,24.660714251223776,7.513144368415446,0.0,0.0,0.0,0.0,,,0.0,0.0,0.0101375814768866,,0.0,0.0,,0.0,0.0,0.0,0.0122013034033309,1.203571426888112,0.0,0.0,0.0,0.0,,0.0,,,0.0,0.0,,,,,,,,,,0.0,0.0,0.0,0.0,0.0,0.0,,1993-07-28,0.19,bmo,,2025-04-25,1993-06-30,-0.263157894736842,13.517619047619048,221142.85714285716
1993-03-31,WEC,USD,783325,1993-03-31,1993-03-30 19:00:00,1993,Q1,443300000.0,0.0,443300000.0,1.0,0,0.0,0.0,0.0,0.0,0.0,0.0,0.0,0.0,0.0,443300000.0,1.0,443300000.0,1.0,-443300000.0,0.0,0.0,-57900000.0,57900000.0,0.1306113242,0.28,0.28,206785714,206785714,,,2.143765115224546,0.2800000003868739,,,,,,,,2870185710.32,,12.392857125734023,6.474589917256937,0.0,0.0,0.0,0.0,,,0.0,0.0,0.0201729106906969,,0.0,0.0,,0.0,0.0,0.0,0.011707492795389,0.5803571420552677,0.0,0.0,0.0,0.0,,0.0,,,0.0,0.0,,,,,,,,,,0.0,0.0,0.0,0.0,0.0,0.0,,1993-04-28,0.28,bmo,,2025-04-25,1993-03-31,0.0,13.446935483870968,225067.74193548388
1992-12-31,WEC,USD,783325,1992-12-31,1992-12-30 19:00:00,1992,Q4,414000000.0,0.0,414000000.0,1.0,0,0.0,0.0,0.0,0.0,0.0,0.0,0.0,0.0,0.0,414000000.0,1.0,414000000.0,1.0,-414000000.0,0.0,0.0,-47600000.0,47600000.0,0.1149758454,0.23,0.23,202434132,206785714,,,2.0451096655973013,0.2351382127594965,,,,,,,,2682252249.0,,14.087459290966386,6.478870166666667,0.0,0.0,0.0,0.0,,,0.0,0.0,0.0177462802082638,,0.0,0.0,,0.0,0.0,0.0,0.0122641509433962,0.6910829086134455,0.0,0.0,0.0,0.0,,0.0,,,0.0,0.0,,,,,,,,,,0.0,0.0,0.0,0.0,0.0,0.0,,1992-12-30,,bmo,,2025-04-25,1992-12-31,,12.9615625,170918.75
1992-09-30,WEC,USD,783325,1992-09-30,1992-09-29 20:00:00,1992,Q3,358300000.0,0.0,358300000.0,1.0,0,0.0,0.0,0.0,0.0,0.0,0.0,0.0,0.0,0.0,358300000.0,1.0,358300000.0,1.0,-358300000.0,0.0,0.0,-37700000.0,37700000.0,0.1052190901,0.19,0.19,203783784,203783784,,,1.7582360724050543,0.1849999998037135,,,,,,,,2738854056.96,,18.16216218143236,7.644024719397153,0.0,0.0,0.0,0.0,,,0.0,0.0,0.0137648809377763,,0.0,0.0,,0.0,0.0,0.0,0.0120907738095238,0.8783783793103449,0.0,0.0,0.0,0.0,,0.0,,,0.0,0.0,,,,,,,,,,0.0,0.0,0.0,0.0,0.0,0.0,,1993-01-27,0.27,bmo,,2025-04-25,1992-09-30,-0.1481481481481481,13.68203125,277037.5
1992-06-30,WEC,USD,783325,1992-06-30,1992-06-29 20:00:00,1992,Q2,357400000.0,0.0,357400000.0,1.0,0,0.0,0.0,0.0,0.0,0.0,0.0,0.0,0.0,0.0,357400000.0,1.0,357400000.0,1.0,-357400000.0,0.0,0.0,-30500000.0,30500000.0,0.0853385562,0.1,0.1,203372000,203372000,,,1.7573707295006196,0.149971480833153,,,,,,,,2702813880.0,,22.15421213114754,7.56243391158366,0.0,0.0,0.0,0.0,,,0.0,0.0,0.0112845358038489,,0.0,0.0,,0.0,0.0,0.0,0.0122144469525959,1.082405795409836,0.0,0.0,0.0,0.0,,0.0,,,0.0,0.0,,,,,,,,,,0.0,0.0,0.0,0.0,0.0,0.0,,1992-06-29,,bmo,,2025-04-25,1992-06-30,,12.987301587301587,305938.09523809527
1992-03-31,WEC,USD,783325,1992-03-31,1992-03-30 19:00:00,1992,Q1,422100000.0,0.0,422100000.0,1.0,0,0.0,0.0,0.0,0.0,0.0,0.0,0.0,0.0,0.0,422100000.0,1.0,422100000.0,1.0,-422100000.0,0.0,0.0,-54000000.0,54000000.0,0.1279317697,0.18,0.18,201972000,201972000,,,2.0898936486245616,0.26736379300101,,,,,,,,2490314760.0,,11.529235,5.899821748400853,0.0,0.0,0.0,0.0,,,0.0,0.0,0.0216840059206009,,0.0,0.0,,0.0,0.0,0.0,0.0125709651257096,0.5797344444444444,0.0,0.0,0.0,0.0,,0.0,,,0.0,0.0,,,,,,,,,,0.0,0.0,0.0,0.0,0.0,0.0,,1992-03-30,,bmo,,2025-04-25,1992-03-31,,12.42063492063492,241180.9523809524
1991-12-31,WEC,USD,783325,1991-12-31,1991-12-30 19:00:00,1991,Q4,401800000.0,0.0,401800000.0,1.0,0,0.0,0.0,0.0,0.0,0.0,0.0,0.0,0.0,0.0,401800000.0,1.0,401800000.0,1.0,-401800000.0,0.0,0.0,-48200000.0,48200000.0,0.1199601792,0.24,0.24,201972000,201972000,,,1.9893846671815896,0.2386469411601608,,,,,,,,2641793760.0,,13.702249792531122,6.574897361871578,0.0,0.0,0.0,0.0,,,0.0,0.0,0.0182451789877798,,0.0,0.0,,0.0,0.0,0.0,0.0118501529051987,0.6494950207468879,0.0,0.0,0.0,0.0,,0.0,,,0.0,0.0,,,,,,,,,,0.0,0.0,0.0,0.0,0.0,0.0,,1991-12-30,,bmo,,2025-04-25,1991-12-31,,12.28125,250931.25
1991-09-30,WEC,USD,783325,1991-09-30,1991-09-29 20:00:00,1991,Q3,364200000.0,0.0,364200000.0,1.0,0,0.0,0.0,0.0,0.0,0.0,0.0,0.0,0.0,0.0,364200000.0,1.0,364200000.0,1.0,-364200000.0,0.0,0.0,-50000000.0,50000000.0,0.1372872048,0.16,0.16,201972000,201972000,,,1.8032202483512567,0.2475590675935278,,,,,,,,2474157000.0,,12.370785,6.793401976935749,0.0,0.0,0.0,0.0,,,0.0,0.0,0.0202089034770226,,0.0,0.0,,0.0,0.0,0.0,0.0126530612244897,0.6261132,0.0,0.0,0.0,0.0,,0.0,,,0.0,0.0,,,,,,,,,,0.0,0.0,0.0,0.0,0.0,0.0,,1991-09-29,,bmo,,2025-04-25,1991-09-30,,11.39734375,322875.0
1991-06-30,WEC,USD,783325,1991-06-30,1991-06-29 20:00:00,1991,Q2,355200000.0,0.0,355200000.0,1.0,0,0.0,0.0,0.0,0.0,0.0,0.0,0.0,0.0,0.0,355200000.0,1.0,355200000.0,1.0,-355200000.0,0.0,0.0,-36800000.0,36800000.0,0.1036036036,0.12,0.12,201972000,201972000,,,1.7586596161844217,0.1822034737488364,,,,,,,,2179277880.0,,14.804876902173913,6.135354391891892,0.0,0.0,0.0,0.0,,,0.0,0.0,0.0168863275022091,,0.0,0.0,,0.0,0.0,0.0,0.0143651529193697,0.8506972826086957,0.0,0.0,0.0,0.0,,0.0,,,0.0,0.0,,,,,,,,,,0.0,0.0,0.0,0.0,0.0,0.0,,1991-06-29,,bmo,,2025-04-25,1991-06-30,,11.06359375,351675.0
1991-03-31,WEC,USD,783325,1991-03-31,1991-03-30 19:00:00,1991,Q1,417700000.0,0.0,417700000.0,1.0,0,0.0,0.0,0.0,0.0,0.0,0.0,0.0,0.0,0.0,417700000.0,1.0,417700000.0,1.0,-417700000.0,0.0,0.0,-54300000.0,54300000.0,0.1299976059,0.18,0.18,201972000,201972000,,,2.068108450676331,0.2688491474065712,,,,,,,,2322678000.0,,10.693729281767954,5.560636820684702,0.0,0.0,0.0,0.0,,,0.0,0.0,0.0233781867310061,,0.0,0.0,,0.0,0.0,0.0,0.0127539130434782,0.545547573480663,0.0,0.0,0.0,0.0,,0.0,,,0.0,0.0,,,,,,,,,,0.0,0.0,0.0,0.0,0.0,0.0,,1991-03-30,,bmo,,2025-04-25,1991-03-31,,10.630491803278687,385190.1639344262
1990-12-31,WEC,USD,783325,1990-12-31,1990-12-30 19:00:00,1990,Q4,372100000.0,0.0,372100000.0,1.0,0,0.0,0.0,0.0,0.0,0.0,0.0,0.0,0.0,0.0,372100000.0,1.0,372100000.0,1.0,-372100000.0,0.0,0.0,-46300000.0,46300000.0,0.124428917,0.23,0.23,201972000,201972000,,,1.842334581031034,0.2292396965916067,,,,,,,,2128784880.0,,11.49451879049676,5.721002096210696,0.0,0.0,0.0,0.0,,,0.0,0.0,0.0217494968303232,,0.0,0.0,,0.0,0.0,0.0,0.013915559772296,0.6398106531317495,0.0,0.0,0.0,0.0,,0.0,,,0.0,0.0,,,,,,,,,,0.0,0.0,0.0,0.0,0.0,0.0,,1990-12-30,,bmo,,2025-04-25,1990-12-31,,10.18609375,370209.375
1990-09-30,WEC,USD,783325,1990-09-30,1990-09-29 20:00:00,1990,Q3,341200000.0,0.0,341200000.0,1.0,0,0.0,0.0,0.0,0.0,0.0,0.0,0.0,0.0,0.0,341200000.0,1.0,341200000.0,1.0,-341200000.0,0.0,0.0,-48300000.0,48300000.0,0.1415592028,0.16,0.16,201972000,201972000,,,1.6893430772582338,0.2391420592953478,,,,,,,,1926812880.0,,9.97315155279503,5.6471655334114885,0.0,0.0,0.0,0.0,,,0.0,0.0,0.0250673018129295,,0.0,0.0,,0.0,0.0,0.0,0.0153742138364779,0.6133174583850931,0.0,0.0,0.0,0.0,,0.0,,,0.0,0.0,,,,,,,,,,0.0,0.0,0.0,0.0,0.0,0.0,,1990-09-29,,bmo,,2025-04-25,1990-09-30,,9.493650793650794,329000.0
1990-06-30,WEC,USD,783325,1990-06-30,1990-06-29 20:00:00,1990,Q2,337800000.0,0.0,337800000.0,1.0,0,0.0,0.0,0.0,0.0,0.0,0.0,0.0,0.0,0.0,337800000.0,1.0,337800000.0,1.0,-337800000.0,0.0,0.0,-38400000.0,38400000.0,0.1136767318,0.13,0.13,201972000,201972000,,,1.672509060661874,0.1901253639118293,,,,,,,,1953069240.0,,12.71529453125,5.781732504440497,0.0,0.0,0.0,0.0,,,0.0,0.0,0.0196613613145635,,0.0,0.0,,0.0,0.0,0.0,0.0151675284384694,0.771438365625,0.0,0.0,0.0,0.0,,0.0,,,0.0,0.0,,,,,,,,,,0.0,0.0,0.0,0.0,0.0,0.0,,1990-06-29,,bmo,,2025-04-25,1990-06-30,,9.505238095238097,254747.61904761905
1990-03-31,WEC,USD,783325,1990-03-31,1990-03-30 19:00:00,1990,Q1,391300000.0,0.0,391300000.0,1.0,0,0.0,0.0,0.0,0.0,0.0,0.0,0.0,0.0,0.0,391300000.0,1.0,391300000.0,1.0,-391300000.0,0.0,0.0,-53600000.0,53600000.0,0.1369792998,0.18,0.18,201974000,201974000,,,1.9373780783665224,0.2653806925643894,,,,,,,,1918753000.0,,8.949407649253732,4.90353437260414,0.0,0.0,0.0,0.0,,,0.0,0.0,0.0279348097436199,,0.0,0.0,,0.0,0.0,0.0,0.0145610526315789,0.5212511832089552,0.0,0.0,0.0,0.0,,0.0,,,0.0,0.0,,,,,,,,,,0.0,0.0,0.0,0.0,0.0,0.0,,1990-03-30,,bmo,,2025-04-25,1990-03-31,,9.779523809523807,195123.77777777775
1989-12-31,WEC,USD,783325,1989-12-31,1989-12-30 19:00:00,1989,Q4,388100000.0,0.0,388100000.0,1.0,0,0.0,0.0,0.0,0.0,0.0,0.0,0.0,0.0,0.0,388100000.0,1.0,388100000.0,1.0,-388100000.0,0.0,0.0,-48400000.0,48400000.0,0.1247101263,0.24,0.24,201974000,201974000,,,1.9215344549298423,0.2396348044797845,,,,,,,,2155062580.0,,11.131521590909092,5.552853852099974,0.0,0.0,0.0,0.0,,,0.0,0.0,0.022458744562304,,0.0,0.0,,0.0,0.0,0.0,0.0129643861293345,0.577253376446281,0.0,0.0,0.0,0.0,,0.0,,,0.0,0.0,,,,,,,,,,0.0,0.0,0.0,0.0,0.0,0.0,,1989-12-30,,bmo,,2025-04-25,1989-12-31,,,
1989-09-30,WEC,USD,783325,1989-09-30,1989-09-29 20:00:00,1989,Q3,343000000.0,0.0,343000000.0,1.0,0,0.0,0.0,0.0,0.0,0.0,0.0,0.0,0.0,0.0,343000000.0,1.0,343000000.0,1.0,-343000000.0,0.0,0.0,-47200000.0,47200000.0,0.1376093294,0.16,0.16,201972000,201972000,,,1.6982552036916008,0.2336957598082902,,,,,,,,1953069240.0,,10.344646398305084,5.694079416909621,0.0,0.0,0.0,0.0,,,0.0,0.0,0.024167089949151,,0.0,0.0,,0.0,0.0,0.0,0.0143050672182006,0.5919234483050848,0.0,0.0,0.0,0.0,,0.0,,,0.0,0.0,,,,,,,,,,0.0,0.0,0.0,0.0,0.0,0.0,,1989-09-29,,bmo,,2025-04-25,1989-09-30,,,
1989-06-30,WEC,USD,783325,1989-06-30,1989-06-29 20:00:00,1989,Q2,334100000.0,0.0,334100000.0,1.0,0,0.0,0.0,0.0,0.0,0.0,0.0,0.0,0.0,0.0,334100000.0,1.0,334100000.0,1.0,-334100000.0,0.0,0.0,-35400000.0,35400000.0,0.1059563005,0.12,0.12,201972000,201972000,,,1.6541896896599528,0.1752718198562177,,,,,,,,1918734000.0,,13.550381355932204,5.742993115833583,0.0,0.0,0.0,0.0,,,0.0,0.0,0.0184496652480229,,0.0,0.0,,0.0,0.0,0.0,0.0145610526315789,0.7892312644067797,0.0,0.0,0.0,0.0,,0.0,,,0.0,0.0,,,,,,,,,,0.0,0.0,0.0,0.0,0.0,0.0,,1989-06-29,,bmo,,2025-04-25,1989-06-30,,,
1989-03-31,WEC,USD,783325,1989-03-31,1989-03-30 19:00:00,1989,Q1,420000000.0,0.0,420000000.0,1.0,0,0.0,0.0,0.0,0.0,0.0,0.0,0.0,0.0,0.0,420000000.0,1.0,420000000.0,1.0,-420000000.0,0.0,0.0,0.0,0.0,0.0,0.19,0.19,201974000,201974000,,,2.079475576064246,0.0,,,,,,,,1716779000.0,,0.0,4.087569047619048,0.0,0.0,0.0,0.0,,,0.0,0.0,0.0,,0.0,0.0,,0.0,0.0,0.0,0.0150976470588235,0.0,0.0,0.0,0.0,0.0,,0.0,,,0.0,0.0,,,,,,,,,,0.0,0.0,0.0,0.0,0.0,0.0,,1989-03-30,,bmo,,2025-04-25,1989-03-31,,,
1988-12-31,WEC,USD,783325,1988-12-31,1988-12-30 19:00:00,1988,Q4,401800000.0,0.0,401800000.0,1.0,0,0.0,0.0,0.0,0.0,0.0,0.0,0.0,0.0,0.0,401800000.0,1.0,401800000.0,1.0,-401800000.0,0.0,0.0,0.0,0.0,0.0,0.0,0.0,201974000,201974000,,,1.9893649677681289,0.0,,,,,,,,1817766000.0,,0.0,4.524056744649079,0.0,0.0,0.0,0.0,,,0.0,0.0,0.0,,0.0,0.0,,0.0,0.0,0.0,0.0142588888888888,0.0,0.0,0.0,0.0,0.0,,0.0,,,0.0,0.0,,,,,,,,,,0.0,0.0,0.0,0.0,0.0,0.0,,1988-12-30,,bmo,,2025-04-25,1988-12-31,,,
1988-09-30,WEC,USD,783325,1988-09-30,1988-09-29 20:00:00,1988,Q3,360300000.0,0.0,360300000.0,1.0,0,0.0,0.0,0.0,0.0,0.0,0.0,0.0,0.0,0.0,360300000.0,1.0,360300000.0,1.0,-360300000.0,0.0,0.0,0.0,0.0,0.0,0.16,0.16,199638000,199638000,,,1.8047666275959489,0.0,,,,,,,,1746832500.0,,0.0,4.848272273105745,0.0,0.0,0.0,0.0,,,0.0,0.0,0.0,,0.0,0.0,,0.0,0.0,0.0,0.0146662857142857,0.0,0.0,0.0,0.0,0.0,,0.0,,,0.0,0.0,,,,,,,,,,0.0,0.0,0.0,0.0,0.0,0.0,,1988-09-29,,bmo,,2025-04-25,1988-09-30,,,
1988-06-30,WEC,USD,783325,1988-06-30,1988-06-29 20:00:00,1988,Q2,340800000.0,0.0,340800000.0,1.0,0,0.0,0.0,0.0,0.0,0.0,0.0,0.0,0.0,0.0,340800000.0,1.0,340800000.0,1.0,-340800000.0,0.0,0.0,0.0,0.0,0.0,0.14,0.14,199638000,199638000,,,1.7070898325970003,0.0,,,,,,,,1762803540.0,,0.0,5.172545598591549,0.0,0.0,0.0,0.0,,,0.0,0.0,0.0,,0.0,0.0,,0.0,0.0,0.0,0.014533408833522,0.0,0.0,0.0,0.0,0.0,,0.0,,,0.0,0.0,,,,,,,,,,0.0,0.0,0.0,0.0,0.0,0.0,,1988-06-29,,bmo,,2025-04-25,1988-06-30,,,
1988-03-31,WEC,USD,783325,1988-03-31,1988-03-30 19:00:00,1988,Q1,437800000.0,0.0,437800000.0,1.0,0,0.0,0.0,0.0,0.0,0.0,0.0,0.0,0.0,0.0,437800000.0,1.0,437800000.0,1.0,-437800000.0,0.0,0.0,0.0,0.0,0.0,0.24,0.24,199638000,199638000,,,2.19296927438664,0.0,,,,,,,,1647013500.0,,0.0,3.7620226130653274,0.0,0.0,0.0,0.0,,,0.0,0.0,0.0,,0.0,0.0,,0.0,0.0,0.0,0.0145454545454545,0.0,0.0,0.0,0.0,0.0,,0.0,,,0.0,0.0,,,,,,,,,,0.0,0.0,0.0,0.0,0.0,0.0,,1988-03-30,,bmo,,2025-04-25,1988-03-31,,,
1987-12-31,WEC,USD,783325,1987-12-31,1987-12-30 19:00:00,1987,Q4,356500000.0,0.0,356500000.0,1.0,0,0.0,0.0,0.0,0.0,0.0,0.0,0.0,0.0,0.0,356500000.0,1.0,356500000.0,1.0,-356500000.0,0.0,0.0,0.0,0.0,0.0,0.0,0.0,199638000,199638000,,,1.7857321752371793,0.0,,,,,,,,1497285000.0,,0.0,4.199957924263675,0.0,0.0,0.0,0.0,,,0.0,0.0,0.0,,0.0,0.0,,0.0,0.0,0.0,0.016,0.0,0.0,0.0,0.0,0.0,,0.0,,,0.0,0.0,,,,,,,,,,0.0,0.0,0.0,0.0,0.0,0.0,,1987-12-30,,bmo,,2025-04-25,1987-12-31,,,
1987-09-30,WEC,USD,783325,1987-09-30,1987-09-29 20:00:00,1987,Q3,319400000.0,0.0,319400000.0,1.0,0,0.0,0.0,0.0,0.0,0.0,0.0,0.0,0.0,0.0,319400000.0,1.0,319400000.0,1.0,-319400000.0,0.0,0.0,0.0,0.0,0.0,0.15,0.15,199638000,199638000,,,1.599895811418668,0.0,,,,,,,,1654999019.9999998,,0.0,5.181587413901064,0.0,0.0,0.0,0.0,,,0.0,0.0,0.0,,0.0,0.0,,0.0,0.0,0.0,0.0144752714113389,0.0,0.0,0.0,0.0,0.0,,0.0,,,0.0,0.0,,,,,,,,,,0.0,0.0,0.0,0.0,0.0,0.0,,1987-09-29,,bmo,,2025-04-25,1987-09-30,,,
1987-06-30,WEC,USD,783325,1987-06-30,1987-06-29 20:00:00,1987,Q2,314800000.0,0.0,314800000.0,1.0,0,0.0,0.0,0.0,0.0,0.0,0.0,0.0,0.0,0.0,314800000.0,1.0,314800000.0,1.0,-314800000.0,0.0,0.0,0.0,0.0,0.0,0.0617,0.0617,199634000,199634000,,,1.5768857008325234,0.0,,,,,,,,1631009780.0,,0.0,5.181098411689962,0.0,0.0,0.0,0.0,,,0.0,0.0,0.0,,0.0,0.0,,0.0,0.0,0.0,0.01468788249694,0.0,0.0,0.0,0.0,0.0,,0.0,,,0.0,0.0,,,,,,,,,,0.0,0.0,0.0,0.0,0.0,0.0,,1987-06-29,,bmo,,2025-04-25,1987-06-30,,,
1987-03-31,WEC,USD,783325,1987-03-31,1987-03-30 19:00:00,1987,Q1,374000000.0,0.0,374000000.0,1.0,0,0.0,0.0,0.0,0.0,0.0,0.0,0.0,0.0,0.0,374000000.0,1.0,374000000.0,1.0,-374000000.0,0.0,0.0,0.0,0.0,0.0,0.0817,0.0817,199634000,199634000,,,1.8734283739242816,0.0,,,,,,,,1662951220.0,,0.0,4.446393636363636,0.0,0.0,0.0,0.0,,,0.0,0.0,0.0,,0.0,0.0,,0.0,0.0,0.0,0.0134057623049219,0.0,0.0,0.0,0.0,0.0,,0.0,,,0.0,0.0,,,,,,,,,,0.0,0.0,0.0,0.0,0.0,0.0,,1987-03-30,,bmo,,2025-04-25,1987-03-31,,,
1986-12-31,WEC,USD,783325,1986-12-31,1986-12-30 19:00:00,1986,Q4,368300000.0,0.0,368300000.0,1.0,0,0.0,0.0,0.0,0.0,0.0,0.0,0.0,0.0,0.0,368300000.0,1.0,368300000.0,1.0,-368300000.0,0.0,0.0,0.0,0.0,0.0,0.0,0.0,199634000,199634000,,,1.8448761233056497,0.0,,,,,,,,1750790180.0,,0.0,4.753706706489275,0.0,0.0,0.0,0.0,,,0.0,0.0,0.0,,0.0,0.0,,0.0,0.0,0.0,0.0127331812998859,0.0,0.0,0.0,0.0,0.0,,0.0,,,0.0,0.0,,,,,,,,,,0.0,0.0,0.0,0.0,0.0,0.0,,1986-12-30,,bmo,,2025-04-25,1986-12-31,,,
1986-09-30,WEC,USD,783325,1986-09-30,1986-09-29 20:00:00,1986,Q3,316200000.0,0.0,316200000.0,1.0,0,0.0,0.0,0.0,0.0,0.0,0.0,0.0,0.0,0.0,316200000.0,1.0,316200000.0,1.0,-316200000.0,0.0,0.0,0.0,0.0,0.0,0.0567,0.0567,199634000,199634000,,,1.5838985343178016,0.0,,,,,,,,1900515680.0,,0.0,6.010486021505376,0.0,0.0,0.0,0.0,,,0.0,0.0,0.0,,0.0,0.0,,0.0,0.0,0.0,,0.0,0.0,0.0,0.0,0.0,,0.0,,,0.0,0.0,,,,,,,,,,0.0,0.0,0.0,0.0,0.0,0.0,,1986-09-29,,bmo,,2025-04-25,1986-09-30,,,
1986-06-30,WEC,USD,783325,1986-06-30,1986-06-29 20:00:00,1986,Q2,312800000.0,0.0,312800000.0,1.0,0,0.0,0.0,0.0,0.0,0.0,0.0,0.0,0.0,0.0,312800000.0,1.0,312800000.0,1.0,-312800000.0,0.0,0.0,0.0,0.0,0.0,0.055,0.055,199634000,199634000,,,1.5668673672821265,0.0,,,,,,,,1834636460.0,,0.0,5.865206074168798,0.0,0.0,0.0,0.0,,,0.0,0.0,0.0,,0.0,0.0,,0.0,0.0,0.0,,0.0,0.0,0.0,0.0,0.0,,0.0,,,0.0,0.0,,,,,,,,,,0.0,0.0,0.0,0.0,0.0,0.0,,1986-06-29,,bmo,,2025-04-25,1986-06-30,,,
1986-03-31,WEC,USD,783325,1986-03-31,1986-03-30 19:00:00,1986,Q1,413800000.0,0.0,413800000.0,1.0,0,0.0,0.0,0.0,0.0,0.0,0.0,0.0,0.0,0.0,413800000.0,1.0,413800000.0,1.0,-413800000.0,0.0,0.0,0.0,0.0,0.0,0.09,0.09,199634000,199634000,,,2.0727932115771863,0.0,,,,,,,,1597072000.0,,0.0,3.8595263412276464,0.0,0.0,0.0,0.0,,,0.0,0.0,0.0,,0.0,0.0,,0.0,0.0,0.0,,0.0,0.0,0.0,0.0,0.0,,0.0,,,0.0,0.0,,,,,,,,,,0.0,0.0,0.0,0.0,0.0,0.0,,1986-03-30,,bmo,,2025-04-25,1986-03-31,,,
1985-12-31,WEC,USD,783325,1985-12-31,1985-12-30 19:00:00,1985,Q4,385700000.0,0.0,385700000.0,1.0,0,0.0,0.0,0.0,0.0,0.0,0.0,0.0,0.0,0.0,385700000.0,1.0,385700000.0,1.0,-385700000.0,0.0,0.0,0.0,0.0,0.0,0.0,0.0,199634000,199634000,,,1.932035625194105,0.0,,,,,,,,1323573420.0,,0.0,3.431613741249676,0.0,0.0,0.0,0.0,,,0.0,0.0,0.0,,0.0,0.0,,0.0,0.0,0.0,,0.0,0.0,0.0,0.0,0.0,,0.0,,,0.0,0.0,,,,,,,,,,0.0,0.0,0.0,0.0,0.0,0.0,,1985-12-30,,bmo,,2025-04-25,1985-12-31,,,
1985-09-30,WEC,USD,783325,1985-09-30,1985-09-29 20:00:00,1985,Q3,320100000.0,0.0,320100000.0,1.0,0,0.0,0.0,0.0,0.0,0.0,0.0,0.0,0.0,0.0,320100000.0,1.0,320100000.0,1.0,-320100000.0,0.0,0.0,0.0,0.0,0.0,0.0617,0.0617,200084000,200084000,,,1.599828072209672,0.0,,,,,,,,1166489720.0,,0.0,3.644141580756014,0.0,0.0,0.0,0.0,,,0.0,0.0,0.0,,0.0,0.0,,0.0,0.0,0.0,,0.0,0.0,0.0,0.0,0.0,,0.0,,,0.0,0.0,,,,,,,,,,0.0,0.0,0.0,0.0,0.0,0.0,,1985-09-29,,bmo,,2025-04-25,1985-09-30,,,
