date,symbol,reportedCurrency,cik,fillingDate,acceptedDate,calendarYear,period,revenue,costOfRevenue,grossProfit,grossProfitRatio,researchAndDevelopmentExpenses,generalAndAdministrativeExpenses,sellingAndMarketingExpenses,sellingGeneralAndAdministrativeExpenses,otherExpenses,operatingExpenses,costAndExpenses,interestIncome,interestExpense,depreciationAndAmortization,ebitda,ebitdaratio,operatingIncome,operatingIncomeRatio,totalOtherIncomeExpensesNet,incomeBeforeTax,incomeBeforeTaxRatio,incomeTaxExpense,netIncome,netIncomeRatio,eps,epsdiluted,weightedAverageShsOut,weightedAverageShsOutDil,link,finalLink,revenuePerShare,netIncomePerShare,operatingCashFlowPerShare,freeCashFlowPerShare,cashPerShare,bookValuePerShare,tangibleBookValuePerShare,shareholdersEquityPerShare,interestDebtPerShare,marketCap,enterpriseValue,peRatio,priceToSalesRatio,pocfratio,pfcfRatio,pbRatio,ptbRatio,evToSales,enterpriseValueOverEBITDA,evToOperatingCashFlow,evToFreeCashFlow,earningsYield,freeCashFlowYield,debtToEquity,debtToAssets,netDebtToEBITDA,currentRatio,interestCoverage,incomeQuality,dividendYield,payoutRatio,salesGeneralAndAdministrativeToRevenue,researchAndDdevelopementToRevenue,intangiblesToTotalAssets,capexToOperatingCashFlow,capexToRevenue,capexToDepreciation,stockBasedCompensationToRevenue,grahamNumber,roic,returnOnTangibleAssets,grahamNetNet,workingCapital,tangibleAssetValue,netCurrentAssetValue,investedCapital,averageReceivables,averagePayables,averageInventory,daysSalesOutstanding,daysPayablesOutstanding,daysOfInventoryOnHand,receivablesTurnover,payablesTurnover,inventoryTurnover,roe,capexPerShare,report_date,epsEstimated,time,revenueEstimated,updatedFromDate,fiscalDateEnding,surprise(%),QuarterAvgPrice,QuarterAvgVolume
2025-03-31,WM,USD,823768,2025-04-29,2025-04-29 14:47:14,2025,Q1,6018000000.0,3647000000.0,2371000000.0,0.3939847125,0,668000000.0,0.0,668000000.0,690000000.0,1358000000.0,5005000000.0,0.0,232000000.0,656000000.0,1676000000.0,0.2784978398,1013000000.0,0.1683283483,-225000000.0,788000000.0,0.1309405118,151000000.0,637000000.0,0.1058491193,1.5833954760129256,1.5771230502599654,402300000,403900000,https://www.sec.gov/Archives/edgar/data/823768/000155837025005805/0001558370-25-005805-index.htm,https://www.sec.gov/Archives/edgar/data/823768/000155837025005805/wm-20250331x10q.htm,14.958985831469054,1.5833954760129256,3.002734277902063,0.9371116082525478,0.5369127516778524,21.503852846134727,-22.105393984588616,21.501367138951032,0.0,93136473000.0,92920473000.0,36.55277590266875,15.476316550348953,77.09972930463576,247.0463474801061,10.767222312138728,10.767222312138728,15.440424227318044,54.30769900642899,76.9209213576159,246.47340318302383,0.0068394258391124,0.0040478234558012,0.0,0.0,-0.1262419637638807,0.8331774827005798,0.0,1.8963893249607533,0.0036076092338175,0.5274725274725275,0.0,0.0,0.3943712628692173,0.6879139072847682,0.1380857427716849,1.2026049204052098,0.0084745762711864,27.676998893628824,0.0209224690913538,0.0236433820800237,-81.84936614466815,-892000000.0,-8893000000.0,-31380000000.0,36205000000.0,3637500000.0,1023000000.0,103000000.0,53.65902293120638,0.0,0.0,1.677257525083612,0.0,0.0,0.0736416184971098,2.0656226696495152,2025-04-28,1.59,amc,6108089500.0,2025-05-11,2025-03-31,0.0503144654088049,221.45783333333333,1638938.4
2024-12-31,WM,USD,823768,2025-02-19,2025-02-19 13:25:44,2024,Q4,5893000000.0,3553000000.0,2340000000.0,0.3970812829,0,733000000.0,14000000.0,747000000.0,674000000.0,1421000000.0,4974000000.0,0.0,201000000.0,652000000.0,1593000000.0,0.2703207195,919000000.0,0.1559477346,-219000000.0,700000000.0,0.1187849992,102000000.0,598000000.0,0.1014763278,1.49,1.48,404054054,403600000,https://www.sec.gov/Archives/edgar/data/823768/000155837025001132/0001558370-25-001132-index.htm,https://www.sec.gov/Archives/edgar/data/823768/000155837025001132/wm-20241231x10k.htm,14.58468227619862,1.4800000001979934,3.7395986627076394,0.9800668897632197,1.0246153847524568,20.42795986895357,-23.194916391062865,20.42301003617699,59.6479598742004,81534067556.66,105020067556.66,34.086148644088624,13.835748779341593,53.96033590778293,205.89410999156567,9.880522001534176,9.880522001534176,17.821155193731546,65.9259683343754,69.50368468342819,265.2021907996465,0.0073343575013528,0.0048568655025681,2.8962675714978188,0.5362712320775461,14.743251726302574,0.7628635346756152,4.572139303482588,2.530988274706868,0.0036917083744267,0.5033444816053512,0.1243848633972509,0.0,0.395494424125474,0.7379219060225016,0.1892075343628033,2.551487414187643,0.005769557101646,26.07846303553327,0.0197914835995908,0.022196651943135,-81.74834449254159,-1484000000.0,-9372000000.0,-31539000000.0,35482000000.0,3406000000.0,1949500000.0,195000000.0,56.309180383505854,51.82662538699691,5.218125527723052,1.5983184160564143,1.7365591397849462,17.24757281553398,0.0724672806592341,2.759531772944419,2025-01-29,1.8,amc,5836309913.0,2025-04-28,2024-12-31,-0.0555555555555556,214.785625,1483002.828125
2024-09-30,WM,USD,823768,2024-10-28,2024-10-28 17:24:37,2024,Q3,5609000000.0,3399000000.0,2210000000.0,0.3940096274,0,514000000.0,11000000.0,525000000.0,0.0,525000000.0,4490000000.0,0.0,131000000.0,558000000.0,1717000000.0,0.306115172,1119000000.0,0.1995008023,-124000000.0,995000000.0,0.1773934748,235000000.0,760000000.0,0.1354965234,1.89,1.88,401300000,403200000,https://www.sec.gov/Archives/edgar/data/823768/000155837024013762/0001558370-24-013762-index.htm,https://www.sec.gov/Archives/edgar/data/823768/000155837024013762/wm-20240930x10q.htm,13.977074507849489,1.893845003737852,3.384001993521057,1.4378270620483429,1.5300274109145278,19.865437328681782,-6.459008223274358,19.88288063792674,41.82407176675804,83309880000.0,99348880000.0,27.404565789473683,14.852893563915137,61.347481590574375,144.38454072790296,10.441143000375986,10.441143000375986,17.71240506329114,57.86189866045428,73.15823269513992,172.1817677642981,0.0091225674553846,0.0069259492391538,2.087103647073568,0.4794989922257414,9.341292952824697,0.8911906256539025,8.541984732824428,1.7868421052631578,0.0036130168474615,0.3960526315789474,0.0916384382242824,0.0,0.304175064785488,0.5751104565537555,0.1392405063291139,1.3214890016920473,0.0048136922802638,29.10738082533718,0.0279071919495607,0.0314491434246462,-59.07861948666833,-520000000.0,-2592000000.0,-22499000000.0,27975000000.0,3052500000.0,1819000000.0,183500000.0,50.142627919415226,49.06443071491616,4.872021182700795,1.79488,1.8343227199136536,18.472826086956523,0.0952500313322471,1.9461749314727137,2024-10-28,1.89,amc,5512852530.0,2025-04-25,2024-09-30,0.037037037037037,208.62671875,1544190.484375
2024-06-30,WM,USD,823768,2024-07-25,2024-07-25 14:31:29,2024,Q2,5402000000.0,3834000000.0,1568000000.0,0.2902628656,0,485000000.0,16000000.0,501000000.0,-1000000.0,501000000.0,4335000000.0,0.0,136000000.0,576000000.0,1610000000.0,0.2980377638,1067000000.0,0.1975194372,-115000000.0,894000000.0,0.1654942614,214000000.0,680000000.0,0.125879304,1.69,1.69,401300000,403200000,https://www.sec.gov/Archives/edgar/data/823768/000155837024010155/0001558370-24-010155-index.htm,https://www.sec.gov/Archives/edgar/data/823768/000155837024010155/wm-20240630x10q.htm,13.461250934462996,1.694492898081236,2.8756541240966857,1.21355594318465,2.367306254672315,18.567156740593077,-6.640917019686021,18.58210814851732,42.06080239222527,84016168000.0,100587168000.0,30.88829705882353,15.552789337282489,72.80430502599654,172.51779876796715,11.266751776853964,11.266751776853964,18.620356904850052,62.47650186335404,87.16392374350086,206.5444928131417,0.0080936802544957,0.0057965033587344,2.2452728979482366,0.4924556604606018,10.292546583850932,1.0732591876208897,7.845588235294118,1.6970588235294115,0.0035826437597106,0.4426470588235294,0.0897815623843021,0.0,0.2975381628871437,0.5779896013864818,0.1234727878563495,1.1579861111111112,0.0049981488337652,26.616970742430503,0.0269585904962757,0.0284721349914164,-57.99028158484924,303000000.0,-2665000000.0,-22109000000.0,27839000000.0,2832500000.0,1701000000.0,186000000.0,49.6482784154017,41.901408450704224,4.295774647887324,1.812751677852349,2.147899159663865,20.950819672131143,0.0911894863886281,1.662098180912036,2024-07-24,1.83,amc,5429124552.0,2025-04-25,2024-06-30,-0.0054644808743169,207.8720634920635,1789579.873015873
2024-03-31,WM,USD,823768,2024-04-25,2024-04-25 13:48:39,2024,Q1,5159000000.0,3654000000.0,1505000000.0,0.2917232022,0,481000000.0,10000000.0,491000000.0,2000000.0,491000000.0,4145000000.0,0.0,130000000.0,547000000.0,1528000000.0,0.2961814305,1014000000.0,0.1965497189,-147000000.0,869000000.0,0.1684434968,162000000.0,708000000.0,0.1372358984,1.76,1.75,401700000,403500000,https://www.sec.gov/Archives/edgar/data/823768/000155837024005734/0001558370-24-005734-index.htm,https://www.sec.gov/Archives/edgar/data/823768/000155837024005734/wm-20240331x10q.htm,12.842917600199154,1.7625093353248693,3.4030370923574806,1.7401045556385362,0.8015932287776948,17.6201145133184,-7.209360219068957,17.63007219317899,40.3983071944237,85525947000.0,101301947000.0,30.19984004237288,16.578008722620662,62.56470153621068,122.35471673819742,12.076524569330696,12.076524569330696,19.63596569102539,66.2970857329843,74.1053013899049,144.9241015736767,0.0082781895417071,0.0081729583187193,2.2730866986726914,0.4928059756321558,10.324607329842932,0.8936439604963282,7.8,1.9307909604519773,0.003589553939695,0.4336158192090395,0.0932351230858693,0.0,0.3053327618930999,0.4886613021214337,0.1294824578406668,1.2212065813528337,0.0058150804419461,26.44137389614826,0.0283953095998476,0.0312004230565838,-57.649365197908885,-420000000.0,-2896000000.0,-22059000000.0,26598000000.0,2777500000.0,1663000000.0,181000000.0,46.840472959875946,39.82758620689656,4.655172413793103,1.921415270018622,2.25974025974026,19.33333333333333,0.0999717593900028,1.6629325367189445,2024-04-24,1.51,amc,5215444966.0,2025-04-25,2024-03-31,0.1589403973509933,196.51786885245903,1673413.1475409835
2023-12-31,WM,USD,823768,2024-02-13,2024-02-13 15:24:43,2023,Q4,5217000000.0,3146000000.0,2071000000.0,0.3969714395,0,493000000.0,-36000000.0,493000000.0,-1022000000.0,1039000000.0,4185000000.0,0.0,128000000.0,559000000.0,1331000000.0,0.2551274679,785000000.0,0.1504696186,-141000000.0,644000000.0,0.1234425915,175000000.0,493000000.0,0.0944987541,1.23,1.22,402000000,404200000,https://www.sec.gov/Archives/edgar/data/823768/000155837024001049/0001558370-24-001049-index.htm,https://www.sec.gov/Archives/edgar/data/823768/000155837024001049/wm-20231231x10k.htm,12.977611940298509,1.22636815920398,3.437810945273632,0.845771144278607,1.1393034825870647,17.154228855721392,-7.753731343283582,17.171641791044777,40.68905472636816,71998200000.0,87769200000.0,36.51024340770791,13.800690051753882,52.09710564399421,211.75941176470587,10.42998696219035,10.42998696219035,16.823691776883265,65.94229902329076,63.50882778581766,258.1447058823529,0.0068473934070573,0.0047223402807292,2.3510068086339277,0.4944398744782622,11.848985725018784,0.9001419782300047,6.1328125,2.946695095948827,0.0039028753496615,0.5699797160243407,0.0944987540732221,0.0,0.3050604758858117,0.7539797395079595,0.1997316465401571,3.1104477611940298,0.0042169829403871,21.76745234312823,0.0197602842144653,0.0216133274879438,-57.78606965174129,-422000000.0,-3117000000.0,-22123000000.0,26559000000.0,2893500000.0,1723500000.0,174000000.0,49.51121334100058,48.89065479974571,4.949141767323586,1.817770034843205,1.8408425980105323,18.184971098265898,0.0714182239605968,2.5920398009950247,2024-02-12,1.53,amc,5193940000.0,2025-04-25,2023-12-31,0.1372549019607843,167.67873015873016,1546290.0793650793
2023-09-30,WM,USD,823768,2023-10-25,2023-10-25 13:40:45,2023,Q3,5198000000.0,3188000000.0,2010000000.0,0.3866871874,0,454000000.0,16000000.0,470000000.0,-4000000.0,989000000.0,4177000000.0,127000000.0,127000000.0,551000000.0,1540000000.0,0.2962677953,1021000000.0,0.1964217007,-149000000.0,872000000.0,0.1677568295,210000000.0,663000000.0,0.1275490573,1.64,1.63,404000000,405900000,https://www.sec.gov/Archives/edgar/data/823768/000155837023016700/0001558370-23-016700-index.htm,https://www.sec.gov/Archives/edgar/data/823768/000155837023016700/wm-20230930x10q.htm,12.866336633663366,1.641089108910891,3.126237623762376,1.4603960396039604,0.3712871287128713,17.242574257425744,-7.948019801980198,17.202970297029704,38.507425742574256,61585760000.0,76865760000.0,23.22238310708899,11.84797229703732,48.761488519398256,104.3826440677966,8.861260431654676,8.861260431654676,14.787564447864565,49.91283116883117,60.85966745843231,130.28094915254238,0.0107654756554112,0.009580136706927,2.2201438848920865,0.4831689369030844,9.92207792207792,0.8444760550023708,8.039370078740157,1.90785498489426,0.0045952181153565,0.4268476621417797,0.0873412851096575,0.0,0.3186785658368561,0.5328582739509106,0.1294728741823778,2.033232628398792,0.0046171604463255,25.20339584055872,0.0276689145597581,0.0304715506939976,-55.801361386138616,-656000000.0,-3211000000.0,-21407000000.0,25750000000.0,2881500000.0,1682000000.0,172500000.0,50.505963832243175,49.06524466750314,4.9404015056461725,1.7819677751114158,1.8342922899884928,18.217142857142857,0.0953956834532374,1.6658415841584158,2023-10-24,1.61,amc,5272340000.0,2025-04-25,2023-09-30,0.012422360248447,161.81396825396826,1399086.349206349
2023-06-30,WM,USD,823768,2023-07-26,2023-07-26 13:26:00,2023,Q2,5119000000.0,3186000000.0,1933000000.0,0.377612815,0,456000000.0,11000000.0,467000000.0,521000000.0,988000000.0,4174000000.0,125000000.0,125000000.0,554000000.0,1466000000.0,0.2863840594,944000000.0,0.1844110178,-135000000.0,809000000.0,0.1580386794,196000000.0,615000000.0,0.1201406525,1.52,1.51,405900000,407700000,https://www.sec.gov/Archives/edgar/data/823768/000155837023012266/0001558370-23-012266-index.htm,https://www.sec.gov/Archives/edgar/data/823768/000155837023012266/wm-20230630x10q.htm,12.611480660261147,1.5151515151515151,2.537570830253757,1.2564671101256466,0.3547671840354767,17.068243409706824,-8.080808080808081,17.02143385070214,38.16949987681695,70391178000.0,85615178000.0,28.6143,13.750962688025004,68.3409495145631,138.0219176470588,10.188330872774642,10.188330872774642,16.72498105098652,58.4005306957708,83.12153203883496,167.8728980392157,0.0087368902961106,0.0072452260992137,2.224345057171805,0.4861137470740811,10.384720327421554,0.8186309103740297,7.552,1.6802610114192496,0.0040203901687793,0.4601626016260162,0.0890798984176597,0.0,0.3228949199721642,0.5048543689320388,0.10158234030084,1.5615615615615617,0.0041023637429185,24.088921810683217,0.0256598132538572,0.0287302625432121,-54.99507267799951,-771000000.0,-3280000000.0,-21206000000.0,25354000000.0,2727000000.0,1568000000.0,170000000.0,50.03711662434069,45.932203389830505,4.80225988700565,1.798664792691497,1.959409594095941,18.74117647058824,0.0890143291359096,1.2811037201281104,2023-07-25,1.54,amc,5323090000.0,2025-04-25,2023-06-30,-0.0194805194805194,165.3158064516129,1502025.7096774194
2023-03-31,WM,USD,823768,2023-04-27,2023-04-27 14:38:57,2023,Q1,4892000000.0,3086000000.0,1806000000.0,0.3691741619,0,467000000.0,9000000.0,476000000.0,505000000.0,981000000.0,4067000000.0,120000000.0,120000000.0,537000000.0,1330000000.0,0.2718724448,825000000.0,0.1686426819,-129000000.0,696000000.0,0.1422730989,164000000.0,533000000.0,0.1089533933,1.31,1.3,407400000,409000000,https://www.sec.gov/Archives/edgar/data/823768/000155837023007024/0001558370-23-007024-index.htm,https://www.sec.gov/Archives/edgar/data/823768/000155837023007024/wm-20230331x10q.htm,12.00785468826706,1.3082965144820815,2.56259204712813,0.942562592047128,0.6308296514482081,16.710849288168877,-8.244968090328914,16.676485027000492,38.02160039273441,66475457999.99999,81588458000.0,31.179858348968104,13.588605478331967,63.67381034482757,173.11317187499998,9.78443597291728,9.78443597291728,16.67793499591169,61.34470526315789,78.14986398467433,212.4699427083333,0.0080179966567511,0.0057765679478282,2.2622902561083307,0.4912112496005113,11.363157894736842,0.8742219917012448,6.875,1.962406015037594,0.0043474691065686,0.5422138836772983,0.0954619787408013,0.0,0.324928092042186,0.632183908045977,0.1349141455437449,2.018348623853211,0.0053147996729354,22.156268024632237,0.0238143296176685,0.0252331581688207,-54.452626411389296,-485000000.0,-3359000000.0,-21111000000.0,25387000000.0,2680000000.0,1638000000.0,167000000.0,47.98037612428455,44.03758911211925,4.9578742709008425,1.875766871165644,2.043708609271523,18.152941176470588,0.0784515749190462,1.6200294550810015,2023-04-26,1.29,amc,5237540000.0,2025-04-25,2023-03-31,0.0155038759689922,153.15612903225806,1852657.1290322584
2022-12-31,WM,USD,823768,2023-02-07,2023-02-07 14:39:55,2022,Q4,4935000000.0,3093000000.0,1842000000.0,0.3732522796,0,473000000.0,14000000.0,487000000.0,545000000.0,1032000000.0,4125000000.0,109000000.0,109000000.0,573000000.0,1355000000.0,0.2745694022,765000000.0,0.1550151976,-122000000.0,643000000.0,0.1302938197,143000000.0,499000000.0,0.1011144883,1.22,1.21,409200000,411500000,https://www.sec.gov/Archives/edgar/data/823768/000155837023000964/0001558370-23-000964-index.htm,https://www.sec.gov/Archives/edgar/data/823768/000155837023000964/wm-20221231x10k.htm,12.060117302052786,1.2194525904203324,2.5635386119257086,0.4569892473118279,0.8577712609970675,16.774193548387096,-8.030303030303031,16.737536656891496,36.8841642228739,64195296000.0,78828296000.0,32.16197194388777,13.008165349544074,61.19665967588179,343.2903529411765,9.372944371441086,9.372944371441086,15.973312259371834,58.17586420664207,75.1461353670162,421.5416898395722,0.0077731552168557,0.0029129860231503,2.18776463717331,0.4776994930978416,10.799261992619924,0.8081474738279472,7.018348623853211,2.098,0.0041436057869411,0.533066132264529,0.0958459979736575,0.0,0.3235884847132336,0.8217349857006673,0.1746707193515704,-4.124401913875598,0.0026342451874366,21.42986770266644,0.0217208094042416,0.0235188763727199,-53.7781036168133,-843000000.0,-3286000000.0,-20952000000.0,25026000000.0,2714000000.0,1627500000.0,161500000.0,50.18844984802431,51.38700290979632,4.772065955383123,1.7932412790697674,1.7514156285390714,18.85975609756097,0.0728573514381661,2.1065493646138806,2023-01-31,1.41,bmo,4966615521.0,2025-04-25,2022-12-31,-0.078014184397163,160.9084126984127,1694691.396825397
2022-09-30,WM,USD,823768,2022-10-26,2022-10-26 15:46:24,2022,Q3,5075000000.0,3156000000.0,1919000000.0,0.3781280788,0,461000000.0,0.0,461000000.0,515000000.0,976000000.0,4132000000.0,91000000.0,91000000.0,532000000.0,1446000000.0,0.2849261084,942000000.0,0.1856157635,-114000000.0,828000000.0,0.1631527094,189000000.0,639000000.0,0.12591133,1.55,1.54,412000000,414300000,https://www.sec.gov/Archives/edgar/data/823768/000155837022015389/0001558370-22-015389-index.htm,https://www.sec.gov/Archives/edgar/data/823768/000155837022015389/wm-20220930x10q.htm,12.317961165048544,1.550970873786408,2.8689320388349517,1.0315533980582523,0.3325242718446602,17.019417475728154,-7.104368932038835,17.014563106796118,34.35436893203884,66006520000.0,79932520000.0,25.82414710485133,13.006210837438424,55.84307952622674,155.3094588235294,9.416051355206848,9.416051355206848,15.750250246305418,55.27836791147995,67.6248054145516,188.07651764705884,0.0096808618300131,0.0064387578681621,2.0061340941512125,0.4712643678160919,9.630705394190873,0.8513302034428795,10.351648351648352,1.8497652582159625,0.0040450549430571,0.4178403755868544,0.0908374384236453,0.0,0.3330652458027546,0.6404399323181049,0.1491625615763546,1.5049701789264414,0.0039408866995073,24.36707954800769,0.0292041240858701,0.0321073258968947,-50.01334951456311,-570000000.0,-2927000000.0,-19565000000.0,24111000000.0,2670500000.0,1435500000.0,159000000.0,47.45615763546798,42.46197718631179,4.534220532319392,1.8964872944693567,2.119543317662861,19.849056603773583,0.0911554921540656,1.837378640776699,2022-10-26,1.51,bmo,5053338499.0,2025-04-25,2022-09-30,0.0331125827814569,165.0690625,1579372.65625
2022-06-30,WM,USD,823768,2022-07-27,2022-07-27 12:52:32,2022,Q2,5027000000.0,3142000000.0,1885000000.0,0.3749751343,0,473000000.0,0.0,473000000.0,522000000.0,995000000.0,4137000000.0,0.0,93000000.0,535000000.0,1398000000.0,0.2780982693,890000000.0,0.1770439626,-114000000.0,776000000.0,0.1543664213,189000000.0,587000000.0,0.116769445,1.42,1.41,414400000,416400000,https://www.sec.gov/Archives/edgar/data/823768/000155837022011119/0001558370-22-011119-index.htm,https://www.sec.gov/Archives/edgar/data/823768/000155837022011119/wm-20220630x10q.htm,12.130791505791503,1.4165057915057917,2.5265444015444016,1.1993243243243243,2.1573359073359075,17.355212355212355,-6.428571428571429,17.3503861003861,34.67664092664093,63394911999.99999,76777912000.0,26.999536626916523,12.610883628406604,60.54910410697229,127.55515492957744,8.81709485396384,8.81709485396384,15.273107618858166,54.9198226037196,73.33133906399236,154.4827203219316,0.0092594181690795,0.0078397458773978,1.9856745479833104,0.4738781200212427,9.57296137339056,1.0711982804943578,9.56989247311828,1.7836456558773424,0.0042432427384708,0.4582623509369676,0.0940919037199124,0.0,0.3271375464684015,0.5253104106972302,0.1094091903719912,1.0826771653543308,0.005172070817585,23.515542815578723,0.0266321664655435,0.0289561957379636,-48.1750723938224,265000000.0,-2664000000.0,-18949000000.0,24503000000.0,2572000000.0,1383000000.0,154000000.0,47.712353292222005,39.586250795671546,4.554423933800127,1.8863039399624768,2.273516642547033,19.761006289308177,0.0816411682892906,1.3272200772200773,2022-07-27,1.4,bmo,4845275107.0,2025-04-25,2022-06-30,0.0285714285714286,156.62725806451613,1800152.758064516
2022-03-31,WM,USD,823768,2022-04-26,2022-04-26 16:08:21,2022,Q1,4661000000.0,2903000000.0,1758000000.0,0.3771722806,0,481000000.0,0.0,481000000.0,492000000.0,973000000.0,3876000000.0,0.0,85000000.0,510000000.0,1267000000.0,0.2718300794,768000000.0,0.1647715083,-97000000.0,671000000.0,0.1439605235,157000000.0,513000000.0,0.1100622184,1.23,1.23,415700000,417800000,https://www.sec.gov/Archives/edgar/data/823768/000155837022005976/0001558370-22-005976-index.htm,https://www.sec.gov/Archives/edgar/data/823768/000155837022005976/wm-20220331x10q.htm,11.212412797690645,1.2340630262208323,3.026220832331008,2.02068799615107,0.3728650469088285,17.190281452970893,-6.62978109213375,17.185470291075294,32.64854462352658,65888450000.0,79220450000.0,32.109381091617934,14.136118858614031,52.37555643879173,78.43863095238095,9.222907334826427,9.222907334826427,16.996449259815492,62.52600631412786,62.9733306836248,94.31005952380951,0.0077858866007623,0.0127488201649909,1.8878779395296752,0.4615832164002875,10.52249408050513,0.8037309511297951,9.03529411764706,2.4474708171206228,0.0041737208873482,0.5360623781676414,0.1031967388972323,0.0,0.3388890790239228,0.3322734499205087,0.0896803261102767,0.8672199170124482,0.0053636558678395,21.844426135166223,0.0239254961098461,0.0265569187762074,-48.07373105605003,-747000000.0,-2756000000.0,-19014000000.0,23453000000.0,2512500000.0,1379500000.0,142000000.0,47.86741042694701,42.90733723734069,4.619359283499827,1.8801936264622832,2.097543352601156,19.483221476510067,0.0718085106382978,1.0055328361799374,2022-04-26,1.14,bmo,4446725120.0,2025-04-25,2022-03-31,0.1315789473684211,151.59806451612903,2109231.1612903224
2021-12-31,WM,USD,823768,2022-02-15,2022-02-15 14:22:45,2021,Q4,4678000000.0,2955000000.0,1723000000.0,0.3683197948,0,483000000.0,9000000.0,492000000.0,9000000.0,1002000000.0,3957000000.0,0.0,83000000.0,539000000.0,1231000000.0,0.2631466439,718000000.0,0.153484395,-76000000.0,642000000.0,0.137238136,136000000.0,506000000.0,0.1081658829,1.21,1.2,417900000,420600000,https://www.sec.gov/Archives/edgar/data/823768/000155837022001179/0001558370-22-001179-index.htm,https://www.sec.gov/Archives/edgar/data/823768/000155837022001179/wm-20211231x10k.htm,11.194065565924864,1.2108159846853317,2.371380713089256,0.5192629815745393,0.2823642019621919,17.051926298157454,-6.700167504187605,17.04714046422589,32.275664034458,69747510000.0,83034510000.0,34.460232213438736,14.909685763146644,70.38093844601413,321.4170967741936,9.79049831555306,9.79049831555306,17.750002137665668,67.45289195775793,83.78860746720484,382.6475115207373,0.0072547392731296,0.0031112221783974,1.881667602470522,0.4607004158504313,10.793663688058489,0.7518373346398824,8.650602409638553,1.958498023715415,0.0034409830544488,0.4743083003952569,0.1032492518170158,0.0,0.3411348248960374,0.781029263370333,0.165455322787516,1.5176470588235291,0.0057716973065412,21.55043801790044,0.0219997788565283,0.026394032653487,-47.56161761186887,-1013000000.0,-2800000000.0,-18902000000.0,23332000000.0,2607500000.0,1420500000.0,133500000.0,48.98247114151347,41.87817258883249,4.111675126903553,1.8373919874312648,2.149090909090909,21.88888888888889,0.071027512633352,1.8521177315147164,2022-02-02,1.26,bmo,4619213130.0,2025-04-25,2021-12-31,0.0,160.7903125,1595756.90625
2021-09-30,WM,USD,823768,2021-10-26,2021-10-26 12:34:26,2021,Q3,4665000000.0,2906000000.0,1759000000.0,0.3770632369,0,458000000.0,11000000.0,469000000.0,1000000.0,986000000.0,3892000000.0,0.0,87000000.0,546000000.0,1290000000.0,0.2765273312,806000000.0,0.1727759914,-100000000.0,706000000.0,0.1513397642,167000000.0,538000000.0,0.1153269025,1.28,1.28,419500000,422000000,https://www.sec.gov/Archives/edgar/data/823768/000155837021013486/0001558370-21-013486-index.htm,https://www.sec.gov/Archives/edgar/data/823768/000155837021013486/wm-20210930x10q.htm,11.120381406436234,1.2824791418355184,2.8224076281287247,1.7163289630512517,0.2765196662693683,17.10131108462455,-6.557806912991657,17.09654350417163,31.30870083432658,62656520000.00001,75587520000.0,29.11548327137547,13.43119399785638,52.91935810810811,87.02294444444445,8.73626882320134,8.73626882320134,16.203112540192926,58.59497674418605,63.84081081081081,104.98266666666666,0.0085864966646727,0.0114912223021642,1.8191578360290013,0.4523768246593391,10.02403100775194,0.7762067284251585,9.264367816091951,2.196660482374768,0.0038463674650299,0.4479553903345725,0.0981779206859592,0.0,0.3441281508962934,0.3918918918918919,0.0994640943193997,0.8974854932301741,0.007717041800643,22.211125814231742,0.0256372639390532,0.0284415309790653,-46.44398092967819,-918000000.0,-2751000000.0,-18483000000.0,23090000000.0,2657000000.0,1429500000.0,129000000.0,51.49196141479099,45.402615278733656,4.088093599449415,1.7478456350693143,1.9822646657571623,22.01515151515152,0.0750139431121026,1.1060786650774732,2021-10-26,1.36,bmo,4536330000.0,2025-04-25,2021-09-30,-0.0735294117647059,149.64765625,1327761.84375
2021-06-30,WM,USD,823768,2021-07-27,2021-07-27 12:09:16,2021,Q2,4476000000.0,2736000000.0,1740000000.0,0.3887399464,0,438000000.0,0.0,438000000.0,-6000000.0,945000000.0,3681000000.0,0.0,98000000.0,527000000.0,1295000000.0,0.2893208222,791000000.0,0.176720286,-335000000.0,456000000.0,0.1018766756,105000000.0,351000000.0,0.0784182306,0.83,0.83,421600000,423600000,https://www.sec.gov/Archives/edgar/data/823768/000155837021009319/0001558370-21-009319-index.htm,https://www.sec.gov/Archives/edgar/data/823768/000155837021009319/wm-20210630x10q.htm,10.616698292220114,0.8325426944971537,2.4739089184060723,1.534629981024668,0.3510436432637571,17.443074003795065,-6.152751423149905,17.438330170777988,31.646110056925995,59070376000.00001,72166376000.0,42.07291737891738,13.197134941912424,56.63506807286673,91.29888098918084,8.034599564744289,8.034599564744289,16.122961572832885,55.72693127413128,69.19115627996165,111.5399938176198,0.0059420647669484,0.0109530367641472,1.8014145810663764,0.4561077246271998,10.112741312741312,0.8759163725224002,8.071428571428571,2.9715099715099718,0.0040968081868989,0.6894586894586895,0.0978552278820375,0.0,0.3425973757619588,0.3796740172579099,0.0884718498659517,0.792,0.0049151027703306,18.073695630058246,0.0248799379742261,0.0183875530410183,-46.22450189753321,-457000000.0,-2594000000.0,-18457000000.0,23601000000.0,2536000000.0,1302500000.0,125000000.0,53.183646112600535,45.82236842105263,4.144736842105263,1.6922495274102078,1.9641062455132807,21.714285714285715,0.0477421109902067,0.9392789373814042,2021-07-27,1.18,bmo,4534110000.0,2025-04-25,2021-06-30,0.076271186440678,138.23507936507934,1365898.365079365
2021-03-31,WM,USD,823768,2021-04-27,2021-04-27 11:01:18,2021,Q1,4112000000.0,2514000000.0,1598000000.0,0.388618677,0,448000000.0,0.0,448000000.0,1000000.0,930000000.0,3444000000.0,0.0,97000000.0,498000000.0,1140000000.0,0.2772373541,650000000.0,0.15807393,-105000000.0,545000000.0,0.1325389105,124000000.0,421000000.0,0.1023832685,1.0,0.99,422900000,424300000,https://www.sec.gov/Archives/edgar/data/823768/000155837021004862/0001558370-21-004862-index.htm,https://www.sec.gov/Archives/edgar/data/823768/000155837021004862/wm-20210331x10q.htm,9.72333885079215,0.9955072121068812,2.6483802317332703,2.009931425869,1.1255615984866398,17.56680066209506,-6.008512650744857,17.56207141168125,32.12343343580043,54562558000.00001,67574558000.00001,32.400568883610454,13.269104571984435,48.716569642857145,64.19124470588237,7.346513800996365,7.346513800996365,16.433501459143972,59.275928070175446,60.33442678571429,79.49948,0.0077159139056493,0.0155784485030925,1.81607647771644,0.4639834881320949,11.4140350877193,1.012785388127854,6.701030927835052,2.660332541567696,0.0045269138591339,0.5866983372921615,0.1089494163424124,0.0,0.3429652562779497,0.2410714285714285,0.0656614785992217,0.5720338983050848,0.0055933852140077,19.833590115557925,0.0201828962031963,0.0220418848167539,-45.59647670844171,42000000.0,-2541000000.0,-18314000000.0,24050000000.0,2525500000.0,1166500000.0,124000000.0,53.12013618677043,43.389021479713605,4.439140811455848,1.6942727647301197,2.0742574257425743,20.274193548387096,0.0566850679951528,0.6384488058642706,2021-04-27,1.01,bmo,3908435643.0,2025-04-25,2021-03-31,0.0495049504950495,116.87737704918034,2150591.37704918
2020-12-31,WM,USD,823768,2021-02-22,2021-02-22 12:48:17,2020,Q4,4067000000.0,2500000000.0,1567000000.0,0.3852962872,0,496000000.0,14000000.0,510000000.0,3000000.0,946000000.0,3446000000.0,0.0,97000000.0,436000000.0,1207000000.0,0.2967789525,654000000.0,0.1608064913,-107000000.0,547000000.0,0.1344971724,109000000.0,438000000.0,0.1076960905,1.04,1.03,422900000,425100000,https://www.sec.gov/Archives/edgar/data/823768/000155837021001348/0001558370-21-001348-index.htm,https://www.sec.gov/Archives/edgar/data/823768/000155837021001348/wm-20201231x10k.htm,9.616930716481438,1.035705840624261,1.7805627807992432,0.8489004492787893,1.3076377394183023,17.625916292267675,-6.062899030503665,17.621187041853865,32.884842752423744,49872597000.0,63129597000.0,28.46609417808219,12.262748217359231,66.23186852589642,138.92088300835655,6.692511674718197,6.692511674718197,15.522399065650356,52.30289726594863,83.83744621513944,175.84845961002785,0.0087823780261533,0.0071983418068242,1.8531937734836288,0.4706082807974101,10.983429991714996,0.9963411201801294,6.742268041237113,1.7191780821917808,0.0046318021096836,0.5273972602739726,0.1219572166215884,0.0,0.3413869483728062,0.5232403718459495,0.096877305138923,0.9036697247706422,0.0049176297024834,20.264087509793363,0.0198792181973419,0.0226625963677756,-45.65618349491606,-13000000.0,-2564000000.0,-18351000000.0,24153000000.0,2420500000.0,1002500000.0,120500000.0,58.06737152692402,40.356,4.464,1.5499237804878048,2.230151650312221,20.161290322580644,0.0587761674718196,0.931662331520454,2021-02-18,1.09,bmo,3967490000.0,2025-04-25,2020-12-31,0.0366972477064218,116.61015625,1437470.40625
2020-09-30,WM,USD,823768,2020-11-02,2020-11-02 11:41:23,2020,Q3,3861000000.0,2332000000.0,1529000000.0,0.396011396,0,412000000.0,4000000.0,416000000.0,1000000.0,835000000.0,3167000000.0,0.0,97000000.0,419000000.0,1113000000.0,0.2882672883,680000000.0,0.1761201761,-164000000.0,516000000.0,0.1336441336,126000000.0,390000000.0,0.101010101,0.92,0.92,422700000,424600000,https://www.sec.gov/Archives/edgar/data/823768/000155837020012210/0001558370-20-012210-index.htm,https://www.sec.gov/Archives/edgar/data/823768/000155837020012210/wm-20200930x10q.htm,9.134137686302342,0.92264017033357,2.434350603264727,1.6229004021764846,1.663118050626922,16.931629997634257,0.4802460373787556,16.926898509581264,24.88526141471493,47836959000.0,57555959000.0,30.664717307692307,12.38978477078477,46.48878425655977,69.73317638483965,6.6858083857442345,6.6858083857442345,14.907008288008289,51.71245193171608,55.93387657920311,83.90081486880466,0.0081526921475087,0.0143403764440795,1.4566037735849056,0.4207169384789278,8.732255166217431,1.1963649322879544,7.010309278350515,2.6384615384615384,0.0048079979331462,0.5897435897435898,0.1067081067081067,0.0,0.2807201679315356,0.3333333333333333,0.0888370888370888,0.8186157517899761,0.0132090132090132,18.745461365147296,0.0245019778972203,0.0218879784487596,-35.93742607049917,551000000.0,203000000.0,-14258000000.0,20351000000.0,2162000000.0,894000000.0,117500000.0,51.67832167832168,34.11663807890223,4.515437392795883,1.7415426251691477,2.638009049773756,19.93162393162393,0.0545073375262054,0.8114502010882423,2020-11-02,1.02,bmo,3613045871.0,2025-04-25,2020-09-30,0.0686274509803922,110.51421875,1628453.859375
2020-06-30,WM,USD,823768,2020-07-30,2020-07-30 18:39:51,2020,Q2,3561000000.0,2180000000.0,1381000000.0,0.3878124122,0,355000000.0,0.0,355000000.0,1000000.0,791000000.0,2971000000.0,0.0,119000000.0,414000000.0,1004000000.0,0.2819432744,527000000.0,0.147992137,-132000000.0,395000000.0,0.1109238978,88000000.0,307000000.0,0.0862117383,0.73,0.72,422300000,423900000,https://www.sec.gov/Archives/edgar/data/823768/000155837020008751/0001558370-20-008751-index.htm,https://www.sec.gov/Archives/edgar/data/823768/000155837020008751/wm-20200630x10q.htm,8.432394032678191,0.7269713473833768,2.0269950272318256,0.9945536348567368,6.305943641960692,16.32251953587497,-0.2154866208856263,16.317783566185177,30.563580393085484,44725793000.0,54850793000.0,36.42165553745928,12.559896939062062,52.249758177570094,106.48998333333331,6.490464809171383,6.490464809171383,15.403199382196012,54.63226394422311,64.07802920560748,130.5971261904762,0.0068640482238067,0.0093905545732861,1.8557538818749093,0.4804087306059581,10.084661354581671,0.8846153846153846,4.428571428571429,2.788273615635179,0.0051424465520376,0.749185667752443,0.099691098006178,0.0,0.2623689845599008,0.5093457943925234,0.1224375175512496,1.0531400966183575,0.002808199943836,16.33730776082611,0.0178386135213314,0.0156353450471097,-36.52320625147999,-666000000.0,-91000000.0,-14620000000.0,19235000000.0,2137500000.0,967500000.0,117000000.0,53.251895534962095,37.32110091743119,4.871559633027522,1.6900806834361652,2.411504424778761,18.47457627118644,0.0445508634450732,1.0324413923750888,2020-07-30,0.81,bmo,3277738636.0,2025-04-25,2020-06-30,0.0864197530864196,100.97063492063492,2500778.492063492
2020-03-31,WM,USD,823768,2020-05-06,2020-05-06 13:17:24,2020,Q1,3729000000.0,2329000000.0,1400000000.0,0.3754357737,0,411000000.0,0.0,411000000.0,416000000.0,827000000.0,3156000000.0,0.0,112000000.0,402000000.0,975000000.0,0.2614641995,573000000.0,0.1536604988,-138000000.0,435000000.0,0.1166532582,74000000.0,361000000.0,0.0968087959,0.85,0.85,424200000,426400000,https://www.sec.gov/Archives/edgar/data/823768/000155837020005352/0001558370-20-005352-index.htm,https://www.sec.gov/Archives/edgar/data/823768/000155837020005352/wm-20200506x10q.htm,8.790664780763791,0.851013672795851,1.8033946251768032,0.7213578500707214,7.366808109382367,15.9005186232909,-0.5822725129655822,15.895803866100897,31.975483262611977,39263952000.0,49590952000.0,27.19110249307479,10.529351568785197,51.32542745098039,128.313568627451,5.82292036185674,5.82292036185674,13.298726736390453,50.86251487179487,64.82477385620915,162.06193464052288,0.0091941840189698,0.007793408060401,1.9949577339463147,0.4949591581426154,10.591794871794871,1.8355048859934853,5.116071428571429,2.119113573407202,0.0060106022949498,0.6537396121883656,0.1102172164119066,0.0,0.2572669070571786,0.6,0.1230893000804505,1.1417910447761197,0.0034861893268972,17.44619714086691,0.0202782148371443,0.0178836817596353,-36.83168316831683,2565000000.0,-247000000.0,-14798000000.0,22457000000.0,2243500000.0,1048000000.0,111000000.0,52.32502011263073,39.84113353370545,4.482610562473165,1.720018450184502,2.258971871968962,20.07758620689655,0.0535370013347174,1.082036775106082,2020-05-06,0.92,bmo,3688903225.0,2025-04-25,2020-03-31,0.0108695652173913,114.70483870967742,2839349.516129032
2019-12-31,WM,USD,823768,2020-02-13,2020-02-13 12:26:01,2019,Q4,3846000000.0,2314000000.0,1532000000.0,0.3983359334,0,433000000.0,12000000.0,445000000.0,2000000.0,840000000.0,3154000000.0,0.0,110000000.0,395000000.0,1087000000.0,0.2826313053,655000000.0,0.1703068123,-124000000.0,531000000.0,0.1380655226,84000000.0,447000000.0,0.116224649,1.05,1.05,424500000,427400000,https://www.sec.gov/Archives/edgar/data/823768/000155837020000762/0001558370-20-000762-index.htm,https://www.sec.gov/Archives/edgar/data/823768/000155837020000762/wm-20191231x10kba4080.htm,9.060070671378092,1.0530035335689043,2.4075382803298,1.733804475853946,8.3886925795053,16.654888103651356,0.0400471142520612,16.65017667844523,32.0565371024735,48376020000.0,58313020000.0,27.05593959731544,12.578268330733229,47.334657534246574,65.72828804347826,6.844371816638369,6.844371816638369,15.161991679667189,53.64583256669733,57.05774951076321,79.22964673913043,0.0092401152471823,0.0152141494897678,1.9097340124504807,0.4865371445049201,9.141674333026678,1.974872773536896,5.954545454545454,2.286353467561521,0.0045063649303931,0.4876957494407158,0.1125845033801352,0.0,0.2542262913167285,0.2798434442270058,0.0743629745189807,0.7240506329113924,0.0062402496099844,19.8616624362454,0.0222180030136986,0.0216046399226679,-36.0889281507656,3065000000.0,17000000.0,-14464000000.0,23011000000.0,2299500000.0,984000000.0,107500000.0,54.26677067082683,41.421780466724286,4.122731201382886,1.6584734799482534,2.172769953051643,21.83018867924528,0.0632427843803056,0.673733804475854,2020-02-13,1.15,bmo,3716722689.0,2025-04-25,2019-12-31,0.0347826086956522,112.92921875,1818608.078125
2019-09-30,WM,USD,823768,2019-10-23,2019-10-23 12:44:26,2019,Q3,3967000000.0,2441000000.0,1526000000.0,0.3846735568,0,379000000.0,0.0,379000000.0,1000000.0,790000000.0,3231000000.0,0.0,105000000.0,404000000.0,1140000000.0,0.2873708092,734000000.0,0.1850264684,-119000000.0,615000000.0,0.1550289892,120000000.0,495000000.0,0.1247794303,1.17,1.16,424500000,427400000,https://www.sec.gov/Archives/edgar/data/823768/000155837019009032/0001558370-19-009032-index.htm,https://www.sec.gov/Archives/edgar/data/823768/000155837019009032/wm-20190930x10q.htm,9.345111896348646,1.1660777385159011,2.24263839811543,1.104829210836278,6.866902237926973,15.988221436984688,-0.7208480565371025,15.983510011778565,31.714958775029448,48817500000.0,59260500000.0,24.655303030303028,12.305898663977818,51.27888655462185,104.08848614072495,7.194915254237288,7.194915254237288,14.938366523821529,51.982894736842105,62.2484243697479,126.3550106609808,0.0101398064218774,0.0096072105290111,1.9687546057479737,0.492751484746763,9.160526315789474,1.860153897624624,6.990476190476191,1.9232323232323232,0.0044656117171096,0.4404040404040404,0.0955381900680615,0.0,0.2616474233649341,0.5073529411764706,0.1217544744139147,1.1955445544554455,0.0047895134862616,20.47816745174779,0.0242809784967686,0.0247302158273381,-36.849234393404,2571000000.0,-306000000.0,-14762000000.0,22469000000.0,2270000000.0,905500000.0,106500000.0,51.72674565162592,33.293732077017616,4.018844735764031,1.7399122807017544,2.703211517165005,22.39449541284404,0.0729550478997789,1.137809187279152,2019-10-23,1.14,bmo,3800319327.0,2025-04-25,2019-09-30,0.043859649122807,116.78046875,1698371.109375
2019-06-30,WM,USD,823768,2019-07-25,2019-07-25 12:31:51,2019,Q2,3946000000.0,2443000000.0,1503000000.0,0.3808920426,0,381000000.0,0.0,381000000.0,1000000.0,800000000.0,3243000000.0,0.0,100000000.0,409000000.0,1128000000.0,0.2858590978,696000000.0,0.1763811455,-199000000.0,497000000.0,0.1259503294,115000000.0,381000000.0,0.0965534719,0.9,0.89,424800000,427500000,https://www.sec.gov/Archives/edgar/data/823768/000155837019006306/0001558370-19-006306-index.htm,https://www.sec.gov/Archives/edgar/data/823768/000155837019006306/wm-20190630x10q.htm,9.289077212806026,0.8968926553672316,2.37758945386064,1.0169491525423728,5.296610169491525,15.223634651600753,-1.393596986817326,15.221280602636536,30.22363465160075,48975192000.0,59464192000.0,32.135952755905514,12.411351241763812,48.4902891089109,113.3685,7.574264150943397,7.574264150943397,15.06948606183477,52.71648226950354,58.87543762376237,137.6485925925926,0.0077794488278882,0.0088207923717787,1.9701515620167027,0.4902255060417148,9.298758865248226,1.6992269852424455,6.96,2.643979057591623,0.0044308146867499,0.5695538057742782,0.0965534718702483,0.0,0.2716462710690371,0.5722772277227722,0.146477445514445,1.41320293398533,0.0040547389761784,17.526172785301398,0.0230028260377538,0.0201299730543667,-36.53954802259887,1990000000.0,-592000000.0,-14683000000.0,21714000000.0,2170500000.0,903500000.0,104500000.0,51.54586923466801,33.45067539909947,3.831354891526811,1.7460176991150442,2.690528634361234,23.490384615384617,0.0589236003711722,1.3606403013182675,2019-07-25,1.08,bmo,3839351351.0,2025-04-25,2019-06-30,0.0277777777777778,108.50428571428571,1688208.9206349207
2019-03-31,WM,USD,823768,2019-04-25,2019-04-25 13:11:22,2019,Q1,3696000000.0,2298000000.0,1398000000.0,0.3782467532,0,400000000.0,9000000.0,409000000.0,-54000000.0,775000000.0,3073000000.0,0.0,96000000.0,366000000.0,989000000.0,0.2675865801,621000000.0,0.1680194805,-159000000.0,462000000.0,0.125,115000000.0,347000000.0,0.0938852814,0.82,0.81,424500000,426900000,https://www.sec.gov/Archives/edgar/data/823768/000155837019003279/0001558370-19-003279-index.htm,https://www.sec.gov/Archives/edgar/data/823768/000155837019003279/wm-20190331x10q.htm,8.706713780918728,0.817432273262662,2.0965842167255597,0.9870435806831568,0.1342756183745583,15.116607773851593,-1.4888103651354534,15.111896348645466,24.645465253239102,44156490000.0,54465490000.0,31.81303314121037,11.947102272727273,49.61403370786517,105.38541766109785,6.883318784099766,6.883318784099766,14.736333874458875,55.07127401415571,61.1971797752809,129.98923627684965,0.0078584144708965,0.0094889788567886,1.615900233826968,0.4435031874384974,10.42366026289181,0.6888150609080842,6.46875,2.564841498559078,0.005050220250749,0.6426512968299711,0.1082251082251082,0.0,0.3015873015873015,0.5292134831460674,0.1274350649350649,1.286885245901639,0.0073051948051948,16.67157506583038,0.0224198268564736,0.0212570448419505,-36.00883392226148,-1124000000.0,-632000000.0,-14468000000.0,18315000000.0,2178000000.0,968000000.0,103500000.0,50.6737012987013,35.2088772845953,4.112271540469974,1.7760691975012013,2.556173526140156,21.88571428571429,0.0540919719407638,1.1095406360424027,2019-04-25,0.92,bmo,3617361702.0,2025-04-25,2019-03-31,0.0217391304347825,97.58016393442624,1817261.5409836064
2018-12-31,WM,USD,823768,2019-02-14,2019-02-14 11:54:21,2018,Q4,3842000000.0,2379000000.0,1463000000.0,0.3807912546,0,351000000.0,19000000.0,370000000.0,1000000.0,740000000.0,3119000000.0,0.0,97000000.0,370000000.0,1093000000.0,0.2844872462,767000000.0,0.1996356065,-108000000.0,659000000.0,0.1715252473,128000000.0,531000000.0,0.138209266,1.25,1.24,425300000,428500000,https://www.sec.gov/Archives/edgar/data/823768/000155837019000662/0001558370-19-000662-index.htm,https://www.sec.gov/Archives/edgar/data/823768/000155837019000662/wm-20181231x10k.htm,9.033623324711968,1.2485304490947566,2.144368680931108,1.0768869033623325,0.1434281683517517,14.7566423700917,-1.7070303315306845,14.75429108864331,23.802022102045616,37847447000.0,47812447000.0,17.81894868173258,9.85097527329516,41.49939364035088,82.63634716157205,6.031465657370518,6.031465657370518,12.444676470588234,43.74423330283623,52.425928728070176,104.39398908296944,0.0140300084177408,0.0121012125335693,1.5977689243027888,0.4426490066225165,9.117108874656909,0.851029601029601,7.907216494845361,1.7175141242937852,0.0052051067011204,0.3709981167608286,0.0913586673607496,0.0,0.3091390728476821,0.4978070175438596,0.1181676210307131,1.227027027027027,0.0067673086933888,20.358698086494098,0.0325275137768548,0.0339340490797546,-34.2246649423936,-463000000.0,-726000000.0,-13729000000.0,18481000000.0,2308500000.0,988500000.0,102500000.0,53.29255596043728,39.23076923076923,3.858764186633039,1.6887912087912087,2.294117647058824,23.323529411764707,0.0846215139442231,1.067481777568775,2019-02-14,1.06,bmo,3604000000.0,2025-04-25,2018-12-31,0.0660377358490564,89.78777777777778,2129477.8571428573
2018-09-30,WM,USD,823768,2018-10-25,2018-10-25 11:30:08,2018,Q3,3822000000.0,2373000000.0,1449000000.0,0.3791208791,0,332000000.0,0.0,332000000.0,389000000.0,721000000.0,3094000000.0,0.0,93000000.0,376000000.0,1104000000.0,0.2888540031,699000000.0,0.18288854,-102000000.0,597000000.0,0.1562009419,99000000.0,499000000.0,0.1305599163,1.16,1.16,427900000,430800000,https://www.sec.gov/Archives/edgar/data/823768/000155837018007858/0001558370-18-007858-index.htm,https://www.sec.gov/Archives/edgar/data/823768/000155837018007858/wm-20180930x10q.htm,8.93199345641505,1.166160317831269,2.042533302173405,1.0983874737088104,0.1939705538677261,14.585183454078056,-1.642907221313391,14.58050946482823,23.624678663239077,38583743000.0,48516743000.0,19.330532565130262,10.095170852956567,44.1461590389016,82.09307021276595,6.184283218464498,6.184283218464498,12.694071951857666,43.94632518115942,55.511147597254,103.22711276595744,0.0129329080384969,0.012181296148484,1.605385478442058,0.443362400956133,8.997282608695652,0.8713355048859935,7.516129032258065,1.7550200803212852,0.0051576126245709,0.3987975951903807,0.086865515436944,0.0,0.307379044752335,0.4622425629290618,0.1057038199895342,1.074468085106383,0.0057561486132914,19.55945448912196,0.0308054431073371,0.0318910973349523,-33.79060528160785,-395000000.0,-703000000.0,-13675000000.0,18364000000.0,2265500000.0,884500000.0,101500000.0,55.149136577708006,35.65107458912769,3.9064475347661194,1.631938514090521,2.524468085106383,23.038834951456312,0.0799807661484212,0.9441458284645944,2018-10-25,1.11,bmo,3689060869.0,2025-04-25,2018-09-30,0.0360360360360358,88.67222222222223,1697106.015873016
2018-06-30,WM,USD,823768,2018-07-25,2018-07-25 11:58:01,2018,Q2,3739000000.0,2313000000.0,1426000000.0,0.3813853972,0,355000000.0,0.0,355000000.0,394000000.0,749000000.0,3062000000.0,0.0,93000000.0,384000000.0,1061000000.0,0.2837657128,715000000.0,0.191227601,-106000000.0,609000000.0,0.1628777748,110000000.0,499000000.0,0.1334581439,1.16,1.15,429900000,432300000,https://www.sec.gov/Archives/edgar/data/823768/000155837018005703/0001558370-18-005703-index.htm,https://www.sec.gov/Archives/edgar/data/823768/000155837018005703/wm-20180630x10q.htm,8.697371481739939,1.1607350546638753,2.267969295184926,1.2537799488253083,0.1093277506396836,14.08699697604094,-1.960921144452198,14.082344731332867,23.003023959060247,34968066000.0,44717066000.0,17.51907114228457,9.352250869216368,35.86468307692308,64.87581818181818,5.776026759167492,5.776026759167492,11.959632522064725,42.14615080113101,45.86365743589744,82.96301669758813,0.0142701629538219,0.0154140637918036,1.618103733069045,0.444989552103207,9.188501413760603,0.7476550680786687,7.688172043010753,1.9539078156312624,0.0057195041899085,0.4008016032064128,0.0949451725060176,0.0,0.313391478150268,0.4471794871794872,0.1166087189087991,1.1354166666666667,0.0048141214228403,19.177645882229186,0.0316062720535656,0.0330135626860734,-33.07571528262387,-834000000.0,-843000000.0,-13487000000.0,17690000000.0,2196500000.0,810000000.0,99000000.0,52.69055897298743,32.2568093385214,3.891050583657587,1.708085883965281,2.790108564535585,23.13,0.082424843078956,1.0141893463596183,2018-07-25,0.99,bmo,3664960396.0,2025-04-25,2018-06-30,0.0202020202020202,82.80421875,2212672.328125
2018-03-31,WM,USD,823768,2018-04-23,2018-04-23 10:06:15,2018,Q1,3511000000.0,2184000000.0,1327000000.0,0.3779549986,0,362000000.0,11000000.0,373000000.0,1000000.0,720000000.0,2904000000.0,0.0,91000000.0,347000000.0,954000000.0,0.2717174594,608000000.0,0.173170037,-97000000.0,511000000.0,0.1455425805,116000000.0,396000000.0,0.1127883794,0.91,0.91,433300000,435800000,https://www.sec.gov/Archives/edgar/data/823768/000155837018003147/0001558370-18-003147-index.htm,https://www.sec.gov/Archives/edgar/data/823768/000155837018003147/wm-20180331x10q.htm,8.1029309946919,0.9139164551119316,1.8670666974382648,0.9439187629817678,0.1200092314793445,13.99723055619663,-1.9824601892453264,13.948765289637665,23.1894761135472,36449196000.0,46354196000.0,23.010856060606063,10.381428652805468,45.054630407911,89.11783863080684,6.030641297154203,6.030641297154203,13.202562232982055,48.58930398322851,57.29814091470952,113.33544254278728,0.0108644371744166,0.0112210979907485,1.6474189278623428,0.4504207002623722,10.382599580712789,0.7385117106433442,6.681318681318682,2.0481012658227846,0.0056517021664894,0.5202020202020202,0.1031045286243235,0.0,0.3132181308242106,0.4944375772558714,0.113927655938479,1.1527377521613833,0.0065508402164625,16.93606028126421,0.0237495795911049,0.0260835199578448,-32.97253634894992,-882000000.0,-859000000.0,-13550000000.0,17679000000.0,2289000000.0,915500000.0,97000000.0,56.49672457989177,32.59615384615385,4.038461538461538,1.5930127041742286,2.7610619469026547,22.285714285714285,0.0655195234943745,0.9231479344564968,2018-04-20,0.83,bmo,3202340659.0,2025-04-25,2018-03-31,0.0963855421686747,85.79540983606556,2387294.393442623
2017-12-31,WM,USD,823768,2018-02-15,2018-02-15 12:17:48,2017,Q4,3652000000.0,2263000000.0,1389000000.0,0.38033954,0,357000000.0,12000000.0,369000000.0,-8000000.0,711000000.0,2974000000.0,0.0,91000000.0,342000000.0,1020000000.0,0.2792990142,704000000.0,0.1927710843,-120000000.0,584000000.0,0.1599123768,-319000000.0,903000000.0,0.2472617744,2.08,2.06,434400000,437700000,https://www.sec.gov/Archives/edgar/data/823768/000155837018000716/0001558370-18-000716-index.htm,https://www.sec.gov/Archives/edgar/data/823768/000155837018000716/wm-20171231x10k.htm,8.406998158379373,2.078729281767956,1.8186003683241247,0.6031307550644567,0.0506445672191528,13.908839779005524,-1.731123388581952,13.855893186003684,22.05801104972376,37488720000.0,46957720000.0,10.378936877076413,10.2652573932092,47.45407594936709,143.08671755725192,6.228396743645123,6.228396743645123,12.858083242059145,46.03698039215686,59.44015189873418,179.2279389312977,0.0240872454434293,0.0069887688883482,1.5768400066456223,0.4347885839937697,9.283333333333331,0.8044144696505211,7.736263736263736,0.8748615725359912,0.0049081430360919,0.2037652270210409,0.0977546549835706,0.0,0.3112373448165285,0.6683544303797468,0.144578313253012,1.543859649122807,0.0073932092004381,25.45701563504423,0.0563839192585454,0.0600598603259062,-32.08218232044199,-638000000.0,-752000000.0,-13163000000.0,17715000000.0,2188000000.0,914500000.0,97500000.0,58.50492880613363,41.36102518780381,3.817940786566505,1.5383319292333617,2.1759615384615385,23.572916666666668,0.1500249210832364,1.2154696132596683,2018-02-15,0.83,bmo,3566070588.0,2025-04-25,2017-12-31,0.0240963855421686,81.40492063492064,1912499.2857142857
2017-09-30,WM,USD,823768,2017-10-26,2017-10-26 12:01:06,2017,Q3,3716000000.0,2302000000.0,1414000000.0,0.3805166846,0,346000000.0,0.0,346000000.0,360000000.0,706000000.0,3008000000.0,0.0,90000000.0,350000000.0,1058000000.0,0.284714747,701000000.0,0.1886437029,-98000000.0,603000000.0,0.1622712594,215000000.0,386000000.0,0.1038751346,0.88,0.87,437800000,440800000,https://www.sec.gov/Archives/edgar/data/823768/000155837017007569/0001558370-17-007569-index.htm,https://www.sec.gov/Archives/edgar/data/823768/000155837017007569/wm-20170930x10q.htm,8.487894015532207,0.8816811329374143,1.955230698949292,1.1557788944723617,0.079945180447693,12.105984467793514,-3.4901781635449978,12.055733211512106,21.550936500685243,34266606000.0,43576606000.0,22.193397668393786,9.221368675995697,40.03108177570093,67.72056521739131,6.492346722243274,6.492346722243274,11.726750807319698,41.18771833648393,50.90725,86.11977470355731,0.0112646113828722,0.0147665631081175,1.7705570291777188,0.4460833452670772,8.799621928166351,0.7057379564283522,7.788888888888889,2.206185567010309,0.0053988422430864,0.4792746113989637,0.0931108719052744,0.0,0.3259344121437777,0.4088785046728972,0.0941872981700753,1.0,0.0053821313240043,15.464783594254952,0.0257101027768892,0.027335174562708,-32.121973503883055,-959000000.0,-1528000000.0,-13349000000.0,17005000000.0,2039500000.0,798500000.0,97500000.0,48.48762109795479,30.84708948740226,3.870547350130322,1.856143856143856,2.917617237008872,23.252525252525253,0.0731337627889352,0.7994518044769301,2017-10-26,0.88,bmo,3633422222.0,2025-04-25,2017-09-30,0.0113636363636363,75.98761904761905,1583929.507936508
2017-06-30,WM,USD,823768,2017-07-26,2017-07-26 11:44:42,2017,Q2,3677000000.0,2290000000.0,1387000000.0,0.3772096818,0,343000000.0,0.0,343000000.0,366000000.0,709000000.0,2999000000.0,0.0,90000000.0,356000000.0,1034000000.0,0.2812075061,673000000.0,0.1830296437,-103000000.0,570000000.0,0.1550176775,209000000.0,362000000.0,0.0984498232,0.82,0.81,441900000,444400000,https://www.sec.gov/Archives/edgar/data/823768/000119312517236070/0001193125-17-236070-index.htm,https://www.sec.gov/Archives/edgar/data/823768/000119312517236070/d393171d10q.htm,8.320887078524553,0.8191898619597194,1.839782756279701,1.1631590857660103,0.0724145734329033,12.462095496718714,-2.973523421588595,12.414573432903373,20.699253224711477,32413365000.0,41438365000.0,22.384920580110496,8.815165896110958,39.86883763837638,63.0610214007782,5.908378600072912,5.908378600072912,11.269612455806364,40.07578820116054,50.96969864698647,80.61938715953308,0.0111682326102211,0.015857656247662,1.6509296390812978,0.4346177839627621,8.728239845261122,0.8397111913357401,7.477777777777778,2.25207756232687,0.0057692251329042,0.5165745856353591,0.0932825673103073,0.0,0.3273189692403666,0.3677736777367774,0.0813162904541746,0.8398876404494382,0.0048952950775088,15.126882880413616,0.0243256097096982,0.0258239406477386,-30.98947725729803,-444000000.0,-1314000000.0,-13006000000.0,17379000000.0,2024500000.0,764000000.0,95500000.0,50.83763937992929,31.755458515283845,3.77292576419214,1.770341839191141,2.834158415841584,23.854166666666668,0.0659861465548669,0.6766236705136909,2017-07-26,0.81,bmo,3677000000.0,2025-04-25,2017-06-30,0.0123456790123455,72.8104761904762,1640123.5238095238
2017-03-31,WM,USD,823768,2017-04-26,2017-04-26 11:28:09,2017,Q1,3440000000.0,2166000000.0,1274000000.0,0.3703488372,0,380000000.0,0.0,380000000.0,338000000.0,718000000.0,2884000000.0,0.0,92000000.0,328000000.0,884000000.0,0.2569767442,558000000.0,0.1622093023,-124000000.0,434000000.0,0.1261627907,137000000.0,298000000.0,0.086627907,0.68,0.67,441300000,444100000,https://www.sec.gov/Archives/edgar/data/823768/000119312517138491/0001193125-17-138491-index.htm,https://www.sec.gov/Archives/edgar/data/823768/000119312517138491/d355982d10q.htm,7.795150691139814,0.6752775889417629,1.6338092000906412,0.881486517108543,0.0679809653297076,12.54928619986404,-2.848402447314752,12.501699524133242,20.69793791071833,32179596000.0,41191596000.0,26.99630536912752,9.354533720930233,44.63189459084605,82.7238971722365,5.832806960304514,5.832806960304514,11.974301162790695,46.59682805429864,57.13120110957004,105.89099228791774,0.0092605264528491,0.0120884053361017,1.6389342033713974,0.4378692493946731,10.194570135746606,0.8690383111806098,6.065217391304348,2.427609427609428,0.006028664871989,0.6510067114093959,0.1104651162790697,0.0,0.3290556900726392,0.4604715672676838,0.0965116279069767,1.0121951219512195,0.0104651162790697,13.78214947050892,0.0216251638269986,0.0215084806928906,-30.717199184228416,-335000000.0,-1257000000.0,-12889000000.0,17389000000.0,2052000000.0,759500000.0,92500000.0,51.593023255813954,29.916897506925206,3.947368421052632,1.744421906693712,3.0083333333333333,22.8,0.0540148631502628,0.7523226829820984,2017-04-26,0.66,bmo,3440000000.0,2025-04-25,2017-03-31,0.0,71.36016129032258,1588728.741935484
2016-12-31,WM,USD,823768,2017-02-16,2017-02-16 14:12:46,2016,Q4,3460000000.0,2147000000.0,1313000000.0,0.3794797688,0,364000000.0,14000000.0,378000000.0,-1000000.0,691000000.0,2838000000.0,0.0,94000000.0,313000000.0,935000000.0,0.2702312139,617000000.0,0.1783236994,-107000000.0,510000000.0,0.1473988439,176000000.0,335000000.0,0.0968208092,0.76,0.75,441100000,444200000,https://www.sec.gov/Archives/edgar/data/823768/000119312517046480/0001193125-17-046480-index.htm,https://www.sec.gov/Archives/edgar/data/823768/000119312517046480/d252547d10k.htm,7.844026297891634,0.7594649739288143,1.707095896622081,0.8524144184992065,0.0725459079573792,12.060757197914306,-3.3688506007708003,12.00861482656994,21.31942870097484,31278401000.0,40556401000.0,23.34209029850746,9.04000028901734,41.538381142098274,83.18723670212766,5.904927506135548,5.904927506135548,11.721503179190751,43.375829946524064,53.85976228419655,107.86276861702127,0.0107102661673785,0.0120210748624905,1.7575986407400417,0.44633012129057,9.922994652406418,0.8503937007874016,6.5638297872340425,2.254491017964072,0.0057547698809795,0.5373134328358209,0.1052023121387283,0.0,0.3262860156287454,0.50066401062417,0.1089595375722543,1.2044728434504792,0.0066473988439306,14.324899747959757,0.0218631376368315,0.0238383263360136,-31.428247562910904,-418000000.0,-1486000000.0,-13163000000.0,17338000000.0,2086000000.0,744000000.0,91500000.0,55.45664739884393,33.493246390312066,3.772706101537029,1.622889305816135,2.6871088861076347,23.85555555555555,0.0632433452897866,0.8546814781228746,2017-02-16,0.77,bmo,3505526315.0,2025-04-25,2016-12-31,-0.0129870129870129,66.88396825396825,1913022.365079365
2016-09-30,WM,USD,823768,2016-10-26,2016-10-26 11:28:18,2016,Q3,3548000000.0,2216000000.0,1332000000.0,0.3754227734,0,322000000.0,0.0,322000000.0,344000000.0,666000000.0,2882000000.0,0.0,94000000.0,336000000.0,1002000000.0,0.2824126268,560000000.0,0.1578354002,-103000000.0,457000000.0,0.1288049605,153000000.0,302000000.0,0.0851183766,0.68,0.68,442900000,445700000,https://www.sec.gov/Archives/edgar/data/823768/000119312516747491/0001193125-16-747491-index.htm,https://www.sec.gov/Archives/edgar/data/823768/000119312516747491/d230847d10q.htm,8.010837660871529,0.6818694965003387,1.700158049221043,0.9482953262587492,0.0677353804470535,12.1539850982163,-3.2987130277715058,12.099796793858658,21.122149469406185,28239304000.0,37470304000.0,23.37690728476821,7.959217587373168,37.502395750332006,67.2364380952381,5.269509983205822,5.269509983205822,10.560965050732808,37.3955129740519,49.7613598937583,89.21500952380953,0.0106943145624268,0.0148728878020506,1.7281209180817316,0.4461842358835999,9.2125748502994,0.8607357357357357,5.957446808510638,2.476973684210526,0.0064449180475552,0.6026490066225165,0.0907553551296505,0.0,0.3297359799576026,0.4422310756972111,0.0938556933483652,0.9910714285714286,0.0045095828635851,13.624824873027116,0.0212006380614965,0.0217078780908568,-31.082637164145407,-371000000.0,-1461000000.0,-13080000000.0,17315000000.0,2031500000.0,654500000.0,93000000.0,51.747463359639234,27.982851985559567,3.777075812274368,1.7392156862745098,3.216255442670537,23.827956989247312,0.0563537973502519,0.751862722962294,2016-10-26,0.8,bmo,3379047619.0,2025-04-25,2016-09-30,0.0499999999999999,65.37609375,2185282.1875
2016-06-30,WM,USD,823768,2016-07-27,2016-07-27 11:25:17,2016,Q2,3425000000.0,2130000000.0,1295000000.0,0.3781021898,0,333000000.0,0.0,333000000.0,-40000000.0,680000000.0,2810000000.0,0.0,93000000.0,340000000.0,955000000.0,0.2788321168,611000000.0,0.1783941606,-152000000.0,459000000.0,0.1340145985,173000000.0,287000000.0,0.0837956204,0.65,0.64,444000000,446700000,https://www.sec.gov/Archives/edgar/data/823768/000119312516659444/0001193125-16-659444-index.htm,https://www.sec.gov/Archives/edgar/data/823768/000119312516659444/d189485d10q.htm,7.713963963963964,0.6463963963963963,1.6846846846846846,0.981981981981982,0.0878378378378378,11.774774774774777,-3.68018018018018,11.72972972972973,21.673423423423426,29423880000.0,38914880000.0,25.6305574912892,8.59091386861314,39.33673796791444,67.4859633027523,5.649746543778801,5.649746543778801,11.362008759124087,40.74856544502618,52.02524064171123,89.25431192660551,0.009753982139677,0.0148178962121922,1.829877112135177,0.4592328450269853,9.938219895287958,0.8111190306486101,6.56989247311828,2.6153846153846154,0.0061514660880889,0.6306620209059234,0.0972262773722627,0.0,0.3306669236700077,0.4171122994652406,0.0910948905109489,0.9176470588235294,0.0061313868613138,13.061249485788942,0.0205124051536323,0.020662347012239,-31.354166666666668,-530000000.0,-1634000000.0,-13248000000.0,17173000000.0,2005500000.0,605500000.0,92500000.0,53.159124087591245,26.197183098591548,3.929577464788732,1.6930301532377656,3.435483870967742,22.90322580645161,0.0551075268817204,0.7027027027027027,2016-07-27,0.71,bmo,3286148648.0,2025-04-25,2016-06-30,0.0422535211267606,60.4215625,2249843.171875
2016-03-31,WM,USD,823768,2016-04-28,2016-04-28 11:48:52,2016,Q1,3176000000.0,1993000000.0,1183000000.0,0.3724811083,0,351000000.0,0.0,351000000.0,-9000000.0,674000000.0,2667000000.0,0.0,95000000.0,312000000.0,821000000.0,0.2585012594,508000000.0,0.1599496222,-112000000.0,396000000.0,0.1246851385,140000000.0,258000000.0,0.0812342569,0.58,0.58,446100000,448600000,https://www.sec.gov/Archives/edgar/data/823768/000119312516561968/0001193125-16-561968-index.htm,https://www.sec.gov/Archives/edgar/data/823768/000119312516561968/d162702d10q.htm,7.1194799372338045,0.5783456624075319,1.5826047971306882,0.8720017933198835,0.233131584846447,11.903160726294551,-3.474557274153778,11.858327729208698,21.72382873795113,26319900000.0,35811900000.0,25.503779069767443,8.287122166246851,37.28031161473088,67.66041131105399,4.975406427221172,4.975406427221172,11.275787153652391,43.61985383678441,50.72507082152975,92.06143958868894,0.0098024688543649,0.0147796914122014,1.8139886578449904,0.4617679611183292,11.56151035322777,0.89921875,5.347368421052631,2.7578125,0.0069529139548402,0.7093023255813954,0.1105163727959697,0.0,0.3301092343968048,0.4490084985835694,0.0998110831234257,1.016025641025641,0.0094458438287153,12.422148732239652,0.0175195540359584,0.0185331513540693,-31.002017484868865,-258000000.0,-1550000000.0,-13169000000.0,17398000000.0,1768500000.0,656000000.0,92000000.0,56.33501259445844,26.68840943301555,4.154540893125941,1.5975855130784709,3.3722504230118444,21.66304347826087,0.0487712665406427,0.7106030038108048,2016-04-28,0.55,bmo,3011724137.0,2025-04-25,2016-03-31,0.0545454545454543,55.20245901639344,2474213.1147540985
2015-12-31,WM,USD,823768,2016-02-18,2016-02-18 11:45:02,2015,Q4,3246000000.0,2027000000.0,1219000000.0,0.3755391251,0,333000000.0,10000000.0,343000000.0,-5000000.0,644000000.0,2671000000.0,0.0,91000000.0,301000000.0,789000000.0,0.2430683919,502000000.0,0.1546518792,-105000000.0,397000000.0,0.1223043746,124000000.0,273000000.0,0.084103512,0.61,0.61,447300000,450600000,https://www.sec.gov/Archives/edgar/data/823768/000119312516467957/0001193125-16-467957-index.htm,https://www.sec.gov/Archives/edgar/data/823768/000119312516467957/d83265d10k.htm,7.256874580818243,0.6103286384976526,1.1759445562262465,0.3509948580371115,0.0871898054996646,11.998658618376927,-2.445785826067516,11.949474625530964,20.281690140845072,23872401000.0,32814401000.0,21.861173076923077,7.35440573012939,45.3847927756654,152.0535095541401,4.466305144995323,4.466305144995323,10.109180837954405,41.5898618504436,62.38479277566539,209.008923566879,0.0114357998594276,0.0065766321535902,1.6802619270346115,0.4398354473774425,11.333333333333334,0.9342629482071712,5.516483516483516,1.9267399267399268,0.0072049728052071,0.63003663003663,0.1025878003696857,0.0,0.316420980459376,0.7015209125475285,0.1136783733826247,1.2259136212624584,0.0058533579790511,12.809953084483082,0.019006939226225,0.0195586760280842,-30.863514419852446,-165000000.0,-1094000000.0,-12707000000.0,16961000000.0,1775500000.0,696000000.0,92000000.0,42.94824399260629,32.012826837691165,4.084854464726196,2.095545513234345,2.811373092926491,22.032608695652176,0.0510757717492984,0.8249496981891348,2016-02-18,0.68,bmo,3108845070.0,2025-04-25,2015-12-31,0.0441176470588234,53.13234375,1989052.78125
2015-09-30,WM,USD,823768,2015-10-27,2015-10-27 11:35:29,2015,Q3,3360000000.0,2095000000.0,1265000000.0,0.3764880952,0,322000000.0,0.0,322000000.0,-1000000.0,660000000.0,2755000000.0,0.0,95000000.0,330000000.0,935000000.0,0.2782738095,601000000.0,0.1788690476,-105000000.0,496000000.0,0.1476190476,159000000.0,335000000.0,0.099702381,0.75,0.74,449600000,452700000,https://www.sec.gov/Archives/edgar/data/823768/000119312515354299/0001193125-15-354299-index.htm,https://www.sec.gov/Archives/edgar/data/823768/000119312515354299/d69914d10q.htm,7.473309608540926,0.7451067615658363,1.4612989323843415,0.7161921708185054,0.2513345195729537,11.692615658362987,-2.5,11.643683274021353,20.3403024911032,22394576000.0,31331576000.0,16.712370149253733,6.665052380952381,34.08611263318112,69.54837267080745,4.2778559694364855,4.2778559694364855,9.32487380952381,33.50970695187166,47.688852359208525,97.30303105590062,0.0149589793528575,0.0143784816466272,1.728748806112703,0.4435839623566317,9.558288770053476,0.9823914823914824,6.326315789473684,1.9495548961424327,0.0076804311901238,0.5134328358208955,0.0958333333333333,0.0,0.3127634545632781,0.5098934550989346,0.0997023809523809,1.0151515151515151,0.006845238095238,13.97158582919626,0.0224671651062696,0.0238927323300763,-29.992215302491104,-43000000.0,-1124000000.0,-12746000000.0,16997000000.0,1977500000.0,689000000.0,97000000.0,53.62499999999999,28.825775656324584,3.9522673031026256,1.6783216783216783,3.12220566318927,22.77173913043478,0.0639923591212989,0.7451067615658363,2015-10-27,0.71,bmo,3180800000.0,2025-04-25,2015-09-30,0.0563380281690141,49.828125,2464527.671875
2015-06-30,WM,USD,823768,2015-07-23,2015-07-23 11:28:37,2015,Q2,3315000000.0,2163000000.0,1152000000.0,0.3475113122,0,316000000.0,0.0,316000000.0,-1000000.0,644000000.0,2807000000.0,0.0,95000000.0,322000000.0,830000000.0,0.2503770739,502000000.0,0.1514328808,-113000000.0,389000000.0,0.1173453997,116000000.0,274000000.0,0.0826546003,0.6,0.6,455500000,458000000,https://www.sec.gov/Archives/edgar/data/823768/000119312515260805/0001193125-15-260805-index.htm,https://www.sec.gov/Archives/edgar/data/823768/000119312515260805/d925197d10q.htm,7.277716794731065,0.601536772777168,1.7914379802414928,1.141602634467618,0.5993413830954994,11.870472008781558,-2.1624588364434687,11.82436882546652,20.199780461031832,21112425000.0,29945425000.0,19.263161496350364,6.368755656108597,25.87306985294118,40.60081730769231,3.919870961752693,3.919870961752693,9.033310708898943,36.078825301204816,36.69782475490196,57.58735576923077,0.0129781396499928,0.0246300460510812,1.6906795395469736,0.4425114199630673,10.642168674698794,1.030682276947921,5.28421052631579,2.989010989010989,0.0082889578056523,0.6386861313868614,0.0953242835595776,0.0,0.3106229954320147,0.3627450980392157,0.0892911010558069,0.9192546583850932,0.0030165912518853,12.65060610905489,0.0192547052468882,0.0193148174256309,-29.379253567508236,76000000.0,-985000000.0,-12618000000.0,17133000000.0,1980500000.0,670500000.0,105500000.0,53.02262443438914,29.417475728155345,4.244105409153953,1.697388632872504,3.0594059405940595,21.205882352941178,0.0508726327515781,0.6498353457738749,2015-07-23,0.63,bmo,3117089552.0,2025-04-25,2015-06-30,0.0634920634920635,50.28,2272010.888888889
2015-03-31,WM,USD,823768,2015-04-29,2015-04-29 11:42:43,2015,Q1,3040000000.0,1946000000.0,1094000000.0,0.3598684211,0,336000000.0,0.0,336000000.0,304000000.0,640000000.0,2586000000.0,0.0,104000000.0,292000000.0,-32000000.0,-0.0105263158,440000000.0,0.1447368421,-662000000.0,-222000000.0,-0.0730263158,-91000000.0,-129000000.0,-0.0424342105,-0.28,-0.28,458500000,458500000,https://www.sec.gov/Archives/edgar/data/823768/000119312515155291/0001193125-15-155291-index.htm,https://www.sec.gov/Archives/edgar/data/823768/000119312515155291/d886749d10q.htm,6.630316248636859,-0.2813522355507088,1.0883315158124318,0.5801526717557252,0.604143947655398,12.159214830970557,-1.840785169029444,12.113413304253,20.30752453653217,24864455000.0,33794455000.0,-48.18692829457364,8.179097039473683,49.82856713426853,93.4753947368421,4.476855419517465,4.476855419517465,11.116597039473683,-1056.07671875,67.72435871743487,127.04682330827067,-0.0051881289978002,0.0106980024295726,1.6577241627655743,0.4449760765550239,-279.0625,1.1513418389793224,4.230769230769231,-3.8091603053435112,0.0070783775473864,-1.3643410852713178,0.1105263157894736,0.0,0.3102315016190614,0.4669338677354709,0.0766447368421052,0.797945205479452,0.006578947368421,,0.0139696351899085,-0.0090386771300448,-28.960741548527807,344000000.0,-844000000.0,-12499000000.0,17442000000.0,1797500000.0,687000000.0,107500000.0,59.44736842105264,29.321685508735865,5.041109969167523,1.5139442231075697,3.0694006309148265,17.853211009174313,-0.0232265034209578,0.5081788440567067,2015-04-29,0.49,bmo,2977959183.0,2025-04-25,2015-03-31,0.0,53.204098360655735,2265975.918032787
2014-12-31,WM,USD,823768,2015-02-17,2015-02-17 12:21:00,2014,Q4,3437000000.0,2170000000.0,1267000000.0,0.3686354379,0,366000000.0,10000000.0,376000000.0,-22000000.0,683000000.0,2853000000.0,1000000.0,115000000.0,307000000.0,1020000000.0,0.2967704393,752000000.0,0.2187954612,-153000000.0,599000000.0,0.1742798953,1000000.0,590000000.0,0.1716613326,1.29,1.28,458500000,461900000,https://www.sec.gov/Archives/edgar/data/823768/000095012315002550/0000950123-15-002550-index.htm,https://www.sec.gov/Archives/edgar/data/823768/000095012315002550/d793975d10k.htm,7.4961832061068705,1.28680479825518,1.1341330425299891,0.3271537622682661,2.850599781897492,12.844056706652127,-0.6346782988004362,12.793893129770993,20.828789531079607,23530220000.0,31658220000.0,9.97043220338983,6.8461507128309576,45.25042307692308,156.86813333333333,4.011288782816229,4.011288782816229,9.211003782368344,31.037470588235298,60.88119230769231,211.0548,0.0250741387033355,0.0063747810262717,1.6084214115240367,0.4406407621894265,7.968627450980392,1.0447632711621233,6.539130434782609,0.8695652173913043,0.0073097489101249,0.2915254237288135,0.1064882164678498,0.0,0.2886232019428358,0.7115384615384616,0.1076520221123072,1.205211726384365,0.0072737852778585,19.24637547759185,0.0394775503123775,0.0387342436974789,-28.293893129770996,156000000.0,-291000000.0,-11882000000.0,16993000000.0,1650000000.0,726000000.0,106000000.0,41.55659004946174,30.69124423963133,4.3963133640553,2.165721487082546,2.9324324324324325,20.471698113207548,0.1005796113194681,0.806979280261723,2015-02-17,0.61,bmo,3077910447.0,2025-04-25,2014-12-31,0.098360655737705,48.69390625,2139011.1875
2014-09-30,WM,USD,823768,2014-10-29,2014-10-29 11:41:51,2014,Q3,3602000000.0,2299000000.0,1303000000.0,0.3617434758,0,365000000.0,0.0,365000000.0,-2000000.0,706000000.0,3005000000.0,0.0,116000000.0,329000000.0,926000000.0,0.2570794003,546000000.0,0.1515824542,-132000000.0,414000000.0,0.1149361466,133000000.0,270000000.0,0.0749583565,0.59,0.58,460800000,463600000,https://www.sec.gov/Archives/edgar/data/823768/000119312514386541/0001193125-14-386541-index.htm,https://www.sec.gov/Archives/edgar/data/823768/000119312514386541/d775526d10q.htm,7.816840277777778,0.5859375,1.4583333333333333,0.7921006944444444,0.3971354166666667,12.28949652777778,-1.23046875,11.640625,22.30902777777778,21901824000.0,31882824000.0,20.279466666666668,6.08046196557468,32.592000000000006,60.00499726027397,4.083114093959732,4.083114093959732,8.85142254303165,34.43069546436285,47.44467857142857,87.35020273972603,0.0123277403745003,0.016665278654417,1.894854586129754,0.4576110936022691,10.778617710583154,1.0863024544734758,4.706896551724138,2.391459074733096,0.0078532272015335,0.6370370370370371,0.1013325930038867,0.0,0.2804916482823826,0.4568452380952381,0.0852304275402554,0.933130699088146,0.0030538589672404,12.388110065546469,0.0189436284260364,0.0168950628871785,-32.61121961805556,327000000.0,-567000000.0,-12432000000.0,17406000000.0,1755000000.0,702000000.0,136000000.0,42.80122154358689,27.87298825576337,4.149630274032188,2.102743724460012,3.228932584269663,21.68867924528302,0.0503355704697986,0.6662326388888888,2014-10-29,0.68,bmo,3401888888.0,2025-04-25,2014-09-30,0.0588235294117645,45.796875,1492381.734375
2014-06-30,WM,USD,823768,2014-07-29,2014-07-29 11:23:11,2014,Q2,3561000000.0,2301000000.0,1260000000.0,0.3538331929,0,347000000.0,0.0,347000000.0,-2000000.0,692000000.0,2993000000.0,0.0,115000000.0,339000000.0,907000000.0,0.2547037349,532000000.0,0.149396237,-130000000.0,402000000.0,0.1128896377,180000000.0,210000000.0,0.0589721988,0.45,0.45,465900000,468000000,https://www.sec.gov/Archives/edgar/data/823768/000119312514283972/0001193125-14-283972-index.htm,https://www.sec.gov/Archives/edgar/data/823768/000119312514283972/d740524d10q.htm,7.6432710882163555,0.4507405022537025,1.1912427559562138,0.7447950203906417,0.2940545181369393,13.193818415969092,-0.94440867138871,12.562781712813909,21.27495170637476,20839707000.0,30499707000.0,24.809175,5.852206402695872,37.54902162162162,60.05679250720461,3.5605171706817016,3.5605171706817016,8.56492754844145,33.62701984564498,54.95442702702703,87.89540922190201,0.0100769171082875,0.0166509058884561,1.6738424739449855,0.4417241534785157,10.650496141124586,0.790268456375839,4.626086956521739,2.5,0.0083974309235729,0.8333333333333334,0.0974445380511092,0.0,0.2969926507056224,0.3747747747747748,0.0584105588317888,0.6135693215339233,0.0039314799213704,11.287492065383294,0.01470057767206,0.0134684453565931,-31.045825284395796,-625000000.0,-440000000.0,-13677000000.0,17993000000.0,1774000000.0,677500000.0,170000000.0,45.41701769165965,27.06649282920469,6.492829204693611,1.981636060100167,3.32514450867052,13.86144578313253,0.035879036391594,0.446447735565572,2014-07-29,0.59,bmo,3501650000.0,2025-04-25,2014-06-30,0.0169491525423729,43.50412698412699,1716691.396825397
2014-03-31,WM,USD,823768,2014-04-24,2014-04-24 12:17:05,2014,Q1,3396000000.0,2232000000.0,1164000000.0,0.3427561837,0,362000000.0,13000000.0,375000000.0,-3000000.0,692000000.0,2924000000.0,1000000.0,122000000.0,317000000.0,789000000.0,0.2323321555,469000000.0,0.1381036514,-133000000.0,336000000.0,0.0989399293,99000000.0,228000000.0,0.0671378092,0.49,0.49,465200000,466900000,https://www.sec.gov/Archives/edgar/data/823768/000119312514156430/0001193125-14-156430-index.htm,https://www.sec.gov/Archives/edgar/data/823768/000119312514156430/d690567d10q.htm,7.300085984522786,0.4901117798796217,1.2553740326741187,0.6835769561478934,0.7287188306104901,12.981513327601032,-1.1435941530524505,12.332330180567498,22.175408426483237,19570964000.0,29425964000.0,21.459390350877197,5.762945818610129,33.511924657534244,61.54391194968554,3.4113585497646857,3.4113585497646857,8.664889281507657,37.2952648922687,50.38692465753424,92.53447798742138,0.0116499115730834,0.016248560878248,1.776886874673174,0.4542375902325996,12.490494296577946,0.7551385165326184,3.844262295081968,2.4641350210970465,0.0088907219899847,0.7631578947368421,0.1065959952885747,0.0,0.2927992157561714,0.4554794520547945,0.0783274440518256,0.8391167192429022,0.004416961130742,11.661687555168635,0.0162953795379537,0.0143658244597063,-31.521388650042997,-822000000.0,-532000000.0,-13868000000.0,17919000000.0,1725000000.0,703500000.0,176000000.0,46.40459363957597,26.733870967741936,7.016129032258065,1.939463163906339,3.3665158371040724,12.827586206896552,0.0397420254488408,0.5717970765262252,2014-04-24,0.44,bmo,3049469387.0,2025-04-25,2014-03-31,0.1136363636363636,41.90311475409836,2311310.147540984
2013-12-31,WM,USD,823768,2014-02-18,2014-02-18 11:38:53,2013,Q4,3500000000.0,2267000000.0,1233000000.0,0.3522857143,0,363000000.0,0.0,363000000.0,-62000000.0,703000000.0,2970000000.0,2000000.0,118000000.0,327000000.0,-158000000.0,-0.0451428571,-410000000.0,-0.1171428571,-193000000.0,-603000000.0,-0.1722857143,-4000000.0,-605000000.0,-0.1728571429,-1.3,-1.3,465200000,466900000,https://www.sec.gov/Archives/edgar/data/823768/000119312514056656/0001193125-14-056656-index.htm,https://www.sec.gov/Archives/edgar/data/823768/000119312514056656/d581129d10k.htm,7.523645743766122,-1.3005159071367154,1.2833190025795356,0.3224419604471195,0.5051590713671539,12.901977644024075,-1.2833190025795356,12.267841788478076,22.23559759243336,20873524000.0,31041524000.0,-8.625423140495867,5.963864,34.96402680067002,139.15682666666666,3.657530050814788,3.657530050814788,8.869006857142857,-196.4653417721519,51.99585259631491,206.9434933333333,-0.0289840852938871,0.007186136849724,1.7918345891011038,0.4524178206432774,-64.35443037974683,0.8291307232913072,-3.4745762711864407,-0.996661101836394,0.0081921960086854,-0.2826446280991735,0.1037142857142857,0.0,0.2919523956996859,0.7487437185929648,0.1277142857142857,1.3669724770642202,0.0037142857142857,,-0.0200482532778718,-0.0378030492376905,-32.25010748065348,-515000000.0,-597000000.0,-14102000000.0,18428000000.0,1779500000.0,753500000.0,178000000.0,43.68857142857143,29.53683281870313,7.066607851786502,2.0600353148911124,3.047043010752688,12.735955056179776,-0.1060101629577711,0.9608770421324162,2014-02-18,0.6,bmo,3812499999.0,2025-04-25,2013-12-31,-0.0666666666666665,43.67734375,2165162.75
2013-09-30,WM,USD,823768,2013-10-29,2013-10-29 12:48:31,2013,Q3,3621000000.0,2325000000.0,1296000000.0,0.357912179,0,347000000.0,0.0,347000000.0,-3000000.0,693000000.0,3018000000.0,0.0,119000000.0,344000000.0,947000000.0,0.2615299641,577000000.0,0.1593482463,-125000000.0,452000000.0,0.1248273957,155000000.0,291000000.0,0.0803645402,0.62,0.62,469300000,471200000,https://www.sec.gov/Archives/edgar/data/823768/000119312513415362/0001193125-13-415362-index.htm,https://www.sec.gov/Archives/edgar/data/823768/000119312513415362/d581127d10q.htm,7.715746857021095,0.620072448327296,1.5682932026422332,0.8800340933304922,0.3345408054549328,14.947794587683784,-0.3132324738972938,14.293628808864266,21.68761985936501,19353932000.0,29255932000.0,16.627089347079036,5.344913559790113,26.296103260869565,46.86182082324455,2.885201550387597,2.885201550387597,8.079517260425296,30.89327560718057,39.74990760869565,70.83760774818401,0.0150357043726308,0.0213393330099537,1.499552772808587,0.4259941557616567,10.456177402323126,0.8445143256464012,4.848739495798319,2.478114478114478,0.0088354139096902,0.5876288659793815,0.0958298812482739,0.0,0.3033075001058739,0.4388586956521739,0.0892018779342723,0.938953488372093,0.0030378348522507,14.121594164518603,0.0177838996084343,0.0176888942921402,-31.870871510760708,-445000000.0,-147000000.0,-14181000000.0,19338000000.0,1856500000.0,729500000.0,174500000.0,46.23032311516155,29.53548387096774,6.890322580645162,1.946774193548387,3.0471821756225426,13.061797752808989,0.043381037567084,0.6882591093117408,2013-10-29,0.62,bmo,3453876923.0,2025-04-25,2013-09-30,0.0483870967741935,41.6765625,1476991.546875
2013-06-30,WM,USD,823768,2013-07-30,2013-07-30 11:41:04,2013,Q2,3526000000.0,2311000000.0,1215000000.0,0.344583097,0,347000000.0,0.0,347000000.0,2000000.0,692000000.0,3003000000.0,1000000.0,122000000.0,339000000.0,857000000.0,0.2430516166,510000000.0,0.1446398185,-127000000.0,383000000.0,0.1086216676,127000000.0,244000000.0,0.0692002269,0.52,0.52,467900000,469400000,https://www.sec.gov/Archives/edgar/data/823768/000119312513309193/0001193125-13-309193-index.htm,https://www.sec.gov/Archives/edgar/data/823768/000119312513309193/d542079d10q.htm,7.5357982474887795,0.5214789484932678,1.164778798888651,0.6625347296430861,0.3291301560162428,14.571489634537294,0.0341953408848044,13.911092113699508,21.141269502030347,19034172000.0,28650172000.0,19.502225409836065,5.398233692569484,34.92508623853211,61.40055483870968,2.924285143647257,2.924285143647257,8.125403289846853,33.430772462077016,52.569122935779816,92.41990967741935,0.0128190498646329,0.0162864977788369,1.5009986172991243,0.4245610985572745,11.22053675612602,0.7954996690933157,4.180327868852459,2.12890625,0.0089838423231648,0.7008196721311475,0.098411798071469,0.0,0.2955849122197114,0.4311926605504587,0.0666477595008508,0.6932153392330384,0.0036868973340896,12.77586349240288,0.0164156663998617,0.0150524367674275,-31.127911946997223,-618000000.0,16000000.0,-13790000000.0,18653000000.0,1816000000.0,685000000.0,174000000.0,47.29722064662507,27.10514928602337,6.659454781479879,1.9028602266594712,3.3204022988505746,13.514619883040936,0.0374865570748194,0.5022440692455653,2013-07-30,0.55,bmo,3591296296.0,2025-04-25,2013-06-30,-0.0181818181818181,40.37796875,2185162.5625
2013-03-31,WM,USD,823768,2013-04-24,2013-04-24 12:13:09,2013,Q1,3336000000.0,2209000000.0,1127000000.0,0.3378297362,0,370000000.0,20000000.0,390000000.0,-11000000.0,713000000.0,2922000000.0,1000000.0,122000000.0,323000000.0,706000000.0,0.2116306954,402000000.0,0.1205035971,-140000000.0,262000000.0,0.0785371703,86000000.0,168000000.0,0.0503597122,0.36,0.36,465700000,466500000,https://www.sec.gov/Archives/edgar/data/823768/000119312513169501/0001193125-13-169501-index.htm,https://www.sec.gov/Archives/edgar/data/823768/000119312513169501/d499184d10q.htm,7.16340992054971,0.3607472621859566,1.2389950611981964,0.6678118960704316,0.6592226755421945,14.421301266910028,-0.2297616491303414,13.732016319519005,21.75434829289242,17994648000.0,27696648000.0,26.77775,5.394079136690648,31.186564991334485,57.86060450160772,2.813862079749805,2.813862079749805,8.30235251798561,39.23037960339944,48.00112305025996,89.05674598070739,0.0093361092698228,0.0172829165649697,1.5651290070367474,0.4322608507881667,13.742209631728045,0.783249686323714,3.295081967213114,3.278409090909091,0.0094472534277969,1.011904761904762,0.1109112709832134,0.0,0.2946663787518894,0.4610051993067591,0.079736211031175,0.8235294117647058,0.0062949640287769,10.557471954027893,0.0129017152322735,0.0102865540044085,-31.585248013742756,-691000000.0,-107000000.0,-13942000000.0,18644000000.0,1758000000.0,758000000.0,175500000.0,47.99460431654676,27.46038931643277,7.211407876867361,1.8752107925801007,3.277448071216617,12.480225988700566,0.0262705238467552,0.5711831651277647,2013-04-24,0.41,bmo,3419399999.0,2025-04-25,2013-03-31,-0.0243902439024389,36.393,2880810.083333333
2012-12-31,WM,USD,823768,2013-02-14,2013-02-14 12:42:53,2012,Q4,3434000000.0,2224000000.0,1210000000.0,0.3523587653,0,0.0,0.0,356000000.0,326000000.0,682000000.0,2906000000.0,0.0,122000000.0,326000000.0,825000000.0,0.2402446127,484000000.0,0.1409435061,-135000000.0,349000000.0,0.1016307513,114000000.0,224000000.0,0.0652300524,0.48,0.48,465700000,466500000,https://www.sec.gov/Archives/edgar/data/823768/000119312513058892/0001193125-13-058892-index.htm,https://www.sec.gov/Archives/edgar/data/823768/000119312513058892/d413187d10k.htm,7.373845823491518,0.4809963495812755,1.2389950611981964,0.4273137212797938,0.4165771956194975,14.3332617564956,-0.0279149667167704,13.643976809104574,21.55464891561091,15712718000.0,25434718000.0,17.536515625,4.575631333721607,27.231746967071057,78.95838190954774,2.4728860560276997,2.4728860560276997,7.406732090856145,30.82996121212121,44.0809670710572,127.81265326633168,0.0142559676817212,0.0126648998601005,1.560591753226314,0.4293198250855089,11.784242424242423,0.7980895915678524,3.9672131147540974,2.4553191489361703,0.0105010476226964,0.7366071428571429,0.0,0.0,0.2895614149023682,0.6551126516464472,0.1100757134536983,1.1595092024539877,0.0023296447291788,12.15157678560255,0.0156653806381735,0.0136510451581449,-31.8622503757784,-613000000.0,-13000000.0,-13999000000.0,18726000000.0,1802500000.0,814500000.0,164500000.0,45.52417006406523,34.07374100719424,7.04136690647482,1.976971790443293,2.641330166270784,12.781609195402298,0.03525338369531,0.8116813399184024,2013-02-14,0.6,bmo,3614736842.0,2025-04-25,2012-12-31,-0.05,32.61032258064516,2982482.1129032257
2012-09-30,WM,USD,823768,2012-10-31,2012-10-31 11:27:28,2012,Q3,3461000000.0,2229000000.0,1232000000.0,0.3559664837,0,322000000.0,13000000.0,335000000.0,331000000.0,666000000.0,2895000000.0,2000000.0,123000000.0,331000000.0,882000000.0,0.2548396417,500000000.0,0.1444669171,-152000000.0,348000000.0,0.1005489743,125000000.0,214000000.0,0.0618318405,0.46,0.46,464100000,464900000,https://www.sec.gov/Archives/edgar/data/823768/000119312512442885/0001193125-12-442885-index.htm,https://www.sec.gov/Archives/edgar/data/823768/000119312512442885/d402722d10q.htm,7.457444516268046,0.4611075199310493,1.2368024132730016,0.3706097823744883,0.8575737987502693,14.246929541047187,-0.1120448179271708,13.548804137039433,21.7948717948718,14679483000.0,24273483000.0,17.148928738317757,4.241399306558798,25.57401219512195,85.34583139534884,2.334523377862596,2.334523377862596,7.013430511412887,27.520955782312924,42.28829790940767,141.1249011627907,0.0145781700895051,0.0117170339037144,1.589058524173028,0.4330602869154423,10.877551020408164,0.8343269532475682,4.065040650406504,2.5739910313901344,0.0111720555826114,0.7663551401869159,0.0930366945969373,0.0,0.2888224331469683,0.7003484320557491,0.1161514013290956,1.2145015105740182,0.0017336030049118,11.856127030248553,0.0154694041546241,0.0130416234992991,-31.42533936651584,-528000000.0,-52000000.0,-13802000000.0,18654000000.0,1849500000.0,753500000.0,151000000.0,48.575556197630746,31.77658142664872,6.2584118438761775,1.8527837259100643,2.832274459974587,14.380645161290325,0.0340330788804071,0.8661926308985133,2012-10-31,0.61,bmo,3404262295.0,2025-04-25,2012-09-30,0.0,33.761587301587305,4165097.936507937
2012-06-30,WM,USD,823768,2012-07-26,2012-07-26 15:09:04,2012,Q2,3459000000.0,2260000000.0,1199000000.0,0.3466319746,0,360000000.0,47000000.0,407000000.0,323000000.0,730000000.0,2990000000.0,1000000.0,121000000.0,323000000.0,778000000.0,0.2249204973,466000000.0,0.1347210176,-132000000.0,334000000.0,0.0965596993,115000000.0,208000000.0,0.0601329864,0.45,0.45,463400000,464000000,https://www.sec.gov/Archives/edgar/data/823768/000119312512316664/0001193125-12-316664-index.htm,https://www.sec.gov/Archives/edgar/data/823768/000119312512316664/d352342d10q.htm,7.464393612429866,0.4488562796719896,1.4436771687526977,0.686232196806215,0.5114372032801036,13.998705222270177,-0.3582218385843763,13.310315062580925,21.46525679758308,15477560000.0,25066560000.0,18.60283653846154,4.474576467187048,23.13536621823617,48.671572327044025,2.509332036316472,2.509332036316472,7.246764960971379,32.21922879177378,37.46869955156951,78.82566037735849,0.0134388107686224,0.0205458741558746,1.5930609597924772,0.4330351240579965,12.325192802056556,0.7700031377470976,3.851239669421488,3.054794520547945,0.0106605950808783,0.7932692307692307,0.1040763226366001,0.0,0.2931999471155965,0.5246636771300448,0.1014744145706851,1.086687306501548,0.0,11.594154400199812,0.0150096231371809,0.0129691981543833,-31.334160552438497,-733000000.0,-166000000.0,-13750000000.0,18280000000.0,1775500000.0,691000000.0,150000000.0,47.64093668690373,28.672566371681416,5.853982300884955,1.8891316220644456,3.138888888888889,15.374149659863946,0.033722438391699,0.7574449719464825,2012-07-26,0.52,bmo,3459000000.0,2025-04-25,2012-06-30,0.0,33.62031746031746,3462377.031746032
2012-03-31,WM,USD,823768,2012-04-26,2012-04-26 12:38:12,2012,Q1,3295000000.0,2166000000.0,1129000000.0,0.3426403642,0,392000000.0,15000000.0,407000000.0,317000000.0,724000000.0,2890000000.0,1000000.0,122000000.0,317000000.0,711000000.0,0.2157814871,401000000.0,0.1216995448,-129000000.0,272000000.0,0.0825493171,89000000.0,171000000.0,0.0518968134,0.37,0.37,462100000,463400000,https://www.sec.gov/Archives/edgar/data/823768/000119312512184911/0001193125-12-184911-index.htm,https://www.sec.gov/Archives/edgar/data/823768/000119312512184911/d311079d10q.htm,7.130491235663277,0.3700497727764553,1.0279160354901538,0.2077472408569573,0.4090023804371348,14.02510279160355,-0.4392988530621077,13.328283921229172,21.57758061025752,16155016000.0,25815016000.0,23.61844444444445,4.902888012139606,34.01056,168.28141666666667,2.6229933430751746,2.6229933430751746,7.834602731411229,36.30803938115331,54.34740210526316,268.90641666666664,0.0105849477338803,0.0059424267979678,1.5991232342912811,0.4370534723763035,13.58649789029536,0.749917952084017,3.2868852459016398,2.5956284153005464,0.0101516457798618,0.95906432748538,0.11896813353566,0.0,0.2966052806745063,0.7978947368421052,0.1150227617602427,1.195583596214511,0.0045523520485584,10.53436708219322,0.0132588186149238,0.0107879629045486,-31.37524345379788,-762000000.0,-203000000.0,-13769000000.0,18221000000.0,1675500000.0,750000000.0,153000000.0,46.98027314112292,27.506925207756236,6.357340720221607,1.9156976744186047,3.27190332326284,14.15686274509804,0.0277642474427666,0.8201687946331963,2012-04-26,0.4,bmo,3468421052.0,2025-04-25,2012-03-31,-0.05,34.62951612903226,2503731.629032258
2011-12-31,WM,USD,823768,2012-02-16,2012-02-16 16:20:58,2011,Q4,3406000000.0,2145000000.0,1261000000.0,0.3702290076,0,0.0,0.0,407000000.0,294000000.0,701000000.0,2846000000.0,2000000.0,123000000.0,294000000.0,829000000.0,0.2433940106,552000000.0,0.1620669407,-140000000.0,412000000.0,0.1209630065,134000000.0,266000000.0,0.078097475,0.58,0.57,462100000,463400000,https://www.sec.gov/Archives/edgar/data/823768/000119312512065370/0001193125-12-065370-index.htm,https://www.sec.gov/Archives/edgar/data/823768/000119312512065370/d260235d10k.htm,7.370698982904133,0.575632979874486,1.5840727115342998,0.6859987015797446,0.5583207098030729,13.828175719541225,-0.6102575200173123,13.1356849166847,21.37848950443627,15115291000.0,24613291000.0,14.206100563909777,4.437842337052261,20.649304644808744,47.68230599369085,2.490163261943987,2.490163261943987,7.22645067527892,29.690338962605548,33.62471448087432,77.64445110410095,0.0175980733682203,0.0209721400666384,1.6072487644151563,0.4322743586335238,11.45717732207479,0.7754237288135594,4.487804878048781,2.633093525179856,0.0122392615530855,0.6954887218045113,0.0,0.0,0.2956267446497408,0.5669398907103825,0.1218438050499119,1.41156462585034,0.0020551967116852,13.043389231863012,0.0185011930964372,0.0167327168648172,-31.640878597706124,-689000000.0,-282000000.0,-13800000000.0,18225000000.0,1715000000.0,757000000.0,147500000.0,43.097475044039925,35.16083916083916,6.41958041958042,2.088289393010423,2.559665871121718,14.019607843137257,0.043822075782537,0.8980740099545553,2012-02-16,0.6,bmo,3406000000.0,2025-04-25,2011-12-31,0.0,31.987936507936507,4520482.047619048
2011-09-30,WM,USD,823768,2011-10-27,2011-10-27 14:08:49,2011,Q3,3522000000.0,2261000000.0,1261000000.0,0.3580352073,0,0.0,0.0,380000000.0,317000000.0,697000000.0,2958000000.0,1000000.0,118000000.0,317000000.0,856000000.0,0.2430437252,543000000.0,0.1541737649,-122000000.0,421000000.0,0.1195343555,136000000.0,272000000.0,0.0772288472,0.58,0.58,468300000,469700000,https://www.sec.gov/Archives/edgar/data/823768/000095012311092385/0000950123-11-092385-index.htm,https://www.sec.gov/Archives/edgar/data/823768/000095012311092385/h84353e10vq.htm,7.5208199871877,0.5808242579543028,1.4072175955584028,0.738842622250694,0.6021780909673287,13.42088404868674,-0.4612427930813581,12.701259876147768,20.779414904975443,15247848000.000002,24578848000.0,14.01456617647059,4.329315161839864,23.137857359635813,44.06892485549133,2.563525218560861,2.563525218560861,6.978662123793299,28.713607476635516,37.29718968133536,71.03713294797687,0.0178385828610043,0.0226917267276011,1.6161735036987224,0.4359241792127698,10.90070093457944,0.9572615749901068,4.601694915254237,2.312280701754386,0.0089192914305021,0.5,0.0,0.0,0.2948031924541991,0.4749620637329286,0.088869960249858,0.9873817034700316,0.0031232254400908,12.88359408160574,0.0186121049941369,0.0174908366021477,-30.03363228699552,-108000000.0,-216000000.0,-13348000000.0,18304000000.0,1756000000.0,626000000.0,139500000.0,45.9710391822828,26.90844758956214,5.652366209641751,1.9577543079488604,3.344674556213018,15.922535211267606,0.0457296570275722,0.6683749733077088,2011-10-27,0.61,bmo,3410190476.0,2025-04-25,2011-09-30,0.0327868852459016,32.72921875,6548479.734375
2011-06-30,WM,USD,823768,2011-07-28,2011-07-28 15:45:44,2011,Q2,3347000000.0,2140000000.0,1207000000.0,0.360621452,0,0.0,0.0,382000000.0,319000000.0,701000000.0,2841000000.0,2000000.0,119000000.0,319000000.0,819000000.0,0.2446967434,506000000.0,0.1511801613,-125000000.0,381000000.0,0.1138332835,131000000.0,237000000.0,0.0708096803,0.5,0.5,474200000,476000000,https://www.sec.gov/Archives/edgar/data/823768/000095012311069563/0000950123-11-069563-index.htm,https://www.sec.gov/Archives/edgar/data/823768/000095012311069563/h82416e10vq.htm,7.05820328975116,0.4997891185153943,1.0080134964150147,0.4175453395191902,0.7823703078869675,13.966680725432306,1.0965837199493884,13.266554196541543,19.30830873049346,17673434000.0,26339434000.0,18.64286286919831,5.280380639378548,36.973711297071134,89.25976767676768,2.8093202988396127,2.8093202988396127,7.869564983567374,32.16048107448108,55.10341841004184,133.02744444444446,0.0134099575668203,0.0112032556887359,1.4364965824193292,0.4187091692535792,10.58119658119658,1.0344226579520697,4.2521008403361344,2.016877637130801,0.0099584495010986,0.7426160337552743,0.0,0.0,0.2827688458509012,0.5857740585774058,0.0836570062742754,0.877742946708464,0.0029877502240812,12.214163381975435,0.0170389509070783,0.0153100775193798,-27.911746098692536,79000000.0,520000000.0,-12586000000.0,18101000000.0,1637000000.0,561000000.0,133500000.0,46.062145204660894,24.224299065420563,5.761682242990655,1.953882078225336,3.7152777777777777,15.62043795620438,0.0376728659990462,0.5904681568958245,2011-07-28,0.55,bmo,3681700000.0,2025-04-25,2011-06-30,-0.0909090909090909,38.01746031746032,2760804.698412698
2011-03-31,WM,USD,823768,2011-04-28,2011-04-28 11:49:59,2011,Q1,3103000000.0,1995000000.0,1108000000.0,0.3570737995,0,0.0,0.0,382000000.0,299000000.0,681000000.0,2676000000.0,3000000.0,121000000.0,299000000.0,726000000.0,0.2339671286,427000000.0,0.1376087657,-121000000.0,306000000.0,0.0986142443,110000000.0,186000000.0,0.0599419916,0.39,0.39,475700000,477600000,https://www.sec.gov/Archives/edgar/data/823768/000095012311040715/0000950123-11-040715-index.htm,https://www.sec.gov/Archives/edgar/data/823768/000095012311040715/h80290e10vq.htm,6.5230187092705485,0.3910027328147992,1.2612991381122556,0.5970149253731343,1.4210636956064746,13.941559806600798,1.1414757199915913,13.23943661971831,19.52491065797772,17762638000.0,26253638000.0,23.874513440860216,5.724343538511119,29.60439666666667,62.5445,2.82036170212766,2.82036170212766,8.460727682887528,36.16203581267218,43.75606333333333,92.44238732394366,0.0104714175901124,0.015988616105333,1.4555414417275323,0.4234571322985957,11.695592286501377,1.0782903089293272,3.5289256198347108,3.225806451612903,0.0095143525415537,0.9086021505376344,0.0,0.0,0.2812730968218773,0.5266666666666666,0.101836932001289,1.05685618729097,0.0054785691266516,10.792347183669513,0.0139756396511934,0.0119544957902178,-27.547298717679208,185000000.0,543000000.0,-12468000000.0,18129000000.0,1535500000.0,619000000.0,130000000.0,45.27553980019336,24.63157894736842,5.864661654135338,1.9878283151825755,3.6538461538461537,15.346153846153848,0.029533185138139,0.6642842127391213,2011-04-28,0.41,bmo,3262128205.0,2025-04-25,2011-03-31,-0.0487804878048779,37.24951612903225,2478900.209677419
2010-12-31,WM,USD,823768,2011-02-17,2011-02-17 17:21:55,2010,Q4,3187000000.0,1941000000.0,1246000000.0,0.3909632884,0,0.0,0.0,396000000.0,277000000.0,673000000.0,2614000000.0,1000000.0,119000000.0,277000000.0,850000000.0,0.2667085033,574000000.0,0.1801066834,-120000000.0,454000000.0,0.1424537182,160000000.0,281000000.0,0.0881706934,0.59,0.59,475700000,477600000,https://www.sec.gov/Archives/edgar/data/823768/000095012311015242/0000950123-11-015242-index.htm,https://www.sec.gov/Archives/edgar/data/823768/000095012311015242/h76657e10vk.htm,6.699600588606264,0.5907084296825731,1.3075467731763717,0.5360521336977087,1.133067059070843,13.855371032163127,1.1982341812066428,13.1595543409712,18.9741433676687,17539059000.0,25907059000.0,15.604145017793591,5.5033131471603385,28.197844051446943,68.78062352941177,2.8017666134185304,2.8017666134185304,8.128979918418576,30.478892941176472,41.651220257234726,101.59630980392156,0.0160213840434655,0.0145389784024331,1.422843450479233,0.4147420376233935,9.84470588235294,0.9987927565392354,4.823529411764706,2.1156462585034013,0.0094075742603978,0.5871886120996441,0.0,0.0,0.2803594710374371,0.590032154340836,0.1151553184813304,1.3249097472924187,0.0025101976780671,13.22508384857146,0.0193356872191698,0.0181818181818181,-27.64031952911499,-3000000.0,570000000.0,-12403000000.0,17886000000.0,1600500000.0,626500000.0,65000000.0,42.64198305616567,32.086553323029364,6.0278207109737245,2.1105960264900663,2.804913294797688,14.930769230769233,0.044888178913738,0.771494639478663,2011-02-17,0.54,bmo,2868300000.0,2025-04-25,2010-12-31,0.111111111111111,35.8334375,2856961.65625
2010-09-30,WM,USD,823768,2010-10-28,2010-10-28 13:56:28,2010,Q3,3235000000.0,2006000000.0,1229000000.0,0.3799072643,0,0.0,0.0,369000000.0,317000000.0,686000000.0,2692000000.0,1000000.0,126000000.0,317000000.0,854000000.0,0.2639876352,544000000.0,0.1681607419,-133000000.0,411000000.0,0.1270479134,153000000.0,244000000.0,0.0754250386,0.51,0.51,477300000,481000000,https://www.sec.gov/Archives/edgar/data/823768/000095012310097313/0000950123-10-097313-index.htm,https://www.sec.gov/Archives/edgar/data/823768/000095012310097313/h75991e10vq.htm,6.777707940498639,0.5112088833019065,1.418395139325372,0.8694741252880788,1.152315105803478,13.490467211397444,0.915566729520218,12.796983029541169,19.034150429499267,17058702000.0,25467702000.0,17.478178278688528,5.273169088098918,25.19749187592319,41.10530602409639,2.7928457760314345,2.7928457760314345,7.87255085007728,29.821665105386412,37.618466765140326,61.36795662650602,0.0143035501763264,0.0243277595212109,1.466764898493779,0.4198416045737851,9.846604215456674,1.1116399826914756,4.317460317460317,2.624031007751938,0.0092035138429641,0.6434426229508197,0.0,0.0,0.2812690379118047,0.3870014771048744,0.0809891808346213,0.8264984227129337,0.0024729520865533,12.132331045339836,0.0177960837508411,0.015909239094999,-27.40781479153572,258000000.0,437000000.0,-12331000000.0,17896000000.0,1666000000.0,552000000.0,55000000.0,47.04482225656877,25.16949152542373,0.0,1.913069189828504,3.575757575757576,0.0,0.0399476096922069,0.5489210140372931,2010-10-28,0.58,bmo,3411454545.0,2025-04-25,2010-09-30,-0.0517241379310343,33.83421875,2266761.0
2010-06-30,WM,USD,823768,2010-08-02,2010-08-02 12:05:53,2010,Q2,3158000000.0,1996000000.0,1162000000.0,0.3679544015,0,0.0,0.0,345000000.0,309000000.0,654000000.0,2650000000.0,2000000.0,116000000.0,309000000.0,889000000.0,0.2815072831,586000000.0,0.1855604813,-122000000.0,464000000.0,0.1469284357,206000000.0,246000000.0,0.0778974034,0.51,0.51,482100000,485800000,https://www.sec.gov/Archives/edgar/data/823768/000095012310070947/0000950123-10-070947-index.htm,https://www.sec.gov/Archives/edgar/data/823768/000095012310070947/h74168e10vq.htm,6.550508193320888,0.5102675793403858,0.9956440572495332,0.5393071976768306,2.424808131093134,13.29184816428127,1.0060153495125492,12.650902302426882,20.12238124870359,15084909000.0,23500909000.0,15.330192073170732,4.776728625712476,31.42689375,58.01888076923077,2.4733413674372846,2.4733413674372846,7.441706459784674,26.43521822272216,48.960227083333336,90.38811153846154,0.0163076886973597,0.0172357685419249,1.5715691096901132,0.4405073762581001,9.46681664791901,1.1042687193841847,5.051724137931035,1.8604651162790693,0.0115347066395959,0.7073170731707317,0.0,0.0,0.2722092007904775,0.4583333333333333,0.0696643445218492,0.7119741100323624,0.0025332488917036,12.0517745217229,0.0165744039318659,0.0155342258145996,-26.750155569383946,298000000.0,485000000.0,-12195000000.0,17796000000.0,1567000000.0,521500000.0,108500000.0,46.76694110196327,24.483967935871743,4.959919839679359,1.9244363193174896,3.6758747697974217,18.145454545454545,0.0403344810624692,0.4563368595727027,2010-07-29,0.54,bmo,3158000000.0,2025-04-25,2010-06-30,0.0,33.59428571428572,2953323.587301587
2010-03-31,WM,USD,823768,2010-04-29,2010-04-29 11:36:25,2010,Q1,2935000000.0,1881000000.0,1054000000.0,0.3591141397,0,0.0,0.0,351000000.0,291000000.0,642000000.0,2523000000.0,0.0,112000000.0,291000000.0,705000000.0,0.2402044293,412000000.0,0.1403747871,-110000000.0,302000000.0,0.1028960818,110000000.0,182000000.0,0.0620102215,0.37,0.37,485600000,488100000,https://www.sec.gov/Archives/edgar/data/823768/000095012310040250/0000950123-10-040250-index.htm,https://www.sec.gov/Archives/edgar/data/823768/000095012310040250/h70200e10vq.htm,6.044069192751236,0.3747940691927512,1.0214168039538716,0.4962932454695222,1.793657331136738,13.46993410214168,1.278830313014827,12.835667215815484,18.3999176276771,16719208000.0,24671208000.0,22.965945054945056,5.6964933560477,33.70808064516129,69.3743070539419,2.682369324562811,2.682369324562811,8.405863032367973,34.994621276595744,49.74033870967742,102.37015767634855,0.0108856831017354,0.0144145583929573,1.4155302422589444,0.4202429149797571,11.279432624113475,1.0183520599250937,3.678571428571429,2.583333333333333,0.0091511511789314,0.8406593406593407,0.0,0.0,0.2819718980709693,0.5141129032258065,0.0868824531516184,0.8762886597938144,0.0040885860306643,10.403916031905402,0.0138172587874894,0.0120729684908789,-25.555498352553546,49000000.0,621000000.0,-11735000000.0,17484000000.0,1450500000.0,533500000.0,108500000.0,45.781942078364565,23.92344497607656,5.119617224880383,1.9658405894172808,3.762,17.57943925233645,0.0291994224290069,0.5251235584843492,2010-04-29,0.43,bmo,3078170731.0,2025-04-25,2010-03-31,-0.0465116279069767,33.3716393442623,2248886.3606557376
2009-12-31,WM,USD,823768,2010-02-16,2010-02-16 13:22:01,2009,Q4,3006000000.0,1874000000.0,1132000000.0,0.376580173,0,0.0,0.0,365000000.0,274000000.0,639000000.0,2513000000.0,3000000.0,110000000.0,274000000.0,731000000.0,0.2431803061,456000000.0,0.1516966068,-109000000.0,347000000.0,0.1154357951,16000000.0,315000000.0,0.1047904192,0.65,0.65,485600000,488100000,https://www.sec.gov/Archives/edgar/data/823768/000095012310013022/0000950123-10-013022-index.htm,https://www.sec.gov/Archives/edgar/data/823768/000095012310013022/h69024e10vk.htm,6.190280065897858,0.6486820428336079,1.4827018121911038,0.7495881383855024,2.3476112026359144,13.572899505766063,1.4847611202635915,12.942751235584844,18.498764415156508,16418136000.000002,24151136000.0,13.030266666666668,5.461788423153693,22.80296666666667,45.10476923076923,2.612273031026253,2.612273031026253,8.03431004657352,33.03848974008208,33.54324444444445,66.34927472527473,0.0191861000542327,0.0221706045071133,1.4117740652346855,0.4194478585610287,10.578659370725036,1.0375732506032402,4.1454545454545455,2.175226586102719,0.0095016876459057,0.4952380952380952,0.0,0.0,0.2774888909898837,0.4944444444444444,0.1184298070525615,1.2992700729927007,0.0036593479707252,13.74423268160844,0.0228909621829584,0.020609788013609,-25.354200988467877,109000000.0,721000000.0,-11553000000.0,17520000000.0,1510500000.0,560500000.0,108000000.0,42.15568862275449,27.230522945570968,5.282817502668089,2.1349431818181817,3.305114638447972,17.036363636363635,0.0501193317422434,0.7331136738056013,2010-02-16,0.48,bmo,2774769230.0,2025-04-25,2009-12-31,0.0833333333333334,31.88953125,2095114.84375
2009-09-30,WM,USD,823768,2009-10-29,2009-10-29 12:21:59,2009,Q3,3023000000.0,1856000000.0,1167000000.0,0.3860403573,0,0.0,0.0,339000000.0,301000000.0,640000000.0,2496000000.0,3000000.0,104000000.0,301000000.0,830000000.0,0.2745616937,525000000.0,0.1736685412,-100000000.0,425000000.0,0.1405888191,133000000.0,277000000.0,0.0916308303,0.56,0.56,492200000,494600000,https://www.sec.gov/Archives/edgar/data/823768/000095012309054673/0000950123-09-054673-index.htm,https://www.sec.gov/Archives/edgar/data/823768/000095012309054673/h67781e10vq.htm,6.141812271434376,0.5627793579845591,1.1682242990654206,0.6806176351076798,1.2433969930922388,13.248679398618448,1.5034538805363673,12.629012596505486,16.964648516863065,14677404000.0,22311404000.0,13.24675451263538,4.855244459146543,25.52592,43.81314626865672,2.3612297297297298,2.3612297297297298,7.380550446576248,26.881209638554218,38.80244173913044,66.60120597014925,0.0188725472161153,0.0228241997018001,1.326576576576577,0.4043742644174186,9.197590361445783,0.8948306595365418,5.048076923076923,1.9691780821917808,0.0106285825477039,0.5631768953068592,0.0,0.0,0.2834935268732836,0.417391304347826,0.0793913331128018,0.7973421926910299,0.0033079722130334,12.645762967231594,0.0196795178325572,0.0189583190746697,-24.3727143437627,-295000000.0,740000000.0,-11361000000.0,16842000000.0,1589000000.0,536500000.0,104000000.0,48.02183261660602,26.864224137931032,5.140086206896552,1.8741475511469312,3.3501805054151625,17.50943396226415,0.0445624195624195,0.4876066639577407,2009-10-29,0.53,bmo,2967018518.0,2025-04-25,2009-09-30,0.0188679245283019,29.14625,2816428.1875
2009-06-30,WM,USD,823768,2009-07-30,2009-07-30 12:00:27,2009,Q2,2952000000.0,1786000000.0,1166000000.0,0.3949864499,0,0.0,0.0,323000000.0,302000000.0,625000000.0,2411000000.0,3000000.0,107000000.0,302000000.0,839000000.0,0.2842140921,534000000.0,0.1808943089,-104000000.0,430000000.0,0.1456639566,163000000.0,247000000.0,0.0836720867,0.5,0.5,492400000,493700000,https://www.sec.gov/Archives/edgar/data/823768/000095012309027482/0000950123-09-027482-index.htm,https://www.sec.gov/Archives/edgar/data/823768/000095012309027482/h67490e10vq.htm,5.995125913891146,0.5016246953696182,1.1129163281884646,0.5889520714865962,1.0722989439480095,12.930544272948822,1.350528025995126,12.323314378554022,16.957757920389927,13865984000.0,21580984000.0,14.034396761133603,4.6971490514905145,25.302890510948902,47.81373793103448,2.285099538562953,2.285099538562953,7.310631436314363,25.72226936829559,39.381357664233576,74.41718620689655,0.0178133769662506,0.0209144911749501,1.3584377059986816,0.4091224935477466,9.195470798569726,1.0814317673378075,4.990654205607477,2.052434456928839,0.0112505538734214,0.631578947368421,0.0,0.0,0.2830057573952749,0.4708029197080292,0.0873983739837398,0.8543046357615894,0.0010162601626016,11.793547959559897,0.0182616480798615,0.0170981586598366,-24.427802599512592,182000000.0,665000000.0,-11364000000.0,17146000000.0,1516500000.0,485000000.0,102500000.0,47.71341463414634,26.15341545352744,5.139977603583427,1.8862619808306709,3.4412331406551058,17.50980392156863,0.0407053394858272,0.5239642567018684,2009-07-30,0.54,bmo,3065538461.0,2025-04-25,2009-06-30,-0.037037037037037,27.42888888888889,3771835.492063492
2009-03-31,WM,USD,823768,2009-04-29,2009-04-29 12:05:06,2009,Q1,2810000000.0,1725000000.0,1085000000.0,0.3861209964,0,0.0,0.0,337000000.0,289000000.0,626000000.0,2351000000.0,4000000.0,105000000.0,289000000.0,665000000.0,0.2366548043,372000000.0,0.1323843416,-101000000.0,271000000.0,0.0964412811,101000000.0,155000000.0,0.0551601423,0.31,0.31,491800000,493000000,https://www.sec.gov/Archives/edgar/data/823768/000095012909001381/0000950129-09-001381-index.htm,https://www.sec.gov/Archives/edgar/data/823768/000095012909001381/h66565e10vq.htm,5.71370475803172,0.3151687677917852,1.0553070353802358,0.3944692964619764,1.9255795038633592,12.592517283448556,1.1386742578283855,12.592517283448556,18.084587230581537,12590080000.0,20432080000.0,20.306580645161297,4.480455516014235,24.258342967244705,64.89731958762887,2.0329533344098176,2.0329533344098176,7.271202846975089,30.724932330827063,39.36816955684008,105.32,0.0123112799918666,0.0154089568930459,1.419182948490231,0.4308333333333333,11.79248120300752,1.045630317092034,3.5428571428571427,3.052941176470588,0.0119935695404636,0.9741935483870968,0.0,0.0,0.2761274509803921,0.626204238921002,0.1156583629893238,1.1245674740484428,0.0021352313167259,9.449723990756445,0.0126091713178438,0.0104963770569513,-24.61874745831639,118000000.0,560000000.0,-11503000000.0,16957000000.0,1465500000.0,583500000.0,106500000.0,47.01779359430605,23.530434782608697,5.373913043478261,1.9141689373297,3.8248337028824833,16.74757281553398,0.0250282577103181,0.6608377389182595,2009-04-29,0.41,bmo,2743095238.0,2025-04-25,2009-03-31,0.024390243902439,28.56967213114754,4706619.377049181
2008-12-31,WM,USD,823768,2009-02-17,2009-02-17 11:25:23,2008,Q4,3108000000.0,1972000000.0,1136000000.0,0.3655083655,0,0.0,0.0,382000000.0,322000000.0,704000000.0,2676000000.0,0.0,0.0,297000000.0,733000000.0,0.2358429858,459000000.0,0.1476833977,-116000000.0,343000000.0,0.1103603604,125000000.0,218000000.0,0.0701415701,0.44,0.44,491800000,493000000,https://www.sec.gov/Archives/edgar/data/823768/000095012909000426/0000950129-09-000426-index.htm,https://www.sec.gov/Archives/edgar/data/823768/000095012909000426/h65751e10vk.htm,6.31964213094754,0.4432696217974786,1.368442456283042,0.4859699064660431,0.9760065067100449,12.576250508336722,1.1488409922732818,12.000813338755592,16.92964619764132,16298252000.0,24144252000.0,18.690655963302756,5.243967824967825,24.21731352154532,68.1935230125523,2.761479498475093,2.761479498475093,7.768420849420849,32.9389522510232,35.875560178306095,101.02197489539748,0.0133756675255726,0.0146641492596874,1.4107082344967807,0.4116280219508578,10.703956343792632,0.7691040843214756,0.0,3.0871559633027523,0.0080990280430073,0.6055045871559633,0.0,0.0,0.277846442873387,0.6448736998514116,0.1396396396396396,1.4612794612794613,0.0154440154440154,10.940334079610064,0.0161836207434741,0.0149243513383993,-25.23332655551037,-701000000.0,565000000.0,-11707000000.0,16321000000.0,1639500000.0,691000000.0,111500000.0,42.36486486486486,32.67748478701825,5.020283975659229,2.124401913875598,2.7541899441340782,17.927272727272726,0.036936631650288,0.8824725498169987,2009-02-12,0.48,bmo,3044571428.0,2025-04-25,2008-12-31,0.0208333333333333,30.193125,4803084.671875
2008-09-30,WM,USD,823768,2008-10-30,2008-10-30 11:19:34,2008,Q3,3525000000.0,2221000000.0,1304000000.0,0.369929078,0,0.0,0.0,369000000.0,303000000.0,672000000.0,2893000000.0,0.0,0.0,326000000.0,958000000.0,0.2717730496,632000000.0,0.1792907801,-121000000.0,511000000.0,0.144964539,201000000.0,310000000.0,0.0879432624,0.63,0.63,490800000,494100000,https://www.sec.gov/Archives/edgar/data/823768/000095012908005366/0000950129-08-005366-index.htm,https://www.sec.gov/Archives/edgar/data/823768/000095012908005366/h64654e10vq.htm,7.1821515892420535,0.6316218418907905,1.5709046454767726,0.9576202118989404,1.0268948655256724,12.632436837815812,1.1409942950285248,12.013039934800323,17.17400162999185,15455292000.0,23380292000.0,12.463945161290322,4.38448,20.045774319066147,32.8836,2.621318181818182,2.621318181818182,6.63270695035461,24.405315240083507,30.324632944228277,49.74530212765958,0.0200578546170463,0.0304102957097154,1.4296132971506106,0.4143440003932556,8.272442588726513,0.8626081170991351,0.0,2.487096774193549,0.0069878977375516,0.3483870967741935,0.0,0.0,0.2772452440642973,0.3904020752269779,0.0853900709219858,0.9233128834355828,0.0,13.06610937625809,0.0211207562420879,0.021084132489968,-24.899144254278728,-413000000.0,560000000.0,-11550000000.0,16518000000.0,1860000000.0,633000000.0,112000000.0,46.36595744680852,26.987843313822605,4.579018460153084,1.941079295154185,3.334834834834835,19.654867256637168,0.0525780189959294,0.6132844335778321,2008-10-30,0.62,bmo,3469047619.0,2025-04-25,2008-09-30,0.0161290322580645,35.1103125,3654884.46875
2008-06-30,WM,USD,823768,2008-07-29,2008-07-29 11:13:21,2008,Q2,3489000000.0,2181000000.0,1308000000.0,0.3748925193,0,0.0,0.0,358000000.0,318000000.0,676000000.0,2857000000.0,4000000.0,105000000.0,318000000.0,949000000.0,0.2719977071,632000000.0,0.181140728,-102000000.0,517000000.0,0.1481799943,199000000.0,318000000.0,0.0911435942,0.65,0.64,490700000,494600000,https://www.sec.gov/Archives/edgar/data/823768/000095012908004117/0000950129-08-004117-index.htm,https://www.sec.gov/Archives/edgar/data/823768/000095012908004117/h58781e10vq.htm,7.110250662319136,0.6480538006928878,1.1616058691664968,0.6052577949867536,0.4279600570613409,12.27633992255961,0.9211330751986956,11.660892602404727,17.31811697574893,18504297000.0,26687297000.0,14.547403301886792,5.30361049011178,32.46367894736842,62.3040303030303,3.233886228591402,3.233886228591402,7.648981656635139,28.12149315068493,46.81981929824561,89.85621885521886,0.0171851975787029,0.0160503260404867,1.4667948269835722,0.4186034912718204,8.622760800842993,0.9341085271317828,6.019047619047619,1.7924528301886793,0.0085385572875316,0.4968553459119497,0.0,0.0,0.2779052369077306,0.4789473684210526,0.0782459157351676,0.8584905660377359,0.0,13.039552516683582,0.0217109751282423,0.0219643597181931,-25.132463827185653,-170000000.0,452000000.0,-11616000000.0,16702000000.0,1860000000.0,562500000.0,109000000.0,49.114359415305245,24.75928473177441,4.580467675378267,1.8324579831932768,3.635,19.64864864864865,0.0555749737853897,0.5563480741797432,2008-07-29,0.59,bmo,3267476190.0,2025-04-25,2008-06-30,0.0677966101694916,36.64140625,3367597.25
2008-03-31,WM,USD,823768,2008-04-29,2008-04-29 11:21:57,2008,Q1,3266000000.0,2092000000.0,1174000000.0,0.3594611145,0,0.0,0.0,368000000.0,295000000.0,663000000.0,2755000000.0,0.0,0.0,297000000.0,808000000.0,0.247397428,511000000.0,0.1564605021,-126000000.0,385000000.0,0.1178812002,144000000.0,241000000.0,0.0737905695,0.49,0.48,496000000,498300000,https://www.sec.gov/Archives/edgar/data/823768/000095012908002482/0000950129-08-002482-index.htm,https://www.sec.gov/Archives/edgar/data/823768/000095012908002482/h56154e10vq.htm,6.584677419354839,0.4858870967741935,1.1310483870967742,0.7016129032258065,0.939516129032258,11.931451612903226,0.7701612903225806,11.3125,17.578629032258064,16645760000.000002,24898760000.0,17.267385892116184,5.096680955297,29.671586452762924,47.83264367816093,2.966629834254144,2.966629834254144,7.623625229638701,30.81529702970297,44.38281639928699,71.54816091954022,0.0144781614056672,0.0209062247683494,1.5539119586526466,0.4319758224336107,10.214108910891088,0.9888203546646106,0.0,2.327800829875519,0.0079900226844553,0.5518672199170125,0.0,0.0,0.2742766547760602,0.3796791443850267,0.0652173913043478,0.7171717171717171,0.0,11.120856536292807,0.0176920756234915,0.0164527580557072,-24.96875,-29000000.0,382000000.0,-11701000000.0,16804000000.0,1745000000.0,590500000.0,105000000.0,50.042865890998165,22.58604206500956,4.603250478011472,1.7984581497797356,3.9847619047619047,19.55140186915888,0.0429513455711994,0.4294354838709677,2008-04-29,0.46,bmo,3196510638.0,2025-04-25,2008-03-31,0.0217391304347825,32.66803278688525,3896796.7868852457
2007-12-31,WM,USD,823768,2008-02-19,2008-02-19 06:05:18,2007,Q4,3361000000.0,2133000000.0,1228000000.0,0.3653674502,0,0.0,0.0,371000000.0,341000000.0,712000000.0,2845000000.0,0.0,0.0,296000000.0,812000000.0,0.2415947635,575000000.0,0.1710800357,-119000000.0,456000000.0,0.1356739066,147000000.0,309000000.0,0.0919369235,0.62,0.62,496000000,498300000,https://www.sec.gov/Archives/edgar/data/823768/000095013408002947/0000950134-08-002947-index.htm,https://www.sec.gov/Archives/edgar/data/823768/000095013408002947/h53869e10vk.htm,6.776209677419355,0.6229838709677419,1.1955645161290325,0.2076612903225806,0.7016129032258065,12.30241935483871,1.153225806451613,11.67741935483871,16.808467741935484,16204320000.0,24193320000.0,13.110291262135924,4.821279381136566,27.32600337268128,157.32349514563106,2.7977071823204422,2.7977071823204422,7.19825052067837,29.79472906403941,40.79817875210792,234.8866019417476,0.0190689890103379,0.0063563296701126,1.439399171270718,0.4132342007434944,9.838669950738916,0.9545804464973056,0.0,1.919093851132686,0.0074671445639187,0.3915857605177993,0.0,0.0,0.2741016109045849,0.8263069139966274,0.1457899434692056,1.6554054054054057,-0.0077357929187741,12.79390433109841,0.0217602009323543,0.0210993513144417,-25.036290322580644,-118000000.0,572000000.0,-11593000000.0,16763000000.0,1784500000.0,615000000.0,103500000.0,44.825944659327575,27.679324894514767,4.345991561181434,2.007765830346476,3.2515243902439024,20.70873786407767,0.0533494475138121,0.9879032258064516,2008-02-13,0.51,bmo,3174277777.0,2025-04-25,2007-12-31,0.0588235294117647,35.5175,3046883.25
2007-09-30,WM,USD,823768,2007-10-26,2007-10-26 11:06:19,2007,Q3,3403000000.0,2143000000.0,1260000000.0,0.3702615339,0,0.0,0.0,365000000.0,330000000.0,695000000.0,2838000000.0,0.0,0.0,331000000.0,896000000.0,0.2632970908,565000000.0,0.1660299736,-129000000.0,436000000.0,0.1281222451,158000000.0,278000000.0,0.0816926242,0.54,0.54,515900000,520100000,https://www.sec.gov/Archives/edgar/data/823768/000095012907005082/0000950129-07-005082-index.htm,https://www.sec.gov/Archives/edgar/data/823768/000095012907005082/h50757e10vq.htm,6.596239581314208,0.5388641209536732,1.4944756735801512,1.029269238224462,1.0408993991083544,12.081798798216708,1.3665439038573366,11.498352393874782,16.045745299476643,19712539000.0,27453539000.0,17.727103417266186,5.792694387305319,25.567495460440988,37.12342561205273,3.3230847943358057,3.3230847943358057,8.067451954158097,30.64011049107143,35.60770298313878,51.70158003766478,0.0141026987949142,0.0269371692809333,1.3954821308159138,0.4082860665844636,8.639508928571429,1.044160583941606,0.0,2.773381294964029,0.0062396832797642,0.4424460431654676,0.0,0.0,0.2726510480887792,0.311284046692607,0.0705260064648839,0.7250755287009063,0.0,11.80724840895076,0.0199962418726677,0.0188512917881603,-23.32186470246172,121000000.0,705000000.0,-11181000000.0,16811000000.0,1859000000.0,568500000.0,103000000.0,50.117543344108135,24.10639290713952,4.367708819412039,1.795778364116095,3.733449477351917,20.60576923076923,0.0468644639244774,0.465206435355689,2007-10-26,0.59,bmo,3718092592.0,2025-04-25,2007-09-30,-0.0847457627118642,37.91666666666666,2911494.412698413
2007-06-30,WM,USD,823768,2007-07-31,2007-07-31 11:15:14,2007,Q2,3358000000.0,2092000000.0,1266000000.0,0.3770101251,0,0.0,0.0,343000000.0,289000000.0,632000000.0,2724000000.0,0.0,0.0,322000000.0,956000000.0,0.2846932698,633000000.0,0.1885050625,-153000000.0,480000000.0,0.1429422275,142000000.0,338000000.0,0.1006551519,0.65,0.64,520000000,528125000,https://www.sec.gov/Archives/edgar/data/823768/000095012907003626/0000950129-07-003626-index.htm,https://www.sec.gov/Archives/edgar/data/823768/000095012907003626/h48531e10vq.htm,6.457692307692308,0.65,1.0326923076923078,0.6307692307692307,1.0961538461538465,12.21923076923077,1.6865384615384615,11.673076923076923,15.863461538461538,20306000000.0,27985000000.0,15.019230769230768,6.047051816557475,37.81378026070763,61.90853658536585,3.345304777594728,3.345304777594728,8.33382966051221,29.273012552301257,52.11359404096834,85.3201219512195,0.0166453265044814,0.0161528612232837,1.358978583196046,0.4086900515259611,8.032426778242678,1.063173541434411,0.0,1.5169491525423728,0.0061558160149709,0.3698224852071006,0.0,0.0,0.2713535473642489,0.3891992551210428,0.0622394282310899,0.6490683229813664,0.0,13.06593854263826,0.0247370830789721,0.0229822533487454,-22.772596153846155,170000000.0,877000000.0,-10969000000.0,16743000000.0,1797500000.0,557000000.0,101500000.0,48.85944014294223,24.220841300191204,4.388145315487572,1.8420186505759737,3.7158081705150976,20.50980392156863,0.0556836902800658,0.4019230769230769,2007-07-31,0.52,bmo,3118142857.0,2025-04-25,2007-06-30,0.0769230769230769,37.65873015873016,2785817.603174603
2007-03-31,WM,USD,823768,2007-04-27,2007-04-27 10:03:22,2007,Q1,3188000000.0,2034000000.0,1154000000.0,0.3619824341,0,0.0,0.0,353000000.0,311000000.0,664000000.0,2698000000.0,0.0,0.0,310000000.0,800000000.0,0.2509410289,481000000.0,0.1508782936,-150000000.0,331000000.0,0.1038268507,109000000.0,222000000.0,0.0696361355,0.42,0.42,528571429,528571429,https://www.sec.gov/Archives/edgar/data/823768/000095012907002179/0000950129-07-002179-index.htm,https://www.sec.gov/Archives/edgar/data/823768/000095012907002179/h45612e10vq.htm,6.031351346461067,0.4199999996594594,1.0178378370125638,0.5032432428352082,0.8910810803585829,11.468648639349745,1.2278378368422938,10.93513512626881,15.55702701441322,18188142871.89,25940142871.89,20.48214287375,5.705189106615433,33.806957010947954,68.37647696199248,3.146737521088235,3.146737521088235,8.136807676251568,32.4251785898625,48.215878944033456,97.51933410484962,0.0122057541313414,0.0146249126078235,1.4226643598615918,0.4102679239634785,9.69,0.931138730265368,0.0,2.4234234234234235,0.0069275901826532,0.5675675675675675,0.0,0.0,0.2700693508955745,0.5055762081784386,0.0853199498117942,0.8774193548387097,0.0,10.165482126266982,0.0180984140032118,0.0151742993848257,-22.94959457598681,-205000000.0,649000000.0,-11209000000.0,16271000000.0,1711000000.0,622000000.0,101000000.0,50.02509410288582,24.38053097345133,4.469026548672566,1.799097065462754,3.691470054446461,20.138613861386137,0.0384083044982698,0.5145945941773558,2007-04-27,0.36,bmo,2669023255.0,2025-04-25,2007-03-31,0.1944444444444444,35.52672131147541,3768333.6393442624
2006-12-31,WM,USD,823768,2007-02-15,2007-02-15 16:50:33,2006,Q4,3283000000.0,2107000000.0,1176000000.0,0.3582089552,0,0.0,0.0,348000000.0,292000000.0,640000000.0,2747000000.0,0.0,0.0,321000000.0,857000000.0,0.2610417301,472000000.0,0.1437709412,-147000000.0,325000000.0,0.0989948218,79000000.0,246000000.0,0.0749314651,0.47,0.47,525818768,528571429,https://www.sec.gov/Archives/edgar/data/823768/000095013407003484/0000950134-07-003484-index.htm,https://www.sec.gov/Archives/edgar/data/823768/000095013407003484/h43426e10vk.htm,6.243596082519443,0.4678418021016701,1.2837122618643388,0.3233053103954631,1.1677027093106729,12.355968244937198,2.061546802756953,11.83297436047395,15.817236862112155,19334356099.36,27037356099.36,19.648735873333333,5.889234267243375,28.64349051757037,113.73150646682352,3.107418209476053,3.107418209476053,8.235563843850137,31.548840255962663,40.05534236942222,159.0432711727059,0.0127234648382287,0.0087926383028409,1.336708453873353,0.4037378640776699,8.988331388564761,0.9736842105263158,0.0,2.7439024390243905,0.0061031254102072,0.4796747967479675,0.0,0.0,0.2627669902912621,0.7481481481481481,0.1538227231190984,1.573208722741433,-0.0137069753274444,11.160604871740029,0.0196798332217523,0.0161980641337986,-23.20381230667674,-86000000.0,1084000000.0,-10921000000.0,16506000000.0,1806500000.0,649000000.0,99500000.0,45.23301858056656,29.601328903654483,4.314190792596108,1.9896969696969693,3.04040404040404,20.861386138613863,0.0395371263259402,0.9604069514688756,2007-02-08,0.46,bmo,3213148936.0,2025-04-25,2006-12-31,0.0217391304347825,37.35920634920635,2113961.904761905
2006-09-30,WM,USD,823768,2006-10-25,2006-10-24 21:29:21,2006,Q3,3441000000.0,2181000000.0,1260000000.0,0.3661726242,0,0.0,0.0,344000000.0,356000000.0,700000000.0,2881000000.0,0.0,0.0,340000000.0,897000000.0,0.2606800349,557000000.0,0.161871549,-144000000.0,413000000.0,0.1200232491,113000000.0,300000000.0,0.0871839582,0.56,0.55,535714286,545454545,https://www.sec.gov/Archives/edgar/data/823768/000095012906009127/0000950129-06-009127-index.htm,https://www.sec.gov/Archives/edgar/data/823768/000095012906009127/h40540e10vq.htm,6.423199996574294,0.5599999997013333,1.3906666659249778,0.7242666662803912,1.3925333325906488,12.036266660247325,1.883466665662151,11.498666660534044,16.13173332472974,19650000010.48,27546000010.48,16.375000008733334,5.710549261981982,26.37583894024161,50.644329923917525,3.1899350666363637,3.1899350666363637,8.005231040534728,30.709030112017835,36.97449665836241,70.99484538783506,0.0152671755643765,0.0197455470632603,1.402922077922078,0.4131172618193986,8.80267558528428,1.072066706372841,0.0,2.4833333333333334,0.0060050890553214,0.3933333333333333,0.0,0.0,0.2600028682059372,0.4791946308724832,0.1037489102005231,1.05,0.0,12.03674373929502,0.0219617046225642,0.0193798449612403,-22.78033332118382,242000000.0,1009000000.0,-10871000000.0,16666000000.0,1955000000.0,610500000.0,97500000.0,51.342632955536175,24.965612104539204,4.044016506189822,1.7529291900152828,3.6049586776859504,22.255102040816325,0.0487012987012987,0.6663999996445866,2006-10-25,0.48,bmo,3003054545.0,2025-04-25,2006-09-30,0.1458333333333334,34.56015873015873,2203122.253968254
2006-06-30,WM,USD,823768,2006-07-28,2006-07-28 10:39:19,2006,Q2,3410000000.0,2199000000.0,1211000000.0,0.3551319648,0,0.0,0.0,328000000.0,318000000.0,646000000.0,2845000000.0,0.0,0.0,345000000.0,910000000.0,0.2668621701,565000000.0,0.1656891496,-118000000.0,447000000.0,0.131085044,30000000.0,417000000.0,0.12228739,0.77,0.76,541558442,548684211,https://www.sec.gov/Archives/edgar/data/823768/000095012906007339/0000950129-06-007339-index.htm,https://www.sec.gov/Archives/edgar/data/823768/000095012906007339/h38147e10vq.htm,6.296642680717365,0.7699999993721822,1.0285131886098453,0.4819424456502147,1.0506714619730737,12.024556345111872,1.979472420448392,11.507529966636548,15.88009591031359,19431116898.960003,27462116898.960003,11.649350658848922,5.698274750428153,34.88530861572711,74.4487237508046,3.1179584240949936,3.1179584240949936,8.053406715237537,30.178150438417585,49.303621003518856,105.21883869333334,0.0214604236168389,0.0134320637026258,1.37997432605905,0.4107953188440411,8.825274725274726,1.1038520801232663,0.0,1.3357314148681054,0.0061241976268677,0.2853717026378897,0.0,0.0,0.2598519226176259,0.5314183123877917,0.0868035190615835,0.8579710144927536,0.0,14.119771829226702,0.0284094505962783,0.0269119070667957,-22.795785353116145,337000000.0,1072000000.0,-10841000000.0,16770000000.0,1911000000.0,595500000.0,96500000.0,51.38709677419355,25.21145975443384,3.969986357435198,1.7514124293785311,3.5698051948051948,22.670103092783503,0.0669127086007702,0.5465707429596306,2006-07-28,0.43,bmo,3258444444.0,2025-04-25,2006-06-30,0.0465116279069767,36.28206349206349,2439325.396825397
2006-03-31,WM,USD,823768,2006-04-27,2006-04-27 11:25:06,2006,Q1,3229000000.0,2100000000.0,1129000000.0,0.3496438526,0,0.0,0.0,368000000.0,326000000.0,694000000.0,2794000000.0,0.0,0.0,328000000.0,763000000.0,0.2362960669,435000000.0,0.1347166305,-146000000.0,289000000.0,0.0895013936,103000000.0,186000000.0,0.0576029731,0.34,0.34,547058824,547058824,https://www.sec.gov/Archives/edgar/data/823768/000095012906004425/0000950129-06-004425-index.htm,https://www.sec.gov/Archives/edgar/data/823768/000095012906004425/h35386e10vq.htm,5.9024731132021735,0.3399999997075268,1.029139784060955,0.7165591391685513,0.8298924724043936,11.627634398599884,1.5811827943387675,11.09752687217417,15.756989233757428,19311176487.2,27477176487.2,25.955882375268818,5.980543972499225,34.30049109626998,49.26320532448979,3.1808888959314774,3.1808888959314774,8.509500305729327,36.012026850851896,48.80493159360568,70.09483797755101,0.0096317280370404,0.020299125755483,1.4198649316422336,0.4135085867792382,10.70249017038008,1.0911726804123711,0.0,3.0268817204301075,0.0062658015724832,0.6505376344086021,0.0,0.0,0.2636477021970642,0.3037300177619893,0.0529575720037163,0.5213414634146342,0.005574481263549,9.213906907447216,0.0152636243552434,0.0121172638436482,-22.989758044739997,283000000.0,865000000.0,-11098000000.0,16842000000.0,1939500000.0,647000000.0,97500000.0,52.26076184577269,24.642857142857142,4.114285714285715,1.7221333333333333,3.652173913043478,21.875,0.0306374567616537,0.3125806448924037,2006-04-27,0.3,bmo,2767714285.0,2025-04-25,2006-03-31,0.1666666666666666,32.925,2728377.435483871
2005-12-31,WM,USD,823768,2006-02-21,2006-02-21 16:07:38,2005,Q4,3372000000.0,2212000000.0,1160000000.0,0.3440094899,0,0.0,0.0,324000000.0,336000000.0,660000000.0,2872000000.0,0.0,0.0,325000000.0,825000000.0,0.2446619217,499000000.0,0.1479833926,-158000000.0,341000000.0,0.1011269276,51000000.0,290000000.0,0.0860023725,0.53,0.53,547058824,547058824,https://www.sec.gov/Archives/edgar/data/823768/000095012906001649/0000950129-06-001649-index.htm,https://www.sec.gov/Archives/edgar/data/823768/000095012906001649/h32785e10vk.htm,6.163870962439681,0.5301075264257139,1.2155913968037924,0.4569892469187189,1.2174193537914673,11.702580635094554,1.6232258050552897,11.188924721557914,15.879462351931643,16603235308.400002,24624235308.4,14.313133886551729,4.92385388742586,24.96727114045113,66.41294123360001,2.7125037262538805,2.7125037262538805,7.302560886239621,29.84755794957576,37.02892527578947,98.4969412336,0.0174664753352788,0.0150573063235162,1.4192125469694494,0.4110243671634729,9.722424242424244,1.0595640159656126,0.0,2.293103448275862,0.0066252147823471,0.3793103448275862,0.0,0.0,0.2608942512420156,0.6240601503759399,0.1230723606168446,1.2769230769230768,0.0,11.552272381178655,0.0230635598622975,0.0185647525766596,-22.875967722257236,194000000.0,888000000.0,-11282000000.0,16929000000.0,1987500000.0,656000000.0,99500000.0,53.48754448398577,29.25406871609404,4.028028933092225,1.6826347305389222,3.076495132127956,22.343434343434343,0.0473778794314654,0.7586021498850735,2006-02-14,0.4,bmo,2932173913.0,2025-04-25,2005-12-31,0.15,29.514920634920635,1932458.7301587304
2005-09-30,WM,USD,823768,2005-10-27,2005-10-27 15:24:49,2005,Q3,3375000000.0,2202000000.0,1173000000.0,0.3475555556,0,0.0,0.0,309000000.0,455000000.0,764000000.0,2966000000.0,0.0,0.0,369000000.0,778000000.0,0.2305185185,382000000.0,0.1131851852,-156000000.0,226000000.0,0.066962963,11000000.0,215000000.0,0.0637037037,0.39,0.38,551282051,565789474,https://www.sec.gov/Archives/edgar/data/823768/000095012905010166/0000950129-05-010166-index.htm,https://www.sec.gov/Archives/edgar/data/823768/000095012905010166/h29648e10vq.htm,6.122093026388048,0.3900000001995349,1.130093023834001,0.6366976747443569,0.5441860467900487,11.583906982670836,1.5726976752232409,11.07781395915609,15.132000007741954,15772179479.11,23814179479.11,18.339743580360462,4.673238364180741,25.3164999664687,44.93498427096866,2.5826395086147045,2.5826395086147045,7.056053178995556,30.6094851916581,38.22500718958266,67.84666518264957,0.0136315973505604,0.0222543752095196,1.3659734730636974,0.4055617677086878,10.336760925449871,1.0847647498132935,0.0,2.8976744186046512,0.006530486172594,0.4790697674418605,0.0,0.0,0.2683163984637075,0.4365971107544141,0.0805925925925925,0.7371273712737128,0.0,9.859402494133654,0.0201166387847228,0.0142857142857142,-22.41094187193118,227000000.0,867000000.0,-11278000000.0,16906000000.0,1946500000.0,596500000.0,97500000.0,52.56,24.237057220708447,4.087193460490463,1.7123287671232876,3.7133220910623934,22.02,0.0352055018830849,0.4933953490896441,2005-10-27,0.43,bmo,3225000000.0,2025-04-25,2005-09-30,0.0465116279069767,28.0071875,2480678.125
2005-06-30,WM,USD,823768,2005-07-28,2005-07-28 16:38:19,2005,Q2,3289000000.0,2173000000.0,1116000000.0,0.3393128611,0,0.0,0.0,313000000.0,340000000.0,653000000.0,2826000000.0,0.0,0.0,346000000.0,809000000.0,0.2459714199,463000000.0,0.1407722712,-158000000.0,305000000.0,0.0927333536,-222000000.0,527000000.0,0.1602310733,0.93,0.92,566666667,572826087,https://www.sec.gov/Archives/edgar/data/823768/000095012905007394/0000950129-05-007394-index.htm,https://www.sec.gov/Archives/edgar/data/823768/000095012905007394/h27311e10vq.htm,5.804117643644637,0.9299999994529412,1.049999999382353,0.5064705879373702,0.8488235289124567,11.45470587561488,1.7452941166204152,10.935882346508304,14.878235285365744,16059333342.78,24009333342.78,7.618279574373814,4.88274045083004,26.99047620635294,55.95586530585366,2.591468991896079,2.591468991896079,7.299888520152021,29.67779152383189,40.35182074416807,83.6562137379094,0.0328158080258624,0.0178712275207258,1.3604970146845248,0.4074127766502368,9.826946847960444,1.0268797675263348,0.0,1.1290322580645162,0.0074100211671302,0.2258064516129032,0.0,0.0,0.2658741664250507,0.5176470588235295,0.0936454849498327,0.8901734104046243,0.0,15.127238279543244,0.0440627494320623,0.0346893101632438,-21.58764704612491,74000000.0,989000000.0,-11376000000.0,16885000000.0,1878000000.0,594000000.0,93500000.0,52.59349346305868,24.85043718361712,3.93465255407271,1.7112382934443289,3.6216666666666666,22.87368421052632,0.0850411489430369,0.5435294114449827,2005-07-28,0.4,bmo,3462105263.0,2025-04-25,2005-06-30,-0.05,28.91921875,1644257.8125
2005-03-31,WM,USD,823768,2005-04-28,2005-04-28 15:33:15,2005,Q1,3038000000.0,2044000000.0,994000000.0,0.3271889401,0,0.0,0.0,330000000.0,298000000.0,628000000.0,2672000000.0,0.0,0.0,321000000.0,687000000.0,0.2261356155,366000000.0,0.1204739961,-146000000.0,220000000.0,0.0724160632,70000000.0,150000000.0,0.0493745885,0.26,0.26,576923077,576923077,https://www.sec.gov/Archives/edgar/data/823768/000095012905004248/0000950129-05-004248-index.htm,https://www.sec.gov/Archives/edgar/data/823768/000095012905004248/h24708e10vq.htm,5.265866665964551,0.2599999999653333,0.8805333332159289,0.5598666665920178,0.76439999989808,10.80213333189305,1.2739999998301332,10.301199998626506,14.535733331395235,16644230771.45,24589230771.45,27.740384619083333,5.4786803065997365,32.76423380206693,51.530126227399386,2.8006445854703013,2.8006445854703013,8.093887679871626,35.792184529039304,48.40399758159449,76.12764944721363,0.0090121317145696,0.0194061236253732,1.4110718492343934,0.4059444283086456,11.564774381368268,0.8886679920477137,0.0,3.3866666666666667,0.0070294627373642,0.78,0.0,0.0,0.2660954593861942,0.3641732283464567,0.0608953258722844,0.5763239875389408,0.0,7.762861584746319,0.0138952867389862,0.0098938064771453,-21.776733330429767,-336000000.0,735000000.0,-11744000000.0,16539000000.0,1891500000.0,680000000.0,91000000.0,54.331797235023046,25.89041095890411,4.050880626223091,1.6564885496183206,3.4761904761904763,22.217391304347824,0.0252397778899545,0.3206666666239111,2005-04-28,0.28,bmo,3271692307.0,2025-04-25,2005-03-31,-0.0714285714285714,29.35967213114754,1570473.7704918033
2004-12-31,WM,USD,823768,2005-02-17,2005-02-17 16:35:32,2004,Q4,3208000000.0,2117000000.0,1091000000.0,0.3400872818,0,0.0,0.0,318000000.0,325000000.0,643000000.0,2760000000.0,0.0,0.0,318000000.0,766000000.0,0.2387780549,448000000.0,0.1396508728,-110000000.0,338000000.0,0.105361596,69000000.0,269000000.0,0.0838528678,0.47,0.47,571535858,576923077,https://www.sec.gov/Archives/edgar/data/823768/000095012905001427/0000950129-05-001427-index.htm,https://www.sec.gov/Archives/edgar/data/823768/000095012905001427/h22314e10vk.htm,5.612946160938865,0.470661632572492,1.049802897931209,0.3131911978828107,0.7751044729725427,10.94069586793975,1.3997371972416122,10.447288505912082,14.98768603946456,17111783588.52,25234783588.52,15.903144598996285,5.334097128591023,28.519639314200003,95.59655636044693,2.865815372386535,2.865815372386535,7.866204360511222,32.943581708250655,42.05797264753333,140.97644462860336,0.0157201614085668,0.0104606278517972,1.4346005694188575,0.409758430997369,10.60443864229765,0.8795631825273011,0.0,2.2304832713754648,0.0061945617446397,0.3940520446096654,0.0,0.0,0.26084668739536,0.7016666666666667,0.1312344139650872,1.3238993710691824,0.0,10.518345969939343,0.0197160129782252,0.0174087496764172,-22.224764767077836,-386000000.0,800000000.0,-11833000000.0,16543000000.0,1961500000.0,748000000.0,88000000.0,54.678927680798,32.820028341993385,3.826169107227208,1.645972293483838,2.742227979274612,23.522222222222226,0.0450510802210685,0.7366117000483984,2005-02-10,0.38,bmo,3125743589.0,2025-04-25,2004-12-31,0.0263157894736842,28.9096875,1596696.875
2004-09-30,WM,USD,823768,2004-10-28,2004-10-28 16:34:58,2004,Q3,3274000000.0,2151000000.0,1123000000.0,0.3430054979,0,0.0,0.0,316000000.0,343000000.0,659000000.0,2810000000.0,0.0,0.0,345000000.0,809000000.0,0.2470983506,465000000.0,0.1420281002,-128000000.0,337000000.0,0.102932193,35000000.0,302000000.0,0.0922419059,0.52,0.52,580769231,580769231,https://www.sec.gov/Archives/edgar/data/823768/000095012904008190/0000950129-04-008190-index.htm,https://www.sec.gov/Archives/edgar/data/823768/000095012904008190/h19350e10vq.htm,5.637350991137477,0.5199999997933775,1.0313907280669972,0.4958940395380553,1.065827814146029,10.539470194487627,1.0623841055381256,10.065960260900942,15.129933768822545,15878230775.54,24046230775.54,13.14423077445364,4.849795594239462,26.507897788881465,55.132745748402776,2.716084634885392,2.716084634885392,7.344603169071473,29.723400216983933,40.143957889048416,83.4938568595139,0.019019751272618,0.0181380409487218,1.503079028395484,0.4100709352249393,10.096415327564896,0.9178006109414052,0.0,1.9834437086092715,0.0068017653557706,0.3576158940397351,0.0,0.0,0.2568601829382116,0.5191986644407346,0.0949908368967623,0.9014492753623188,0.0,10.852268657093978,0.0225710232615104,0.0189650841497111,-22.66735098437059,-296000000.0,617000000.0,-12002000000.0,16603000000.0,1918500000.0,700500000.0,84000000.0,54.26389737324374,30.292887029288703,3.598326359832636,1.6585612968591692,2.970994475138121,25.011627906976745,0.0516592541908997,0.5354966885289417,2004-10-28,0.41,bmo,3355849999.0,2025-04-25,2004-09-30,-0.0243902439024389,28.08140625,1694231.25
2004-06-30,WM,USD,823768,2004-07-29,2004-07-29 16:41:09,2004,Q2,3138000000.0,2040000000.0,1098000000.0,0.3499043977,0,0.0,0.0,317000000.0,339000000.0,656000000.0,2696000000.0,0.0,0.0,348000000.0,790000000.0,0.2517527087,442000000.0,0.1408540472,-145000000.0,297000000.0,0.0946462715,81000000.0,216000000.0,0.068833652,0.37,0.37,583783784,583783784,https://www.sec.gov/Archives/edgar/data/823768/000095012904005294/0000950129-04-005294-index.htm,https://www.sec.gov/Archives/edgar/data/823768/000095012904005294/h16976e10vq.htm,5.375277775786934,0.3699999998629629,0.9404166663183642,0.3494444443150206,0.9472685181676784,10.322314810991736,0.9421296292806928,9.863240737087688,14.94046295742946,17892972979.6,26061972979.6,20.70945946712963,5.702030904907584,32.59193621056466,87.71065186078431,3.107497912400139,3.107497912400139,8.305281382919055,32.98983921468354,47.47171763132969,127.75476950784314,0.0120717781358226,0.0114011237949435,1.5147620701632512,0.4108337258596325,10.340506329113923,0.8720312936574462,0.0,2.5416666666666665,0.0053093468652923,0.4398148148148148,0.0,0.0,0.2579368817710786,0.6284153005464481,0.1099426386233269,0.9913793103448276,0.0,9.06153845138028,0.0174457041926921,0.0137108036054335,-22.632951380506316,-458000000.0,550000000.0,-12083000000.0,16343000000.0,1808500000.0,633500000.0,80500000.0,53.43212237093691,29.86764705882353,3.617647058823529,1.684380032206119,3.0132939438700146,24.87804878048781,0.0375130253560264,0.5909722220033437,2004-07-29,0.37,bmo,3138000000.0,2025-04-25,2004-06-30,0.0,29.28854838709677,1815114.516129032
2004-03-31,WM,USD,823768,2004-04-30,2004-04-30 15:49:16,2004,Q1,2896000000.0,1920000000.0,976000000.0,0.3370165746,0,0.0,0.0,316000000.0,316000000.0,632000000.0,2552000000.0,0.0,0.0,325000000.0,669000000.0,0.2310082873,344000000.0,0.1187845304,-138000000.0,206000000.0,0.0711325967,62000000.0,152000000.0,0.0524861878,0.26,0.26,584615385,584615385,https://www.sec.gov/Archives/edgar/data/823768/000095012904002641/0000950129-04-002641-index.htm,https://www.sec.gov/Archives/edgar/data/823768/000095012904002641/h14686e10vq.htm,4.953684207267313,0.2599999998289474,0.8039473678921399,0.4943421049379328,1.178552630803584,10.160526309104917,0.8227631573534453,9.707236835718923,15.42894735827043,17643692319.3,25974692319.3,29.019230788322364,6.092435193128453,37.539770892127656,61.0508384750865,3.109020673004405,3.109020673004405,8.96916171246547,38.82614696457399,55.26530280702128,89.87782809446367,0.0086149768001639,0.0163797914161011,1.5894273127753304,0.4254516296401113,12.452914798206278,0.9494399031183772,0.0,3.0921052631578947,0.0069713299106589,0.8092105263157895,0.0,0.0,0.2574878543464931,0.3851063829787234,0.0625,0.556923076923077,0.0,7.535737220179298,0.0130171612308491,0.0096556981323847,-22.60802630091577,-167000000.0,481000000.0,-12125000000.0,16579000000.0,1782500000.0,629000000.0,80500000.0,54.5096685082873,27.65625,3.703125,1.6510832383124288,3.254237288135593,24.303797468354432,0.0267841409691629,0.309605262954207,2004-04-29,0.26,bmo,3011840000.0,2025-04-25,2004-03-31,-0.0384615384615384,28.82596774193549,2027458.064516129
2003-12-31,WM,USD,823768,2004-02-20,2004-02-20 10:23:26,2003,Q4,2968000000.0,1917000000.0,1051000000.0,0.3541105121,0,0.0,0.0,295000000.0,314000000.0,609000000.0,2526000000.0,0.0,0.0,313000000.0,753000000.0,0.2537061995,441000000.0,0.1485849057,-104000000.0,337000000.0,0.1135444744,111000000.0,183000000.0,0.0616576819,0.31,0.31,584615385,584615385,https://www.sec.gov/Archives/edgar/data/823768/000095012904000722/0000950129-04-000722-index.htm,https://www.sec.gov/Archives/edgar/data/823768/000095012904000722/h12380e10vk.htm,5.0768421019231305,0.3130263155835353,1.0947368413850416,0.4071052628900623,0.2309210524796572,9.943289467142574,0.6688157890336738,9.51565788847654,14.55828946410639,17304615396.0,25680615396.0,23.64018496721312,5.830396022911051,27.03846155625,72.70846805042017,3.11066248355204,3.11066248355204,8.652498448787062,34.104402916334664,40.12596155625,107.90174536134454,0.0105752133643086,0.0137535561787183,1.5299298939421175,0.4120352439969016,11.123505976095618,0.7767106842737095,0.0,3.4972677595628414,0.0003467283070265,0.0327868852459016,0.0,0.0,0.2624903175832688,0.628125,0.1354447439353099,1.2843450479233227,0.0,8.186553298343714,0.01657948240395,0.0120126033871602,-22.76496709028621,-744000000.0,391000000.0,-12255000000.0,16089000000.0,1730000000.0,601000000.0,81000000.0,54.91576819407008,31.36150234741784,3.8497652582159625,1.638873550524572,2.869760479041916,23.37804878048781,0.0328959194679129,0.6876315784949792,2004-02-12,0.33,bmo,2526615384.0,2025-04-25,2003-12-31,0.1818181818181818,27.59671875,1790359.21875
2003-09-30,WM,USD,823768,2003-10-31,2003-10-31 12:13:53,2003,Q3,2975000000.0,1920000000.0,1055000000.0,0.3546218487,0,0.0,0.0,297000000.0,323000000.0,620000000.0,2540000000.0,0.0,0.0,325000000.0,760000000.0,0.2554621849,435000000.0,0.1462184874,-106000000.0,329000000.0,0.1105882353,119000000.0,210000000.0,0.0705882353,0.36,0.35,583333333,600000000,https://www.sec.gov/Archives/edgar/data/823768/000095012903005273/0000950129-03-005273-index.htm,https://www.sec.gov/Archives/edgar/data/823768/000095012903005273/h10002e10vq.htm,5.100000002914285,0.3600000002057142,0.3651428573515102,-0.1440000000822857,0.8965714290837551,9.68571429124898,0.4645714288368979,9.610285719777306,14.67428572267102,15265833324.61,23302833324.61,18.17361110072619,5.131372546087396,71.67057898877935,-181.7361110072619,2.7231240322172674,2.7231240322172674,7.832885151129412,30.66162279553948,109.40297335497652,-277.41468243583336,0.0137562094079371,-0.0055024837631748,1.5269354263289332,0.4240562766273655,10.575,0.907514450867052,0.0,1.0142857142857142,6.550575908541482e-07,4.761904761904762e-05,0.0,0.0,0.2664718121470326,1.3943661971830985,0.0998319327731092,0.913846153846154,0.0,8.822885830309607,0.0157492668444744,0.014182481258864,-21.83357144104776,-288000000.0,271000000.0,-11710000000.0,15887000000.0,1663500000.0,543000000.0,78500000.0,49.885714285714286,25.03125,3.75,1.8041237113402064,3.595505617977528,24.0,0.0374598644309668,0.509142857433796,2003-10-30,0.37,bmo,3167200000.0,2025-04-25,2003-09-30,-0.0540540540540541,25.17,1559128.15625
2003-06-30,WM,USD,823768,2003-08-05,2003-08-05 12:24:50,2003,Q2,2915000000.0,1887000000.0,1028000000.0,0.3526586621,0,0.0,0.0,301000000.0,319000000.0,620000000.0,2507000000.0,0.0,0.0,325000000.0,733000000.0,0.251457976,385000000.0,0.1320754717,-103000000.0,282000000.0,0.0967409949,106000000.0,176000000.0,0.0603773585,0.3,0.3,586666667,586666667,https://www.sec.gov/Archives/edgar/data/823768/000095012903003914/0000950129-03-003914-index.htm,https://www.sec.gov/Archives/edgar/data/823768/000095012903003914/h07899e10vq.htm,4.968749997176847,0.2999999998295454,1.097727272103564,0.6051136360198218,1.283522726543453,9.598295449091877,0.5113636360730889,9.51818181277376,14.417045446353953,14132800008.03,21837800008.03,20.07500001140625,4.84830188954717,21.94534162737577,39.81070424797184,2.530945560177293,2.530945560177293,7.491526589375643,29.79236017466576,33.90962734166149,61.51492960008451,0.0124533001174572,0.0251188723960075,1.5146848137535818,0.4134728197105983,10.511596180081856,1.016267942583732,0.0,3.659090909090909,0.0,0.0,0.0,0.0,0.2606081345326554,0.4487577639751552,0.0991423670668953,0.8892307692307693,0.0,8.015467996300558,0.013786429969778,0.0116363636363636,-21.77556816944569,51000000.0,300000000.0,-11639000000.0,16194000000.0,1650500000.0,526500000.0,77500000.0,51.80789022298456,26.327503974562795,3.672496025437202,1.737187127532777,3.4184782608695654,24.506493506493506,0.0315186246418338,0.4926136360837422,2003-08-05,0.34,bmo,3117375000.0,2025-04-25,2003-06-30,-0.0588235294117647,23.173809523809524,2099128.5555555555
2003-03-31,WM,USD,823768,2003-04-30,2003-04-30 12:28:39,2003,Q1,2716000000.0,1793000000.0,923000000.0,0.3398379971,0,0.0,0.0,323000000.0,301000000.0,624000000.0,2417000000.0,0.0,0.0,302000000.0,601000000.0,0.221281296,279000000.0,0.102724595,-104000000.0,175000000.0,0.0644329897,68000000.0,61000000.0,0.0224594993,0.1,0.1,610000000,610000000,https://www.sec.gov/Archives/edgar/data/823768/000095012903002331/0000950129-03-002331-index.htm,https://www.sec.gov/Archives/edgar/data/823768/000095012903002331/h05223e10vq.htm,4.452459016393442,0.1,0.7032786885245902,0.3557377049180328,0.6245901639344262,8.836065573770492,0.2032786885245901,8.760655737704917,13.655737704918034,12919800000.0,20868800000.0,52.95,4.756921944035346,30.11608391608392,59.53824884792627,2.417627245508982,2.417627245508982,7.683652430044183,34.723460898502495,48.645221445221445,96.16958525345622,0.0047214353163361,0.0167959256335237,1.5587574850299402,0.4182566780478007,13.226289517470882,0.9114616870573083,0.0,7.032786885245901,0.0,0.0,0.0,0.0,0.2644105242016469,0.4941724941724941,0.0780559646539028,0.7019867549668874,0.0,4.439760737904248,0.0100488084017773,0.0041638225255972,-21.12909836065574,-275000000.0,124000000.0,-11695000000.0,15698000000.0,1633500000.0,513500000.0,79000000.0,53.78129602356407,25.147796988287784,3.915225878416062,1.6734442390634627,3.5788423153692617,22.987179487179485,0.0114146706586826,0.3475409836065574,2003-04-29,0.23,bmo,3070260869.0,2025-04-25,2003-03-31,-0.1304347826086956,22.008196721311474,1782631.1475409835
2002-12-31,WM,USD,823768,2003-02-24,2003-02-24 16:51:17,2002,Q4,2812000000.0,1743000000.0,1069000000.0,0.3801564723,0,0.0,0.0,407000000.0,279000000.0,686000000.0,2429000000.0,0.0,0.0,304000000.0,687000000.0,0.2443100996,383000000.0,0.1362019915,-61000000.0,322000000.0,0.1145092461,84000000.0,236000000.0,0.0839260313,0.39,0.39,603205027,610000000,https://www.sec.gov/Archives/edgar/data/823768/000095012903000958/0000950129-03-000958-index.htm,https://www.sec.gov/Archives/edgar/data/823768/000095012903000958/h02934e10vk.txt,4.661764862911197,0.3912434237720635,1.0377897596665753,0.4194262127725935,0.4376621350670541,8.831159823871959,0.2370669898279876,8.799661412636071,13.748227598905604,13825459218.84,21854459218.84,14.645613579279662,4.9165928943243244,22.08539811316293,54.646083868932806,2.60464567046722,2.60464567046722,7.771856052219062,31.811439910975256,34.91127670741214,86.38126173454546,0.017069957407158,0.0182995729830974,1.5623587038432554,0.4224440935255463,11.687045123726346,0.8509297195083517,0.0,2.652542372881356,0.0,0.0,0.0,0.0,0.2640721308135092,0.5958466453674122,0.1326458036984353,1.2269736842105263,0.0,8.801319067621604,0.0169624876578428,0.0163355713989063,-21.165274539398027,-473000000.0,143000000.0,-11604000000.0,15323000000.0,1699500000.0,529500000.0,80500000.0,52.61735419630156,27.160068846815832,4.130808950086058,1.710462287104623,3.3136882129277567,21.7875,0.0444611906556141,0.6183635468939817,2003-02-18,0.34,bmo,2398470588.0,2025-04-25,2002-12-31,0.1470588235294117,23.67640625,2098804.71875
2002-09-30,WM,USD,823768,2002-11-01,2002-11-01 11:35:24,2002,Q3,2896000000.0,1746000000.0,1150000000.0,0.3970994475,0,376000000.0,0.0,376000000.0,308000000.0,684000000.0,2430000000.0,0.0,0.0,311000000.0,774000000.0,0.2672651934,465000000.0,0.1605662983,-113000000.0,352000000.0,0.1215469613,121000000.0,231000000.0,0.0797651934,0.38,0.38,607894737,607894737,https://www.sec.gov/Archives/edgar/data/823768/000095012902005332/0000950129-02-005332-index.htm,https://www.sec.gov/Archives/edgar/data/823768/000095012902005332/h00764e10vq.txt,4.763982682745286,0.3799999999012987,1.057748917474178,0.462251082131017,1.0791341988539045,8.925887443569033,0.444155844040479,8.899567097255524,14.02545454181157,14176105266.84,22046105266.84,15.34210526714286,4.895063973356353,22.046820010637635,50.44877319160143,2.620352175016636,2.620352175016636,7.612605409820442,28.483340138036176,34.28632234345257,78.45589062932385,0.0162950257247555,0.0198220875699406,1.5759704251386322,0.4265345940267147,10.167958656330748,0.8470426409903714,0.0,2.783549783549784,0.0004288164665523,0.0263157894805194,0.1298342541436464,0.0,0.2579418680274151,0.5629860031104199,0.125,1.1639871382636655,0.0,8.723032652797464,0.0182411530874529,0.0155733836715431,-20.64543289507045,-556000000.0,270000000.0,-11484000000.0,15139000000.0,1750000000.0,544500000.0,79000000.0,54.5407458563536,27.47422680412371,4.175257731958763,1.6501424501424502,3.275797373358349,21.55555555555556,0.0426987060998151,0.5954978353431607,2002-10-31,0.38,bmo,2896000000.0,2025-04-25,2002-09-30,0.0,24.6296875,1708218.75
2002-06-30,WM,USD,823768,2002-08-02,2002-08-02 12:16:38,2002,Q2,2825000000.0,1689000000.0,1136000000.0,0.4021238938,0,359000000.0,0.0,359000000.0,313000000.0,672000000.0,2361000000.0,0.0,0.0,313000000.0,777000000.0,0.2750442478,464000000.0,0.1642477876,-112000000.0,352000000.0,0.1246017699,135000000.0,217000000.0,0.0768141593,0.35,0.35,620000000,620000000,https://www.sec.gov/Archives/edgar/data/823768/000095012902003824/0000950129-02-003824-index.htm,https://www.sec.gov/Archives/edgar/data/823768/000095012902003824/h98566e10vq.txt,4.556451612903226,0.35,0.7225806451612903,0.1225806451612903,1.1612903225806452,8.556451612903226,0.2564516129032258,8.53225806451613,13.901612903225807,15989800000.0,23888800000.0,18.42142857142857,5.6601061946902655,35.691517857142856,210.3921052631579,3.0226465028355385,3.0226465028355385,8.45621238938053,30.744916344916344,53.323214285714286,314.3263157894737,0.0135711516091508,0.0047530300566611,1.6293005671077505,0.4346883195481137,10.166023166023166,0.8911739502999143,0.0,2.064516129032258,0.0,0.0,0.1270796460176991,0.0,0.2595319749848699,0.8303571428571429,0.1316814159292035,1.1884984025559104,0.0,8.197044117123227,0.0171182199009847,0.0147800027244244,-20.08991935483871,-381000000.0,159000000.0,-11403000000.0,15250000000.0,1645000000.0,534500000.0,78000000.0,55.5929203539823,29.626998223801063,4.103019538188277,1.6189111747851004,3.037769784172662,21.935064935064936,0.0410207939508506,0.6,2002-08-01,0.35,bmo,2825000000.0,2025-04-25,2002-06-30,0.0,26.99078125,1765095.34375
2002-03-31,WM,USD,823768,2002-05-08,2002-05-08 17:07:11,2002,Q1,2609000000.0,1565000000.0,1044000000.0,0.4001533154,0,387000000.0,0.0,387000000.0,288000000.0,675000000.0,2240000000.0,0.0,0.0,294000000.0,663000000.0,0.2541203526,332000000.0,0.1272518206,-111000000.0,221000000.0,0.0847067842,84000000.0,138000000.0,0.0528938291,0.22,0.22,627272727,627272727,https://www.sec.gov/Archives/edgar/data/823768/000095012902002335/0000950129-02-002335-index.htm,https://www.sec.gov/Archives/edgar/data/823768/000095012902002335/h96558e10-q.txt,4.159275364127221,0.2200000000956521,0.6950724640703214,0.4081159422064272,0.48782608716862,8.382318844224196,0.2120289855994329,8.361594206534026,12.492173918474858,17124545447.1,24654545447.1,31.02272725923913,6.563643329666539,39.27648038325688,66.89275565273438,3.264927635290753,3.264927635290753,9.449806610617092,37.18634305746606,56.54712258509174,96.30681815273437,0.0080586080621118,0.0149493019123233,1.4939942802669208,0.4166533737438188,11.357466063348417,0.8270967741935484,0.0,3.1594202898550723,0.0,0.0,0.1483326945189728,0.0,0.2725049183814537,0.4128440366972477,0.0689919509390571,0.6122448979591837,0.0,6.433497597756529,0.0130350215182171,0.010086244701067,-19.20177537066744,-536000000.0,133000000.0,-10985000000.0,14887000000.0,1607000000.0,592500000.0,81000000.0,53.29628210042162,29.50159744408946,4.543130990415336,1.688673139158576,3.050682261208577,19.81012658227848,0.0263107721639656,0.2869565218638941,2002-05-07,0.26,bmo,2709346153.0,2025-04-25,2002-03-31,-0.0384615384615384,27.52083333333333,2639336.75
2001-12-31,WM,USD,823768,2002-03-12,2002-03-12 00:00:00,2001,Q4,2791000000.0,1595000000.0,1196000000.0,0.4285202436,0,452000000.0,0.0,452000000.0,361000000.0,813000000.0,2408000000.0,0.0,0.0,343000000.0,726000000.0,0.2601218201,383000000.0,0.1372268004,-111000000.0,272000000.0,0.0974561089,114000000.0,158000000.0,0.0566105339,0.25,0.25,627272727,627272727,https://www.sec.gov/Archives/edgar/data/823768/000095012902001250/0000950129-02-001250-index.htm,https://www.sec.gov/Archives/edgar/data/823768/000095012902001250/h93477e10-k.txt,4.449420291789603,0.2518840580805293,1.3502898556595464,0.577101449526276,1.1637681164480151,8.616666670413043,0.4527536233852552,8.595942032722874,13.110724643381474,20016272718.57,27510272718.57,31.671317592674047,7.171720787735579,23.631963067969306,55.29357104577348,3.712216750476632,3.712216750476632,9.856779906331065,37.8929376288843,32.47966082475797,75.99522850433702,0.0078935775017401,0.0180852851622148,1.5252225519287834,0.4219599794766547,10.322314049586776,0.8395592582639075,0.0,5.360759493670886,0.0,0.0,0.1619491221784306,0.0,0.2627501282709081,0.5726092089728453,0.1737728412755284,1.41399416909621,0.0,6.979725435152353,0.0136623643562067,0.0109958939383394,-19.228876819954586,-597000000.0,284000000.0,-10961000000.0,14881000000.0,1707000000.0,706000000.0,82500000.0,53.81941956288069,37.91849529780564,4.683385579937304,1.6722588376273215,2.3735119047619047,19.21686746987952,0.0293026706231454,0.7731884061332703,2002-02-26,0.26,bmo,2898346153.0,2025-04-25,2001-12-31,-0.0384615384615384,28.5109375,1998867.1875
2001-09-30,WM,USD,823768,2001-11-13,2001-11-13 00:00:00,2001,Q3,2897000000.0,1693000000.0,1204000000.0,0.4156023473,0,383000000.0,0.0,383000000.0,706000000.0,1089000000.0,2782000000.0,0.0,0.0,352000000.0,467000000.0,0.1612012427,115000000.0,0.0396962375,-116000000.0,-1000000.0,-0.0003451847,-32000000.0,30000000.0,0.0103555402,0.05,0.05,600000000,600000000,https://www.sec.gov/Archives/edgar/data/823768/000095012901503991/0000950129-01-503991-index.htm,https://www.sec.gov/Archives/edgar/data/823768/000095012901503991/h91961e10-q.txt,4.828333333333333,0.05,1.07,0.455,0.125,8.695,0.1266666666666666,8.678333333333333,13.236666666666666,15894000000.0,23761000000.0,132.45,5.486365205384881,24.75700934579439,58.21978021978022,3.0524294219320147,3.0524294219320147,8.201933034173283,50.88008565310493,37.01090342679128,87.03663003663004,0.0018875047187617,0.0171762929407323,1.5252544651430766,0.4206567796610169,16.845824411134902,0.8290626013623095,0.0,21.4,0.0003775009437523,0.2,0.1322057300655851,0.0,0.2722987288135593,0.5747663551401869,0.1273731446323783,1.0482954545454546,0.0,3.1245999743967223,-0.2244255587031791,0.0021835650338452,-20.39708333333333,-527000000.0,76000000.0,-11107000000.0,14782000000.0,1679000000.0,726000000.0,77500000.0,54.211253020365895,39.33845245126993,4.35912581216775,1.6601719197707736,2.287837837837838,20.646341463414632,0.005761474937584,0.615,2001-11-07,0.37,bmo,2977472222.0,2025-04-25,2001-09-30,-0.027027027027027,29.81694915254237,2263661.1016949154
2001-06-30,WM,USD,823768,2001-08-09,2001-08-09 00:00:00,2001,Q2,2915000000.0,1732000000.0,1183000000.0,0.4058319039,0,398000000.0,0.0,398000000.0,344000000.0,742000000.0,2474000000.0,0.0,0.0,341000000.0,782000000.0,0.2682675815,441000000.0,0.1512864494,-137000000.0,304000000.0,0.1042881647,113000000.0,191000000.0,0.0655231561,0.31,0.3,616129032,636666667,https://www.sec.gov/Archives/edgar/data/823768/000095012901502418/0000950129-01-502418-index.htm,https://www.sec.gov/Archives/edgar/data/823768/000095012901502418/h89499e10-q.txt,4.731151834442367,0.3100000001298429,0.756335078850821,0.2207329843856473,0.6427225133582084,8.452774872650377,0.094136125693879,8.42518324960217,13.570209429767626,18989096766.24,26954096766.24,24.854838699267017,6.514269902655232,40.74913469150215,139.6257115164706,3.658080671593142,3.658080671593142,9.246688427526587,34.468154432531975,57.841409369613736,198.19188798705883,0.0100584036382168,0.0071620046848036,1.6106723174725486,0.4468972152440002,10.18542199488491,0.8477920450986534,0.0,2.43979057591623,0.0,0.0,0.1365351629502572,0.0,0.2752685873109198,0.7081545064377682,0.1132075471698113,0.967741935483871,0.0,7.66587589193753,0.0170971034119916,0.0140865845563832,-19.247185871935997,-486000000.0,58000000.0,-10794000000.0,14692000000.0,1541000000.0,712000000.0,74000000.0,49.80102915951973,36.99769053117783,3.793302540415704,1.8071915685058897,2.432584269662921,23.726027397260275,0.0367944519360431,0.5356020944651737,2001-08-08,0.34,bmo,3003333333.0,2025-04-25,2001-06-30,-0.0294117647058823,26.892857142857142,2343398.53968254
2001-03-31,WM,USD,823768,2001-05-10,2001-05-10 00:00:00,2001,Q1,2719000000.0,1646000000.0,1073000000.0,0.3946303788,0,389000000.0,0.0,389000000.0,340000000.0,729000000.0,2375000000.0,0.0,0.0,335000000.0,679000000.0,0.2497241633,344000000.0,0.1265171019,-132000000.0,212000000.0,0.0779698419,89000000.0,124000000.0,0.0456050018,0.2,0.2,620000000,620000000,https://www.sec.gov/Archives/edgar/data/823768/000095012901500527/0000950129-01-500527-index.htm,https://www.sec.gov/Archives/edgar/data/823768/000095012901500527/h86623e10-q.txt,4.385483870967742,0.2,0.6451612903225806,0.4129032258064516,1.4306451612903226,7.966129032258064,-0.3451612903225806,7.940322580645161,14.466129032258063,15314000000.0,23396000000.0,30.875,5.632217727105553,38.285,59.8203125,3.110704854763356,3.110704854763356,8.60463405663847,34.456553755522826,58.49,91.390625,0.0080971659919028,0.0167167297897348,1.8218565915092424,0.4730984281042304,11.90279823269514,0.9568188878533708,0.0,3.225806451612903,0.0,0.0,0.1430673041559396,0.0,0.2718113725076485,0.36,0.0529606472968002,0.4298507462686567,0.0,5.977579076256811,0.0121505482564457,0.008982252806954,-19.343145161290323,-139000000.0,-214000000.0,-10939000000.0,14963000000.0,1522000000.0,788500000.0,75000000.0,48.62449429937477,38.930741190765495,4.100850546780073,1.850918992511913,2.311797752808989,21.946666666666665,0.0251878935608368,0.232258064516129,2001-05-09,0.25,bmo,2832291666.0,2025-04-25,2001-03-31,-0.04,25.44693548387097,2109022.580645161
2000-12-31,WM,USD,823768,2001-03-13,2001-03-13 00:00:00,2000,Q4,2884331000.0,1762093000.0,1122238000.0,0.3890808649,0,387974000.0,0.0,387974000.0,349668000.0,737642000.0,2499735000.0,0.0,0.0,349668000.0,734264000.0,0.2545699505,384596000.0,0.1333397589,-228835000.0,155761000.0,0.0540024706,117237000.0,38524000.0,0.0133563034,0.062,0.062,620000000,620000000,https://www.sec.gov/Archives/edgar/data/823768/000095012901001398/0000950129-01-001398-index.htm,https://www.sec.gov/Archives/edgar/data/823768/000095012901001398/h84376e10-k.txt,4.6521467741935485,0.0621354838709677,0.7456370967741935,0.1005983870967742,0.1516129032258064,7.767741935483871,-0.6080645161290322,7.743548387096774,13.685483870967742,17205000000.0,25596000000.0,111.65117848613852,5.964988068290359,37.21649596037162,275.8493530647256,3.583628410747761,3.583628410747761,8.874154873348447,34.85939662028916,55.3672438594404,410.383030575107,0.0022391165358907,0.0036251671025864,1.7673401374713602,0.4570428225154861,11.42776984844688,0.8365679264555669,0.0,12.000181704911224,0.0,0.0,0.134510914316006,0.0,0.2797199030433611,0.865083983170919,0.1386539894346383,1.1437249047668074,0.0,3.2902667571165822,0.0060428956047785,0.0028809452587496,-20.058467741935484,-480000000.0,-377000000.0,-11292000000.0,14839000000.0,1588118500.0,857941000.0,75015500.0,49.14484502645501,44.18041499512228,3.830671820386325,1.8313212698412693,2.0371017341040463,23.49457333333333,0.0080241616329931,0.6450387096774194,2001-03-08,0.31,bmo,,2025-04-25,2000-12-31,-0.0645161290322581,22.707936507936505,2247258.761904762
2000-09-30,WM,USD,823768,2000-11-08,2000-11-08 00:00:00,2000,Q3,3124649000.0,1871048000.0,1253601000.0,0.4011973825,0,411185000.0,0.0,411185000.0,366615000.0,777800000.0,2648848000.0,0.0,0.0,366615000.0,842416000.0,0.2696034019,475801000.0,0.1522734234,-535559000.0,-59758000.0,-0.0191247081,131084000.0,-190842000.0,-0.0610763001,-0.31,-0.31,621505000,621505000,https://www.sec.gov/Archives/edgar/data/823768/000095012900005344/0000950129-00-005344-index.htm,https://www.sec.gov/Archives/edgar/data/823768/000095012900005344/h81320e10-q.txt,5.027552473431428,-0.3070643035856509,0.9015357881272074,0.3396835101889767,0.2329780130489698,7.47132203280746,-0.9694049122694104,7.447874112034497,14.4925077030756,10839047200.0,19701416200.0,-14.198980308317877,3.468884729132776,19.344767262349883,51.34190938587973,2.341607784672398,2.341607784672398,6.3051613797261705,23.38680200755921,35.16169863414652,93.32077872249722,-0.017606898141379,0.0194772654924872,1.9458583060175751,0.4697178871188645,10.520181240622213,0.7883869633977636,0.0,-2.935983693316985,0.0005733944954128,-0.0325664685970593,0.131593980635905,0.0,0.2735731115428266,0.6232168321408366,0.1117546322802977,0.9524814860275768,0.0,,0.0934805943980121,-0.0137003284842594,-21.156690211663623,-833213000.0,-602490000.0,-11428005000.0,14448959000.0,1629897500.0,895736500.0,95749500.0,46.12080588891744,40.928602579944496,3.609095009855439,1.9513969512320788,2.198951205925146,24.936999373592247,-0.0412284497517872,0.5618522779382306,2000-11-06,0.33,bmo,3124600000.0,2025-04-25,2000-09-30,0.0,19.11936507936508,1627679.380952381
2000-06-30,WM,USD,823768,2000-08-11,2000-08-11 00:00:00,2000,Q2,3265711000.0,1949143000.0,1316568000.0,0.403148962,0,444830000.0,0.0,444830000.0,362308000.0,807138000.0,2756281000.0,0.0,0.0,362308000.0,871738000.0,0.266936664,509430000.0,0.1559935953,-404286000.0,105144000.0,0.0321963579,104829000.0,315000.0,9.64568e-05,0.0005,0.0005,621065000,622860000,https://www.sec.gov/Archives/edgar/data/823768/000095012900004097/0000950129-00-004097-index.htm,https://www.sec.gov/Archives/edgar/data/823768/000095012900004097/e10-q.txt,5.258243501082817,0.0005071932889472,0.6877975735229002,0.1800938710118908,0.166721679695362,7.630877605403621,-1.0111018975469557,7.615900107074139,16.29091318944072,11800235000.0,21814406000.0,9365.265873015873,3.6133739329658994,27.62440684790726,105.5005364327224,2.494780621183775,2.494780621183775,6.679833579885054,25.02403933291884,51.06762928784293,195.03268663388468,2.669438362880061e-05,0.0094786247900995,2.139066027705467,0.48980629210102,11.487592602364472,0.8158775945248723,0.0,1356.0857142857142,0.0,0.0,0.1362122980263715,0.0,0.2598317164624555,0.7381586124396313,0.0965538591749239,0.8703009594047054,0.0,0.2948075677980603,8.793521116994351e-05,2.060259651580661e-05,-23.365666234613123,-987586000.0,-627960000.0,-11541134000.0,14503404000.0,1636335500.0,953229500.0,115814000.0,45.70833732684858,43.43097966644828,5.377809632233243,1.969006209008066,2.0722535086982545,16.735438060239723,6.659663097157719e-05,0.5077037025110093,2000-08-08,0.31,bmo,3163646875.0,2025-04-25,2000-06-30,0.032258064516129,16.995714285714286,2240203.1746031744
2000-03-31,WM,USD,823768,2000-05-12,2000-05-12 00:00:00,2000,Q1,3217309000.0,1955716000.0,1261593000.0,0.3921267743,0,494011000.0,0.0,494011000.0,350409000.0,844420000.0,2800136000.0,0.0,0.0,350409000.0,767582000.0,0.2385788869,417173000.0,0.1296651954,-297320000.0,119853000.0,0.0372525611,64850000.0,55003000.0,0.0170959644,0.09,0.09,620633000,621542000,https://www.sec.gov/Archives/edgar/data/823768/000095012900002389/0000950129-00-002389-index.html,https://www.sec.gov/Archives/edgar/data/823768/000095012900002389/,5.183915454060612,0.0886240338493119,1.0879682517687588,0.687465861467244,0.237534903880393,7.188992528595804,-1.4550547586093552,7.174549210241802,17.90642779227015,8496465770.0,19462363770.0,38.61819250768139,2.640860971078625,12.58308776726118,19.913716109163182,1.908133821210296,1.908133821210296,6.049267810458989,25.35541970760127,28.82335292174951,45.61520018093863,0.0064736328597013,0.0502166443730638,2.495826186084053,0.5000553226235873,14.286288631051796,0.8483199277451292,0.0,12.276221297020165,0.0,0.0,0.1535478873804163,0.0,0.2413938673375635,0.3681195564763954,0.0772586655493768,0.7093567802196862,0.0,3.782372743582463,0.0106227730689535,0.0032624529935822,-26.339025237136923,-1056000000.0,-903055000.0,-11856433000.0,14445222000.0,1765206500.0,1014434000.0,111180000.0,45.15269437906026,44.44823276999319,5.299542469356492,1.9932365330060533,2.0248274091283696,16.982598124348733,0.0123525578056945,0.4005023903015147,2000-05-10,0.24,bmo,2969538461.0,2025-04-25,2000-03-31,0.0833333333333334,15.52777777777778,3104911.206349206
1999-12-31,WM,USD,823768,2000-03-30,2000-03-30 00:00:00,1999,Q4,3336400000.0,2158700000.0,1177700000.0,0.3529852536,0,610500000.0,0.0,610500000.0,411500000.0,1022000000.0,3180700000.0,0.0,0.0,411500000.0,567200000.0,0.1700035967,155700000.0,0.0466670663,-175500000.0,-19800000.0,-0.0059345402,92500000.0,-114800000.0,-0.0344083443,-0.18,-0.18,620633000,621542000,https://www.sec.gov/Archives/edgar/data/823768/000095012900001540/0000950129-00-001540-index.html,https://www.sec.gov/Archives/edgar/data/823768/000095012900001540/,5.375801802353403,-0.1849724394287767,0.6399917503581022,-0.2579624351267174,0.2922822344283981,7.106131965267719,-1.5248947445591838,7.093725277257252,18.52624659017487,10668681270.0,21985281270.0,-23.23319091898955,3.1976625314710465,26.859721223564957,-66.63760943160524,2.423268357334303,2.423268357334303,6.589522020740918,38.76107417136812,55.35065777945619,-137.32218157401624,-0.0107604676805571,-0.0150065407287211,2.611638577204379,0.5069351980036506,19.95169252468265,0.8305627879030643,0.0,-3.536954585930544,0.0,0.0,0.1829816568756744,0.0,0.2361714885324539,1.4030715005035246,0.1670363265795468,1.3543134872417983,0.0,,0.0482808854622791,-0.0066263773687278,-26.74507317529039,-1269000000.0,-946400000.0,-12050600000.0,14391500000.0,1925450000.0,1080450000.0,98650000.0,51.692542860568274,44.318339741511096,4.469356557187196,1.7410635078014924,2.030761994355597,20.137126865671643,-0.0260755008404124,0.8979541854848195,2000-03-27,0.35,bmo,,2025-04-25,1999-12-31,-0.0857142857142856,16.65828125,3567287.625
1999-09-30,WM,USD,823768,1999-11-15,1999-11-15 00:00:00,1999,Q3,3395100000.0,2584300000.0,810800000.0,0.2388147625,0,765200000.0,0.0,765200000.0,453000000.0,1218200000.0,3802500000.0,0.0,0.0,462000000.0,45600000.0,0.0134311213,-407400000.0,-0.1199964655,-876200000.0,-1283600000.0,-0.3780742835,-335800000.0,-947800000.0,-0.2791670348,-1.53,-1.53,619477124,619477124,https://www.sec.gov/Archives/edgar/data/823768/000095012999005071/0000950129-99-005071-index.html,https://www.sec.gov/Archives/edgar/data/823768/000095012999005071/,5.480589788493949,-1.530000000451994,0.8194007176930072,-0.4721723993798357,0.3582053176833694,7.361046636485644,-1.5261257653801596,7.349746784192793,18.407782237976555,11924934637.0,23106234637.0,-3.145424835672083,3.512395698801213,23.49277903270292,-40.7690073059829,2.61913785130683,2.61913785130683,6.8057596645165095,506.7156718640351,45.52055681048069,-78.99567397264957,-0.0794805195039996,-0.02452843633142,2.504546452888205,0.5322380396732789,245.20394736842104,0.8154097190352353,0.0,-0.5355560244777379,0.0005194805194805,-0.0065359477104874,0.2253836411298636,0.0,0.2569614935822637,1.576241134751773,0.235663161615269,1.731818181818182,0.0,,-0.0165001541264407,-0.0595366717756727,-24.451427523577127,-1086000000.0,-945400000.0,-12067700000.0,14809300000.0,2295000000.0,1083100000.0,94950000.0,51.28390916320579,38.235112022598,3.137793599814263,1.7549364209655742,2.353857364058657,28.68257491675916,-0.2081704370744564,1.2915731170728428,1999-11-09,0.46,bmo,3542713043.0,2025-04-25,1999-09-30,-0.0434782608695652,26.56453125,7006001.75
1999-06-30,WM,USD,823768,1999-08-16,1999-08-16 00:00:00,1999,Q2,3334600000.0,1868100000.0,1466500000.0,0.4397828825,0,284300000.0,0.0,284300000.0,384300000.0,668600000.0,2536700000.0,0.0,0.0,390400000.0,1197000000.0,0.3589635938,797900000.0,0.239279074,-251600000.0,545900000.0,0.163707791,227600000.0,318300000.0,0.0954537276,0.52,0.5,612115385,636600000,https://www.sec.gov/Archives/edgar/data/823768/000095012999003706/0000950129-99-003706-index.html,https://www.sec.gov/Archives/edgar/data/823768/000095012999003706/,5.447665720736622,0.5199999996732643,0.67062519593426,-0.4672321706143687,0.1323279923767967,9.176047747925828,-1.8532453648424472,8.94586238834693,18.463839133858723,32901201943.75,44122201943.75,25.84134617008325,9.86661127084208,80.14909121498174,-115.0391676354895,6.00836427687686,6.00836427687686,13.231632562751155,36.86065325292397,107.48404858404383,-154.27343336975525,0.0096744185985723,-0.0086926915463138,2.063952957504702,0.4915686965296172,9.374269005847951,0.9159374102034952,0.0,1.365147988027935,0.0,0.0,0.0852576021111977,0.0,0.293636399222328,1.6967113276492083,0.2088706291609188,1.7840676229508197,0.0,10.230669082611024,0.0238176337418967,0.0195991502724669,-24.91760601638856,-321800000.0,-1134400000.0,-13868600000.0,18283700000.0,2514400000.0,1051000000.0,99200000.0,71.66856594494092,51.46780150955516,4.808093785129276,1.2557806733448822,1.748666105026678,18.718436873747496,0.0581274311072152,1.137857366548629,1999-08-03,0.61,bmo,3498596721.0,2025-04-25,1999-06-30,-0.0491803278688525,53.4,2700623.873015873
1999-03-31,WM,USD,823768,1999-05-14,1999-05-14 00:00:00,1999,Q1,3070600000.0,1674400000.0,1396200000.0,0.4546994073,0,258200000.0,0.0,258200000.0,350300000.0,608500000.0,2282900000.0,0.0,0.0,350300000.0,1138035000.0,0.3706230053,787700000.0,0.2565296685,-162835000.0,624900000.0,0.2035107145,260600000.0,364300000.0,0.1186413079,0.6,0.58,607166667,628103448,https://www.sec.gov/Archives/edgar/data/823768/000095012999002209/0000950129-99-002209-index.html,https://www.sec.gov/Archives/edgar/data/823768/,5.057260496811825,0.5999999996706011,0.616469942016761,-0.3093055172608808,0.0978314575361891,8.146033484410632,-2.5307713409109134,7.95613504915941,19.002854779575703,26946056681.460003,38424556681.46001,18.49166667681856,8.775502078245294,71.99053347972215,-143.48272993322686,5.578085304709463,5.578085304709463,12.51369656792158,33.76394986222744,102.65711109126372,-204.60360320266244,0.0135196034175439,-0.0069694798842019,2.3884530192311675,0.5103481526369101,10.08624515063245,0.8714624388798341,0.0,1.0274499039253362,0.0,0.0,0.0840878004298834,0.0,0.2867404756744324,1.501736574939888,0.1830586855989057,1.6046246074793034,0.0,10.363774558754418,0.0240231883154707,0.0225918277489411,-25.978287111733028,-520500000.0,-1536600000.0,-14133000000.0,17494900000.0,2379650000.0,1037350000.0,113450000.0,69.56490588158667,55.561992355470615,5.299808886765408,1.2937557933765906,1.619812324658992,16.981744421906694,0.0754135011489018,0.9257754592776418,1999-05-06,0.62,bmo,2971548387.0,2025-04-25,1999-03-31,0.032258064516129,49.096065573770495,2557093.4918032787
1998-12-31,WM,USD,823768,1999-03-31,1999-03-31 00:00:00,1998,Q4,3467000000.0,1938600000.0,1528400000.0,0.4408422267,0,305400000.0,0.0,305400000.0,391600000.0,697000000.0,2635600000.0,0.0,0.0,391600000.0,1223000000.0,0.3527545428,831400000.0,0.239803865,-600000000.0,231400000.0,0.0667435823,150400000.0,81000000.0,0.0233631382,0.13,0.13,607166667,628103448,https://www.sec.gov/Archives/edgar/data/823768/000095012999001268/0000950129-99-001268-index.html,https://www.sec.gov/Archives/edgar/data/823768/,5.710129011413599,0.1334065330038943,0.3377985175197373,-1.3184188848100913,0.1431237989881285,7.386110344558819,-2.908097720061434,7.201482290858368,19.26637385711426,28312181682.210003,39923181682.21001,87.38327679694446,8.166190274649553,138.04086631989276,-35.368122026495946,6.475055844987994,6.475055844987994,11.51519517802423,32.64364814571546,194.6522753886397,-49.87280659863836,0.0028609593181191,-0.0282740485698068,2.675334476843911,0.5149811579911249,9.49386753883892,0.9039755921466336,0.0,2.5320987654320986,0.0004132496792838,0.1444444444444444,0.0880876838765503,0.0,0.2751593646545044,4.902974158946855,0.2900490337467551,2.567926455566905,0.0,4.649334109367495,0.0153129632483242,0.004919556146712,-26.829741956173624,-412300000.0,-1765700000.0,-14349200000.0,17475700000.0,2407200000.0,971450000.0,132500000.0,61.93567926160946,48.32869080779944,5.95636025998143,1.4531204157760174,1.8622478386167147,15.109898674980514,0.01852487135506,1.6562174023298284,1999-02-25,0.57,bmo,3406175438.0,2025-04-25,1998-12-31,0.0175438596491228,44.4378125,2391657.953125
1998-09-30,WM,USD,823768,1998-11-16,1998-11-16 00:00:00,1998,Q3,3160300000.0,1821900000.0,1338400000.0,0.4235040977,0,294700000.0,0.0,294700000.0,374000000.0,668700000.0,2490600000.0,0.0,0.0,921400000.0,1069500000.0,0.3384172389,669700000.0,0.2119102617,-2346100000.0,-1692200000.0,-0.5354554947,-424700000.0,-1267500000.0,-0.4010695187,-2.13,-2.13,596445498,596445498,https://www.sec.gov/Archives/edgar/data/823768/000095012998004758/0000950129-98-004758-index.html,https://www.sec.gov/Archives/edgar/data/823768/,5.298556214435539,-2.1250893908163926,2.091725068230794,0.2389153752988844,0.2786507745591199,7.925451723335835,-1.7641175992244642,6.660960663332897,17.49329994942807,28665170633.88,38932770633.880005,-5.653879809443787,9.07039541621998,22.97625090884899,201.15909216757896,7.215175472294797,7.215175472294797,12.31932747963168,36.402777591285655,31.206132281083686,273.21242550091233,-0.0442174238621804,0.0049711896649788,2.626242794935689,0.4881355615023298,9.600374006545117,0.9248676030393737,0.0,-1.1384250387809107,3.488554150862364e-06,-7.889546351084812e-05,0.0932506407619529,0.0,0.2703791380504145,0.8857806989419685,0.3496819922159289,1.1993705231169958,0.0,,0.0282281110023755,-0.0812734442627681,-24.46455719580266,-326300000.0,-1052200000.0,-12631000000.0,16086500000.0,1529450000.0,573750000.0,68350000.0,69.15957345821599,44.55293923925572,6.752840441297547,1.301338274655137,2.020068743763167,13.327724945135332,-0.3190364720984671,1.8528096929319096,1998-11-13,0.51,bmo,3284233333.0,2025-04-25,1998-09-30,-0.0392156862745098,50.95421875,2159281.25
1998-06-30,WM,USD,823768,1998-08-14,1998-08-14 00:00:00,1998,Q2,882000000.0,437800000.0,444200000.0,0.5036281179,0,83700000.0,0.0,83700000.0,99600000.0,183300000.0,621100000.0,0.0,0.0,99600000.0,958900000.0,1.0871882086,260900000.0,0.2958049887,170300000.0,211800000.0,0.2401360544,84700000.0,123200000.0,0.1396825397,0.56,0.53,220000000,232692308,https://www.sec.gov/Archives/edgar/data/823768/000104746998031928/0001047469-98-031928-index.html,https://www.sec.gov/Archives/edgar/data/823768/,4.009090909090909,0.56,0.0645454545454545,-2.2854545454545456,0.2045454545454545,13.41,3.537272727272727,13.41,18.655454545454543,10863600000.0,14922800000.0,22.044642857142858,12.317006802721089,765.0422535211268,-21.60620525059666,3.6823266219239374,3.6823266219239374,16.919274376417235,15.562415267494004,1050.901408450704,-29.6793953858393,0.0113406237343053,-0.0462830001104606,1.3911599213612635,0.4900654343984334,4.233183856502242,1.348105665623914,0.0,0.1117230527143981,0.0004326374314223,0.0381493506493506,0.0948979591836734,0.0,0.2593494770024359,36.40845070422535,0.5861678004535147,5.190763052208835,0.0,12.998692241914185,0.0199379360274916,0.0198619978074418,-22.303636363636365,200300000.0,778200000.0,-4648900000.0,7495400000.0,577650000.0,221150000.0,0.0,64.3265306122449,50.48880767473733,0.0,1.3991116751269037,1.78257328990228,0.0,0.0417598806860551,2.35,1998-07-21,0.54,bmo,898333333.0,2025-04-25,1998-06-30,-0.0185185185185185,47.59920634920635,907185.7142857144
1998-03-31,WM,USD,823768,1998-05-15,1998-05-15 00:00:00,1998,Q1,769400000.0,397500000.0,371900000.0,0.48336366,0,81900000.0,0.0,81900000.0,86100000.0,168000000.0,565500000.0,0.0,0.0,86100000.0,810900000.0,1.0539381336,203900000.0,0.2650116974,144100000.0,201600000.0,0.2620223551,80600000.0,121000000.0,0.1572654016,0.55,0.55,219788000,219788000,https://www.sec.gov/Archives/edgar/data/823768/000095012998002163/0000950129-98-002163-index.html,https://www.sec.gov/Archives/edgar/data/823768/,3.5006460771288697,0.5505305112199028,0.1596993466431288,-4.253644420987497,0.2106575427229876,12.626258030465722,3.381895280907056,12.626258030465722,16.522285111107067,9793753280.0,13378853280.0,20.23502743801653,12.729078866649337,279.02430997151004,-10.475722836667025,3.529153284566322,3.529153284566322,17.388683753574213,16.498770847206806,381.16391111111113,-14.310464520269548,0.0123548139860839,-0.0954588065751233,1.308565457100645,0.4784831475478957,4.421137008262424,1.3569422150882826,0.0,0.2900826446280992,0.008025523795919,0.6495867768595042,0.1064465817520145,0.0,0.2677154979313252,27.63532763532763,1.2607226410189758,11.265969802555167,0.0,12.50602480754379,0.0171461234815,0.0217719879084496,-19.90247420241323,177900000.0,743300000.0,-4138000000.0,6811300000.0,511800000.0,602100000.0,76350000.0,61.39979204574994,44.53584905660377,0.0,1.4658030100971613,2.020843924758516,0.0,0.0436020323591942,4.413343767630626,1998-04-29,0.45,bmo,649715555.0,2025-04-25,1998-03-31,0.1555555555555555,39.37098360655738,1596719.737704918
1997-12-31,WM,USD,823768,1998-03-31,1998-03-31 00:00:00,1997,Q4,735300000.0,375400000.0,359900000.0,0.4894600843,0,77500000.0,0.0,77500000.0,83900000.0,161400000.0,536800000.0,0.0,0.0,83900000.0,282400000.0,0.3840609275,198500000.0,0.2699578403,-27200000.0,171300000.0,0.2329661363,68500000.0,102800000.0,0.1398068815,0.47,0.44,220000000,232692308,https://www.sec.gov/Archives/edgar/data/823768/000095012998001354/0000950129-98-001354-index.html,https://www.sec.gov/Archives/edgar/data/823768/,3.3422727272727277,0.4672727272727273,1.1890909090909092,-7.812727272727272,0.2327272727272727,11.95,4.468181818181818,11.95,12.562272727272727,8635000000.0,11347500000.0,20.99951361867704,11.743506051951584,33.00840978593272,-5.023853851524319,3.284518828451883,3.284518828451883,15.43247654018768,40.18236543909349,43.37729357798165,-6.601989760297882,0.0119050376375217,-0.1990503763752171,1.0512362114872575,0.4173008395240684,9.605169971671389,1.1524529628978373,0.0,2.544747081712062,0.0,0.0,0.1053991568067455,0.0,0.248535362686477,7.5703363914373085,2.693322453420373,23.604290822407627,0.0,11.208833772763986,0.0195495414243476,0.0206558431120398,-15.87375,86700000.0,983000000.0,-3338400000.0,5687700000.0,501500000.0,600850000.0,76350000.0,61.04039167686658,241.5423548215237,36.60895045285029,1.4744335271706437,0.372605459057072,2.45841519318926,0.0391023202738683,9.001818181818182,1998-02-25,0.45,bmo,735300000.0,2025-04-25,1997-12-31,0.0,37.48265625,916814.0625
1997-09-30,WM,USD,823768,1997-11-14,1997-11-14 00:00:00,1997,Q3,761800000.0,388900000.0,372900000.0,0.4894985561,0,81900000.0,0.0,81900000.0,87700000.0,169600000.0,558500000.0,0.0,0.0,111100000.0,1288300000.0,1.6911262799,203300000.0,0.2668679443,-303300000.0,48700000.0,0.06392754,23500000.0,18900000.0,0.0248096613,0.11,0.11,166301370,175942029,https://www.sec.gov/Archives/edgar/data/823768/000095012997004780/0000950129-97-004780-index.html,https://www.sec.gov/Archives/edgar/data/823768/,4.58084019392023,0.1136490938108327,0.8183937390293297,0.2519522238451794,0.3800329486161178,15.035354188603495,6.488822070437544,15.035354188603495,14.91388796135594,6632098635.6,9049098635.6,87.72617242857143,8.705826510370176,48.72960055547392,158.28397698329357,2.652415067829148,2.652415067829148,11.878575263323707,7.024061659240861,66.48860129022778,215.96894118377088,0.0028497766752967,0.0063177588727477,0.9919212925931852,0.41031664626278,1.8761158115345804,1.294796628801759,0.0,2.7718940936863543,0.0,0.0,0.1075085324232082,0.0,0.2351354928365814,0.692138133725202,0.1236545024940929,0.8478847884788479,0.0,6.20056235512902,0.0189953878206474,0.0040879890986957,-18.65754323010087,160900000.0,1079100000.0,-2837500000.0,5178100000.0,446600000.0,173700000.0,0.0,59.57862956156472,44.94214451015685,0.0,1.5106087646242317,2.002574665293512,0.0,0.007558790593505,0.5664415151841503,1997-11-11,0.46,bmo,745239130.0,2025-04-25,1997-09-30,0.0217391304347825,41.1625,737100.0
1997-06-30,WM,USD,823768,1997-08-14,1997-08-14 00:00:00,1997,Q2,535200000.0,275700000.0,259500000.0,0.4848654709,0,59800000.0,0.0,59800000.0,62600000.0,122400000.0,398100000.0,0.0,0.0,62600000.0,244400000.0,0.456651719,137100000.0,0.2561659193,9100000.0,120500000.0,0.2251494768,48200000.0,87300000.0,0.1631165919,0.43,0.4,203023256,203023256,https://www.sec.gov/Archives/edgar/data/823768/000095012997003370/0000950129-97-003370-index.html,https://www.sec.gov/Archives/edgar/data/823768/,2.636151200333424,0.4299999996059565,0.27041237088622,-0.2906071016810015,0.2162313858270503,9.191557838083336,4.471408930610393,9.191557838083336,10.080125993053722,7842788379.280001,9845388379.28,22.45930234616266,14.65393942316891,142.85589033296904,-132.9286165979661,4.202769615390387,4.202769615390387,18.395718197458898,40.28391317217676,179.33312166265938,-166.87098947932205,0.0111312451360589,-0.0075228346280352,1.0966722040619474,0.443176404348391,8.193944353518821,1.3482419855222336,0.0,0.7593360995850622,0.0,0.0,0.1117339312406577,0.0,0.2075230629303997,2.074681238615665,0.2128176382660687,1.8194888178913733,0.0,9.43018144056434,0.0192173811470622,0.0238557179942615,-11.900730229644234,134700000.0,907800000.0,-2230200000.0,4010500000.0,344150000.0,132000000.0,0.0,65.39798206278027,50.01088139281828,0.0,1.3761892517356646,1.7996083550913835,0.0,0.0467820588392905,0.5610194725672215,1997-08-07,0.41,bmo,625679069.0,2025-04-25,1997-06-30,0.048780487804878,35.558125000000004,819157.8125
1997-03-31,WM,USD,823768,1997-05-15,1997-05-15 00:00:00,1997,Q1,364900000.0,187700000.0,177200000.0,0.4856124966,0,42800000.0,0.0,42800000.0,45600000.0,88400000.0,276100000.0,0.0,0.0,45600000.0,165500000.0,0.4535489175,88800000.0,0.2433543437,8200000.0,81900000.0,0.2244450534,32800000.0,58000000.0,0.1589476569,0.3,0.29,193333333,200000000,https://www.sec.gov/Archives/edgar/data/823768/000095013497003975/0000950134-97-003975-index.html,https://www.sec.gov/Archives/edgar/data/823768/,1.88741379635761,0.3000000005172414,0.0010344827604042,-0.3444827592146254,0.1210344829673008,8.63224139419352,4.4550000076810345,8.63224139419352,7.522758633659929,6863333321.5,8294333321.5,29.583333282327583,18.80880603315977,34316.6666075,-103.05305287537536,4.112489257295224,4.112489257295224,22.730428395450808,50.11681765256797,41471.6666075,-124.53953936186186,0.0084507042399222,-0.0097037396961866,0.8714722272155312,0.3944884452641857,8.646525679758309,1.2191185599006829,0.0,0.0040733197556008,0.0,0.0,0.1172924088791449,0.0,0.2190517521970272,334.0,0.1830638531104412,1.4649122807017545,0.0,7.633323621547018,0.0156781216976764,0.0201444845790497,-9.154913808887782,70600000.0,861300000.0,-1625100000.0,3138400000.0,267500000.0,114800000.0,0.0,73.84488901068787,53.12733084709643,0.0,1.2187708750835002,1.694043321299639,0.0,0.0347534304032596,0.3455172419750297,1997-05-12,0.32,bmo,460500000.0,2025-04-25,1997-03-31,0.0,35.301475409836065,714490.1639344263
1996-12-31,WM,USD,823768,1997-03-31,1997-03-31 00:00:00,1996,Q4,350400000.0,182200000.0,168200000.0,0.4800228311,0,41900000.0,0.0,41900000.0,42000000.0,83900000.0,266100000.0,0.0,0.0,42000000.0,126300000.0,0.3604452055,84300000.0,0.2405821918,-7300000.0,77000000.0,0.2197488584,30800000.0,46200000.0,0.1318493151,0.28,0.27,163666667,169310345,https://www.sec.gov/Archives/edgar/data/823768/000095012997001363/0000950129-97-001363-index.html,https://www.sec.gov/Archives/edgar/data/823768/,2.140936859183428,0.2822810584882259,0.1338085536989642,-0.4887983696765817,0.1435845210924959,7.058859456091936,3.897556000208643,7.058859456091936,7.252545810076281,5217693343.96,6381193343.96,28.234271341774893,14.89067735148402,238.2508376237443,-65.2211667995,4.51631034706137,4.51631034706137,18.21116821906393,50.524096151702295,291.37869150502286,-79.7649167995,0.0088544874055277,-0.0153324457238576,1.0274387604951094,0.4193605370075958,9.21219319081552,1.0625,0.0,0.474025974025974,0.0,0.0,0.1195776255707762,0.0,0.1827945592651475,4.65296803652968,0.290810502283105,2.426190476190476,0.0,6.695752547486221,0.0199196597353497,0.0199731961437032,-9.012219940911976,20000000.0,637900000.0,-1335200000.0,2347700000.0,235650000.0,100250000.0,0.0,60.513698630136986,58.6827661909989,0.0,1.4872665534804754,1.5336700336700335,0.0,0.0399896130875097,0.622606923375546,1997-03-07,0.32,bmo,,2025-04-25,1996-12-31,0.0,32.19359375,308393.75
1996-09-30,WM,USD,823768,1996-11-14,1996-11-14 00:00:00,1996,Q3,352800000.0,186500000.0,166300000.0,0.4713718821,0,41700000.0,0.0,41700000.0,41400000.0,83100000.0,269600000.0,0.0,0.0,66400000.0,177500000.0,0.5031179138,83200000.0,0.2358276644,-121900000.0,-58400000.0,-0.1655328798,-19500000.0,-38900000.0,-0.110260771,-0.23,-0.23,171875000,171875000,https://www.sec.gov/Archives/edgar/data/823768/000095013496006220/0000950134-96-006220-index.html,https://www.sec.gov/Archives/edgar/data/823768/,2.052654545454545,-0.2263272727272727,0.7674181818181818,-0.2245818181818182,0.0820363636363636,6.325527272727273,3.4897454545454547,6.325527272727273,5.972363636363636,5414062500.0,6426462500.0,-34.79474614395887,15.345982142857142,41.04672100075816,-140.26068652849742,4.97982201986755,4.97982201986755,18.2155966553288,36.20542253521127,48.72223275208491,-166.4886658031088,-0.0071849927849927,-0.0071295815295815,0.9441685062545988,0.3904526435907189,5.703661971830986,1.051000645577792,0.0,-2.6432865731462925,0.0,0.0,0.1181972789115646,0.0,0.1853936858120958,1.2926459438968916,0.4832766439909297,2.5677710843373496,0.0,,0.0236409769141676,-0.0181639895405304,-7.859927272727273,15800000.0,599800000.0,-1216200000.0,2165000000.0,180000000.0,63200000.0,0.0,60.12755102040816,39.42627345844504,0.0,1.4968179889690283,2.2827417380660955,0.0,-0.0357799852832965,0.992,1996-11-12,0.33,bmo,,2025-04-25,1996-09-30,-0.0303030303030303,28.2365625,410223.4375
1996-06-30,WM,USD,823768,1996-08-13,1996-08-13 00:00:00,1996,Q2,227300000.0,127700000.0,99600000.0,0.4381874175,0,25400000.0,0.0,25400000.0,22900000.0,48300000.0,176000000.0,0.0,0.0,29900000.0,110300000.0,0.4852617686,51300000.0,0.2256929168,-38000000.0,-5500000.0,-0.0241970963,-15400000.0,9900000.0,0.0435547734,0.0943,0.0943,105000000,105000000,https://www.sec.gov/Archives/edgar/data/823768/000095013496004239/0000950134-96-004239-index.html,https://www.sec.gov/Archives/edgar/data/823768/,2.164761904761905,0.0942857142857142,0.3523809523809524,-0.2314285714285714,0.2885714285714286,5.875238095238095,4.211428571428572,5.875238095238095,5.440952380952381,3097500000.0,3638500000.0,78.21969696969697,13.627364716234052,83.71621621621621,-127.46913580246914,5.021073107472848,5.021073107472848,16.0074791025077,32.98730734360834,98.33783783783784,-149.73251028806584,0.0031961259079903,-0.0078450363196125,0.9260820230183174,0.411036765234909,4.904805077062557,1.7554655870445344,0.0,2.298136645962733,0.0,0.0,0.1117465904091509,0.0,0.1256924958630117,1.6567567567567567,0.269687637483502,2.050167224080268,0.0,3.5304246145731075,-0.0721913845672738,0.0081468071099407,-6.185476190476191,93300000.0,442200000.0,-556200000.0,1149000000.0,99200000.0,38600000.0,0.0,49.21689397272328,31.50352388410337,0.0,1.82864038616251,2.856823266219239,0.0,0.0160479818447074,0.5838095238095238,1996-08-13,0.31,bmo,,2025-04-25,1996-06-30,-0.0645161290322581,27.643650793650792,409334.9206349207
1996-03-31,WM,USD,823768,1996-05-15,1996-05-15 00:00:00,1996,Q1,124600000.0,69600000.0,55000000.0,0.4414125201,0,14500000.0,0.0,14500000.0,14900000.0,29400000.0,99000000.0,0.0,0.0,14900000.0,86800000.0,0.6966292135,25600000.0,0.2054574639,-8000000.0,21900000.0,0.1757624398,1400000.0,20500000.0,0.1645264848,0.31,0.31,65938000,65938000,https://www.sec.gov/Archives/edgar/data/823768/000095013496002225/0000950134-96-002225-index.html,https://www.sec.gov/Archives/edgar/data/823768/,1.8896539173162668,0.3108981164123874,0.2183869695774818,-0.0045497285328642,0.2517516454851527,6.430282993114744,4.560344566107555,6.430282993114744,6.01474112044648,1706475440.0,2086475440.0,20.81067609756097,13.695629534510433,118.50523888888888,-5688.251466666667,4.024706226415094,4.024706226415094,16.745388764044943,24.037735483870968,144.89412777777778,-6954.918133333334,0.0120130647763673,-0.0001758009479468,0.935377358490566,0.4213769655758606,4.377880184331797,1.3117529880478087,0.0,0.7024390243902439,0.0,0.0,0.1163723916532905,0.0,0.1310029749256268,1.0208333333333333,0.1179775280898876,0.9865771812080536,0.0,6.706799876808209,0.0271571513141825,0.025064188776134,-6.749143134459644,31300000.0,300700000.0,-385500000.0,754500000.0,73100000.0,32450000.0,0.0,53.523274478330656,42.02586206896552,0.0,1.6815114709851553,2.1415384615384614,0.0,0.0483490566037735,0.222936698110346,1996-05-14,0.23,bmo,,2025-04-25,1996-03-31,0.3478260869565217,21.017936507936508,274517.4603174603
1995-12-31,WM,USD,823768,1996-03-22,1996-03-22 00:00:00,1995,Q4,124700000.0,66900000.0,57800000.0,0.4635124298,0,-15300000.0,0.0,-15300000.0,14600000.0,-700000.0,66200000.0,0.0,0.0,14600000.0,73100000.0,0.5862068966,58500000.0,0.4691259022,-34200000.0,24300000.0,0.1948676824,-14800000.0,39100000.0,0.3135525261,0.59,0.59,65938000,65938000,https://www.sec.gov/Archives/edgar/data/823768/000095013496000861/0000950134-96-000861-index.html,https://www.sec.gov/Archives/edgar/data/823768/,1.891170493493888,0.5929812854499682,0.626345961357639,0.1910885983802966,0.200188055446025,6.108768843459007,4.3070763444447815,6.108768843459007,5.6689617519488005,1244909440.0,1605509440.0,7.959779028132991,9.98323528468324,30.14308571428571,98.8023365079365,3.09063912611718,3.09063912611718,12.874975461106656,21.96319343365253,38.8743205811138,127.42138412698412,0.0314079070683245,0.0101212181345496,0.9280039721946376,0.4116740088105727,4.93296853625171,1.141634980988593,0.0,1.0562659846547315,0.0,0.0,-0.1226944667201283,0.0,0.1308370044052863,0.6949152542372882,0.2301523656776263,1.9657534246575343,0.0,9.02793863678184,0.1118327546983837,0.0495438418651799,-6.641466225848524,14900000.0,284000000.0,-385100000.0,727000000.0,71450000.0,42750000.0,0.0,52.036888532477946,43.58744394618834,0.0,1.7295423023578362,2.064814814814815,0.0,0.0970705064548162,0.4352573629773423,1996-03-01,0.35,bmo,,2025-04-25,1995-12-31,0.0285714285714286,20.31396825396825,356460.31746031746
1995-09-30,WM,USD,823768,1995-11-14,1995-11-14 00:00:00,1995,Q3,120000000.0,65100000.0,54900000.0,0.4575,0,13900000.0,0.0,13900000.0,14600000.0,28500000.0,93600000.0,0.0,0.0,14600000.0,41000000.0,0.3416666667,26400000.0,0.22,-7300000.0,19100000.0,0.1591666667,200000.0,18900000.0,0.1575,0.35,0.35,54000000,54000000,https://www.sec.gov/Archives/edgar/data/823768/000095013495002969/0000950134-95-002969-index.html,https://www.sec.gov/Archives/edgar/data/823768/,2.2222222222222223,0.35,-1.351851851851852,-1.6703703703703705,0.2222222222222222,3.5407407407407407,1.3574074074074074,3.5407407407407407,9.72962962962963,1053000000.0,1566400000.0,13.928571428571429,8.775,-14.424657534246576,-11.674057649667406,5.5073221757322175,5.5073221757322175,13.053333333333333,38.204878048780486,-21.457534246575342,-17.365853658536587,0.0179487179487179,-0.0856600189933523,2.747907949790795,0.6277930457641295,12.521951219512196,1.0687179487179488,0.0,-3.8624338624338623,0.0,0.0,0.1158333333333333,0.0,0.1408770462420839,-0.2356164383561644,0.1433333333333333,1.178082191780822,0.0,5.280467151051441,0.0336600440786291,0.0262865090403338,-10.751851851851852,6700000.0,73300000.0,-541500000.0,689000000.0,66050000.0,35500000.0,0.0,53.1,73.41013824884793,0.0,1.694915254237288,1.2259887005649717,0.0,0.0988493723849372,0.3185185185185185,1995-11-08,0.32,bmo,,2025-04-25,1995-09-30,0.0937499999999999,18.7915873015873,257093.6507936508
1995-06-30,WM,USD,823768,1995-08-14,1995-08-14 00:00:00,1995,Q2,111200000.0,63600000.0,47600000.0,0.428057554,0,46100000.0,0.0,46100000.0,14200000.0,60300000.0,123900000.0,0.0,0.0,21800000.0,9100000.0,0.0818345324,-12700000.0,-0.1142086331,-14300000.0,-27000000.0,-0.2428057554,800000.0,-27800000.0,-0.25,-0.54,-0.54,51481481,51481481,https://www.sec.gov/Archives/edgar/data/823768/000095013495002015/0000950134-95-002015-index.html,https://www.sec.gov/Archives/edgar/data/823768/,2.160000020201439,-0.5400000050503597,-0.0815827345759536,-0.6448920923623002,0.8100000075755397,2.67474822645448,0.8274820221275297,2.67474822645448,9.207194330714769,797962955.5,1230262955.5,-7.17592585881295,7.17592585881295,-189.9911798809524,-24.03502878012048,5.794937948438635,5.794937948438635,11.063515786870504,135.19373137362638,-292.9197513095238,-37.05611311746988,-0.034838710003249,-0.041605941442729,3.442265795206972,0.5825242718446602,47.5054945054945,1.0361544782251435,0.0,0.1292307692307692,0.0,0.0,0.414568345323741,0.0,0.1168735406169349,-6.904761904761905,0.2607913669064748,1.3302752293577982,0.0,,-0.0181187422700516,-0.0386863345393821,-11.42789579033284,4400000.0,42600000.0,-549900000.0,634100000.0,46800000.0,14550000.0,0.0,49.61330935251799,25.330188679245285,0.0,1.8140293637846656,3.553072625698324,0.0,-0.2018881626724764,0.5633093577863465,1995-08-14,0.22,bmo,,2025-04-25,1995-06-30,-0.3181818181818182,14.654920634920634,194336.50793650796
1995-03-31,WM,USD,823768,1995-05-12,1995-05-12 00:00:00,1995,Q1,46500000.0,25500000.0,21000000.0,0.4516129032,0,0.0,0.0,6100000.0,5400000.0,11500000.0,37000000.0,0.0,0.0,5400000.0,14900000.0,0.3204301075,9500000.0,0.2043010753,-1900000.0,7600000.0,0.1634408602,2800000.0,4800000.0,0.1032258065,0.21,0.21,22857143,22857143,https://www.sec.gov/Archives/edgar/data/823768/000095013495001067/0000950134-95-001067-index.html,https://www.sec.gov/Archives/edgar/data/823768/,2.0343749872851564,0.2099999986875,0.017499999890625,-0.4068749974570312,0.332499997921875,4.956874969019531,1.0981249931367187,4.956874969019531,7.411249953679688,274285716.0,436085716.0,14.285714375,5.898617548387096,685.71429,-29.493087741935483,2.420880105913504,2.420880105913504,9.378187440860216,29.267497718120804,1090.21429,-46.89093720430108,0.017499999890625,-0.0339062497880859,1.4951456310679612,0.5008870490833827,10.859060402684564,1.8059071729957803,0.0,0.0833333333333333,0.0,0.0,0.0,0.0,0.2607924305144884,24.25,0.2086021505376344,1.7962962962962965,0.0,4.839548954420708,0.0189753320683111,0.0192,-8.447031197206055,19100000.0,25100000.0,-182100000.0,289000000.0,30200000.0,11600000.0,0.0,62.516129032258064,39.52941176470589,0.0,1.4396284829721362,2.2767857142857144,0.0,0.0423654015887025,0.4243749973476562,1995-05-10,0.2,bmo,,2025-04-25,1995-03-31,0.0499999999999999,11.375396825396823,86930.15873015873
1994-12-31,WM,USD,823768,1994-12-31,1994-12-30 19:00:00,1994,Q4,46000000.0,25700000.0,20300000.0,0.4413043478,0,0.0,0.0,2400000.0,4800000.0,7200000.0,32900000.0,0.0,0.0,4800000.0,17900000.0,0.3891304348,13100000.0,0.2847826087,-4600000.0,8500000.0,0.1847826087,3000000.0,5500000.0,0.1195652174,0.24,0.24,22857143,22857143,,,2.012499987421875,0.2406249984960937,0.0699999995625,-0.297499998140625,0.2887499981953125,4.72499997046875,0.8881249944492188,4.72499997046875,6.811874957425782,260114287.34,409214287.34,11.823376697272728,5.654658420434783,162.57142958750003,-38.252101079411766,2.4084656235185187,2.4084656235185187,8.89596276826087,22.861133370949723,255.75892958750003,-60.17857166764706,0.0211445517131892,-0.0261423548453976,1.4416666666666669,0.4817450495049505,8.329608938547485,1.3028169014084507,0.0,0.2909090909090909,0.0,0.0,0.0,0.0,0.2713490099009901,5.25,0.1826086956521739,1.75,0.0,5.05781029623808,0.0285787949704494,0.0233545647558386,-8.204218698723633,8600000.0,20300000.0,-178200000.0,278700000.0,26900000.0,12300000.0,0.0,54.97826086956522,42.023346303501945,0.0,1.6370106761565837,2.1416666666666666,0.0,0.0509259259259259,0.367499997703125,1995-02-28,0.24,bmo,,2025-04-25,1994-12-31,0.0,13.17047619047619,75444.44444444444
1994-09-30,WM,USD,823768,1994-09-30,1994-09-29 20:00:00,1994,Q3,47100000.0,27000000.0,20100000.0,0.4267515924,0,0.0,0.0,5900000.0,5000000.0,10900000.0,37900000.0,0.0,0.0,5000000.0,14200000.0,0.3014861996,9200000.0,0.195329087,-2000000.0,7200000.0,0.152866242,2600000.0,4600000.0,0.0976645435,0.21,0.21,21904762,21904762,,,2.1502173819555765,0.2099999990869565,0.3423913028591682,-1.0180434738345936,0.0730434779432892,4.647391284141777,1.5704347757807184,4.647391284141777,6.400434754780719,325942858.56,464542858.56,17.71428579130435,6.920230542675159,43.459047808,-14.616271684304932,3.201796253045187,3.201796253045187,9.862905701910828,32.714285814084505,61.939047808,-20.831518321076235,0.014112903164446,-0.0684169001232925,1.3772102161100197,0.4725311762723289,9.76056338028169,0.9256965944272446,0.0,1.6304347826086956,0.0,0.0,0.0,0.0,0.2271654870239298,3.973333333333333,0.6326963906581741,5.96,0.0,4.686034968082964,0.0218748707769921,0.0200610553859572,-7.944619530675567,-2400000.0,34400000.0,-165000000.0,236500000.0,24500000.0,12500000.0,0.0,49.10828025477707,42.0,0.0,1.832684824902724,2.142857142857143,0.0,0.0451866404715127,1.360434776693762,1994-11-07,0.2,bmo,,2025-04-25,1994-09-30,0.0499999999999999,13.36328125,79903.125
1994-06-30,WM,USD,823768,1994-06-30,1994-06-29 20:00:00,1994,Q2,44900000.0,30300000.0,14600000.0,0.3251670379,0,0.0,0.0,6000000.0,4600000.0,10600000.0,40900000.0,0.0,0.0,6200000.0,10200000.0,0.2271714922,4000000.0,0.0890868597,-2500000.0,1500000.0,0.0334075724,500000.0,800000.0,0.0178173719,0.04,0.04,20000000,20000000,,,2.245,0.04,0.27,-0.28,0.29,4.375,1.45,4.375,7.515,232600000.00000003,377100000.0,72.6875,5.180400890868597,43.07407407407408,-41.53571428571429,2.6582857142857144,2.6582857142857144,8.398663697104677,36.97058823529411,69.83333333333333,-67.33928571428571,0.0034393809114359,-0.0240756663800515,1.7177142857142855,0.5204293628808865,14.166666666666666,1.230188679245283,0.0,3.857142857142857,0.0,0.0,0.0,0.0,0.2025623268698061,2.037037037037037,0.2449888641425389,1.7741935483870968,0.0,1.984313483298443,0.0099912576495566,0.0034737299174989,-8.90125,6100000.0,29000000.0,-168700000.0,233500000.0,17800000.0,10050000.0,0.0,46.70378619153675,36.83168316831683,0.0,1.927038626609442,2.443548387096774,0.0,0.0091428571428571,0.55,1994-08-08,0.17,bmo,,2025-04-25,1994-06-30,-0.1176470588235295,11.810806451612905,28751.612903225807
1994-03-31,WM,USD,823768,1994-03-31,1994-03-30 19:00:00,1994,Q1,24700000.0,13000000.0,11700000.0,0.4736842105,0,0.0,0.0,3500000.0,2800000.0,6300000.0,19300000.0,0.0,0.0,2800000.0,8200000.0,0.3319838057,5400000.0,0.2186234818,-1800000.0,3600000.0,0.1457489879,1300000.0,2300000.0,0.0931174089,0.19,0.19,12105263,12105263,,,2.040434809223062,0.1900000024782609,0.363478265610586,-0.3386956565916825,0.2560869598620038,4.06434787910019,1.9165217641285448,4.06434787910019,8.31869576067864,152889471.69,250489471.69,16.618420835869568,6.189857153441295,34.74760720227273,-37.29011504634146,3.107509587195122,3.107509587195122,10.141274157489878,30.54749654756097,56.929425384090905,-61.09499309512195,0.0150435473062756,-0.0268167582416217,2.046747967479675,0.5754285714285714,11.902439024390244,0.9771428571428572,0.0,1.9130434782608696,0.0,0.0,0.0,0.0,0.1485714285714285,1.931818181818182,0.3441295546558704,3.0357142857142856,0.0,4.168343485101112,0.0214152700186219,0.0154362416107382,-9.374021861400283,-400000.0,23200000.0,-108700000.0,141400000.0,11450000.0,6800000.0,0.0,44.81781376518219,53.30769230769231,0.0,2.008130081300813,1.6883116883116882,0.0,0.0467479674796747,0.7021739222022686,1994-04-26,0.19,bmo,,2025-04-25,1994-03-31,0.0,13.20904761904762,45825.39682539683
1993-12-31,WM,USD,823768,1993-12-31,1993-12-30 19:00:00,1993,Q4,24500000.0,13000000.0,11500000.0,0.4693877551,0,0.0,0.0,3200000.0,2600000.0,5800000.0,18800000.0,0.0,0.0,2600000.0,8300000.0,0.3387755102,5700000.0,0.2326530612,-1500000.0,4200000.0,0.1714285714,1600000.0,2600000.0,0.106122449,0.21,0.21,11864407,12105263,,,2.0649999616500008,0.2191428530730613,0.3118571370655103,-0.4382857061461226,0.2697142807053062,3.9361427840430623,1.7447142533124496,3.9361427840430623,8.11671413497531,135016951.66,228116951.66,12.982399198076925,5.510895986122449,36.49106801621622,-25.96479839615385,2.8911552817987154,2.8911552817987154,9.310895986122448,27.483970079518077,61.65323017837838,-43.86864455,0.0192568412190739,-0.0385136824381478,2.062098501070664,0.5811707905853953,11.216867469879515,1.0134228187919463,0.0,1.4230769230769231,0.0,0.0,0.0,0.0,0.1569100784550392,2.4054054054054053,0.363265306122449,3.423076923076923,0.0,4.405450612077967,0.0229874360167519,0.0186113099498926,-9.090214116896025,200000.0,20700000.0,-103900000.0,135400000.0,10450000.0,6050000.0,0.0,38.93877551020408,40.84615384615385,0.0,2.311320754716981,2.2033898305084745,0.0,0.0556745182012847,0.7501428432116329,1994-02-01,0.21,bmo,,2025-04-25,1993-12-31,0.0,11.175,19670.3125
1993-09-30,WM,USD,823768,1993-09-30,1993-09-29 20:00:00,1993,Q3,19600000.0,9900000.0,9700000.0,0.4948979592,0,0.0,0.0,2900000.0,1900000.0,4800000.0,14700000.0,0.0,0.0,2300000.0,7200000.0,0.3673469388,4900000.0,0.25,-1400000.0,3500000.0,0.1785714286,1100000.0,2400000.0,0.1224489796,0.2,0.2,12000000,12000000,,,1.6333333333333333,0.2,0.35,0.3416666666666667,0.3083333333333333,3.691666666666667,1.525,3.691666666666667,7.641666666666667,145560000.0,233560000.0,15.1625,7.426530612244898,34.65714285714286,35.50243902439024,3.285778781038375,3.285778781038375,11.916326530612244,32.43888888888889,55.60952380952381,56.96585365853659,0.0164880461665292,0.0281670788678208,2.069977426636569,0.5833333333333334,12.22222222222222,1.032258064516129,0.0,1.4482758620689655,0.0,0.0,0.0,0.0,0.1653944020356234,0.0238095238095238,0.0051020408163265,0.0434782608695652,0.0,4.075843470988551,0.0231245698554714,0.0182926829268292,-8.45625,500000.0,18300000.0,-96900000.0,128800000.0,8600000.0,4500000.0,0.0,47.295918367346935,56.36363636363637,0.0,1.9029126213592231,1.596774193548387,0.0,0.0541760722347629,0.0083333333333333,1993-09-29,,bmo,,2025-04-25,1993-09-30,,12.93515625,20518.75
1993-06-30,WM,USD,823768,1993-06-30,1993-06-29 20:00:00,1993,Q2,16600000.0,8300000.0,8300000.0,0.5,0,0.0,0.0,2500000.0,1800000.0,4300000.0,12600000.0,0.0,0.0,1800000.0,5800000.0,0.3493975904,4000000.0,0.2409638554,-700000.0,3300000.0,0.1987951807,1200000.0,2100000.0,0.1265060241,0.19,0.19,11052632,11052632,,,1.5019047046893446,0.189999992761905,0.0904761870294785,-0.769047589750568,0.4795237912562365,3.7457141430204137,1.5109523233922924,3.7457141430204137,4.921904574403635,143684216.0,192784216.0,17.10526380952381,8.655675662650603,143.684216,-16.904025411764707,3.470633236714976,3.470633236714976,11.613506987951808,33.23865793103448,192.784216,-22.680496,0.014615384058608,-0.0591575069038898,1.3140096618357489,0.4797178130511463,8.46551724137931,1.3240740740740742,0.0,0.4761904761904761,0.0,0.0,0.0,0.0,0.2178130511463844,9.5,0.572289156626506,5.277777777777778,0.0,4.0016155926570445,0.024522683482221,0.0236753100338218,-5.56654740698867,3500000.0,16700000.0,-57700000.0,91200000.0,6450000.0,3000000.0,0.0,37.40963855421687,30.36144578313253,0.0,2.4057971014492754,2.9642857142857144,0.0,0.0507246376811594,0.8595237767800465,1993-10-25,0.21,bmo,,2025-04-25,1993-06-30,-0.0476190476190475,12.733174603174604,21534.92063492064
1993-03-31,WM,USD,823768,1993-03-31,1993-03-30 19:00:00,1993,Q1,14500000.0,6900000.0,7600000.0,0.524137931,0,0.0,0.0,2200000.0,1500000.0,3700000.0,10600000.0,0.0,0.0,1500000.0,5400000.0,0.3724137931,3900000.0,0.2689655172,-800000.0,3100000.0,0.2137931034,1100000.0,2000000.0,0.1379310345,0.18,0.18,11111111,11111111,,,1.30500001305,0.1800000018,0.28800000288,-0.07200000072,0.60300000603,3.7800000378,1.6290000162900002,3.7800000378,4.7160000471600005,147222220.75,192922220.75,18.40277759375,10.153256603448275,46.006943984375,-184.0277759375,3.505290970238095,3.505290970238095,13.30498074137931,35.72633717592593,60.288193984375,-241.1527759375,0.0135849057962264,-0.0054339623184905,1.2476190476190476,0.4657777777777778,8.462962962962964,1.3679245283018868,0.0,1.6,0.0,0.0,0.0,0.0,0.2124444444444444,1.25,0.2758620689655172,2.6666666666666665,0.0,3.912671760597866,0.0246679316888045,0.0225733634311512,-5.337000053370001,3900000.0,18100000.0,-56000000.0,88100000.0,6650000.0,3550000.0,0.0,37.241379310344826,41.73913043478261,0.0,2.4166666666666665,2.15625,0.0,0.0476190476190476,0.3600000036,1993-03-30,,bmo,,2025-04-25,1993-03-31,,13.891290322580645,34753.22580645161
1992-12-31,WM,USD,823768,1992-12-31,1992-12-30 19:00:00,1992,Q4,14400000.0,7100000.0,7300000.0,0.5069444444,0,0.0,0.0,2200000.0,1300000.0,3500000.0,10600000.0,0.0,0.0,1300000.0,5100000.0,0.3541666667,3800000.0,0.2638888889,-700000.0,3100000.0,0.2152777778,1100000.0,2000000.0,0.1388888889,0.18,0.18,11093290,11111111,,,1.298081993709711,0.1802891657930154,0.5859397888273001,0.1893036240826661,1.0546916198891405,3.85818814797053,2.136426614647233,3.5967688575706576,4.453142395087481,160852705.0,198552705.0,20.106588125,11.170326736111113,24.74657,76.5965261904762,4.031396115288221,4.031396115288221,13.788382291666666,38.93190294117647,30.54657,94.54890714285716,0.012433735571932,0.0130554223505287,1.238095238095238,0.4490909090909091,7.392156862745098,1.8623853211009176,0.0,3.25,0.0,0.0,0.0,0.0,0.1736363636363636,0.676923076923077,0.3055555555555556,3.3846153846153846,0.0,3.819727121122463,0.0247138397502601,0.022002200220022,-4.509482759397798,9400000.0,23700000.0,-46900000.0,86400000.0,7500000.0,3950000.0,0.0,45.625,49.436619718309856,0.0,1.9726027397260275,1.8205128205128205,0.0,0.050125313283208,0.3966361647446339,1992-12-30,,bmo,,2025-04-25,1992-12-31,,12.9521875,31575.0
1992-09-30,WM,USD,823768,1992-09-30,1992-09-29 20:00:00,1992,Q3,14300000.0,6900000.0,7400000.0,0.5174825175,0,0.0,0.0,2300000.0,1300000.0,3600000.0,10500000.0,0.0,0.0,1300000.0,5100000.0,0.3566433566,3800000.0,0.2657342657,-800000.0,3000000.0,0.2097902098,1100000.0,1900000.0,0.1328671329,0.17,0.17,11176471,11176471,,,1.279473637072024,0.1699999937368423,0.2415789384681443,-0.5994736621246546,1.3689473179861515,3.892105119764549,2.2099999185789505,3.6326314451135775,3.883157751673135,125735298.75,153835298.75,16.544118256578948,8.792678234265734,46.56862916666667,-18.7664625,3.096928540640394,3.096928540640394,10.7577131993007,30.16378406862745,56.97603657407407,-22.960492350746268,0.0151111105543859,-0.0532865477444137,1.0689655172413792,0.4388270980788675,5.509803921568627,3.236842105263158,0.0,1.4210526315789471,0.0,0.0,0.0,0.0,0.1900910010111223,3.4814814814814814,0.6573426573426573,7.230769230769231,0.0,3.7275749175094,0.0263311451495258,0.0237203495630461,-3.071184097377428,17000000.0,24700000.0,-30800000.0,79400000.0,7100000.0,3700000.0,0.0,48.46153846153847,52.17391304347826,0.0,1.8571428571428568,1.725,0.0,0.0467980295566502,0.841052600592799,1993-02-09,0.18,bmo,,2025-04-25,1992-09-30,0.0,12.54765625,25376.5625
1992-06-30,WM,USD,823768,1992-06-30,1992-06-29 20:00:00,1992,Q2,13500000.0,6600000.0,6900000.0,0.5111111111,0,0.0,0.0,1900000.0,1300000.0,3200000.0,9800000.0,0.0,0.0,1400000.0,5100000.0,0.3777777778,3700000.0,0.2740740741,-700000.0,3000000.0,0.2222222222,1100000.0,1900000.0,0.1407407407,0.16,0.16,11875000,11875000,,,1.136842105263158,0.16,0.1852631578947368,-0.4463157894736842,0.4463157894736842,3.789473684210526,2.231578947368421,3.553684210526316,2.408421052631579,157343750.0,180643750.0,20.703125,11.655092592592592,71.51988636363636,-29.6875,3.728524881516587,3.728524881516587,13.381018518518518,35.4203431372549,82.11079545454545,-34.08372641509434,0.0120754716981132,-0.0336842105263157,0.6777251184834123,0.3408820023837902,4.568627450980392,1.818181818181818,0.0,1.1578947368421053,0.0,0.0,0.0,0.0,0.2205005959475566,3.409090909090909,0.5555555555555556,5.357142857142857,0.0,3.5767671377788544,0.0302365591397849,0.0290519877675841,-2.4189473684210525,6300000.0,26500000.0,-24900000.0,68400000.0,5900000.0,3200000.0,0.0,43.333333333333336,46.36363636363637,0.0,2.076923076923077,1.9411764705882355,0.0,0.0450236966824644,0.631578947368421,1992-06-29,,bmo,,2025-04-25,1992-06-30,,13.242698412698411,17895.238095238095
1992-03-31,WM,USD,823768,1992-03-31,1992-03-30 19:00:00,1992,Q1,10100000.0,4500000.0,5600000.0,0.5544554455,0,0.0,0.0,1700000.0,800000.0,2500000.0,7000000.0,0.0,0.0,800000.0,3900000.0,0.3861386139,3100000.0,0.3069306931,-700000.0,2400000.0,0.2376237624,900000.0,1500000.0,0.1485148515,0.14,0.14,10714286,10714286,,,0.9426666415288896,0.1399999962666667,0.1773333286044445,-0.6439999828266671,0.3639999902933336,4.031999892480003,2.351999937280002,3.7799998992000026,2.687999928320002,166071433.0,190971433.0,27.67857216666667,16.44271613861386,87.40601736842106,-24.068323623188405,4.100529209876544,4.100529209876544,18.908062673267327,48.9670341025641,100.5112805263158,-27.67701927536232,0.0090322578236559,-0.0415483859888172,0.7111111111111111,0.3529411764705882,6.384615384615385,1.3974358974358974,0.0,1.2666666666666666,0.0,0.0,0.0,0.0,0.2205882352941176,4.631578947368421,0.8712871287128713,11.0,0.0,3.450652020265159,0.0257989347536617,0.0235849056603773,-2.848999924026669,3100000.0,25200000.0,-27500000.0,65000000.0,4200000.0,2450000.0,0.0,47.22772277227723,60.0,0.0,1.9056603773584904,1.5,0.0,0.037037037037037,0.8213333114311117,1992-03-30,,bmo,,2025-04-25,1992-03-31,,16.61777777777778,16666.666666666668
1991-12-31,WM,USD,823768,1991-12-31,1991-12-30 19:00:00,1991,Q4,5700000.0,2300000.0,3400000.0,0.5964912281,0,0.0,0.0,1000000.0,500000.0,1500000.0,3800000.0,0.0,0.0,500000.0,2400000.0,0.4210526316,1900000.0,0.3333333333,-400000.0,1500000.0,0.2631578947,500000.0,1000000.0,0.1754385965,0.093,0.093,10227273,10714286,,,0.5573333184711116,0.0977777751703704,0.2639999929600002,0.1173333302044445,0.3813333231644447,3.0017776977303723,1.838222173202964,3.0017776977303723,2.3271110490548166,178977277.5,198877277.5,44.744319375,31.399522368421053,66.28788055555555,149.14773125,5.829878745928339,5.829878745928339,34.89075043859649,82.86553229166667,73.65825092592593,165.73106458333334,0.0055873014383068,0.0067047617259682,0.7752442996742671,0.3993288590604026,8.291666666666666,1.5957446808510638,0.0,2.7,0.0,0.0,0.0,0.0,0.1996644295302013,0.5555555555555556,0.2631578947368421,3.0,0.0,2.569807533435633,0.022659511031604,0.020964360587002,-2.21711105198815,2800000.0,18800000.0,-21400000.0,47800000.0,3700000.0,950000.0,0.0,48.94736842105263,74.34782608695653,0.0,1.8387096774193548,1.2105263157894737,0.0,0.0325732899022801,0.1466666627555556,1991-12-30,,bmo,,2025-04-25,1991-12-31,,16.7309375,12443.75
1991-09-30,WM,USD,823768,1991-09-30,1991-09-29 20:00:00,1991,Q3,5800000.0,2700000.0,3100000.0,0.5344827586,0,0.0,0.0,1200000.0,500000.0,1700000.0,4400000.0,0.0,0.0,500000.0,1900000.0,0.3275862069,1400000.0,0.2413793103,-400000.0,1000000.0,0.1724137931,300000.0,700000.0,0.1206896552,0.07,0.07,10000000,10000000,,,0.58,0.07,-0.14,-0.24,0.09,1.45,0.76,1.45,1.91,170000000.0,188200000.0,60.71428571428571,29.310344827586206,-121.42857142857142,-70.83333333333333,11.724137931034484,11.724137931034484,32.44827586206897,99.05263157894736,-134.42857142857142,-78.41666666666667,0.0041176470588235,-0.0141176470588235,1.3172413793103448,0.5026315789473684,9.578947368421051,1.5555555555555556,0.0,-2.0,0.0,0.0,0.0,0.0,0.181578947368421,-0.7142857142857143,0.1724137931034483,2.0,0.0,1.5112081259707415,0.0275280898876404,0.022508038585209,-1.9375,2000000.0,7600000.0,-17900000.0,28300000.0,2150000.0,0.0,0.0,66.72413793103448,0.0,0.0,1.3488372093023255,0.0,0.0,0.0482758620689655,0.1,1991-09-29,,bmo,,2025-04-25,1991-09-30,,14.88703125,10596.09375
1991-06-30,WM,USD,823768,1991-06-30,1991-06-29 20:00:00,1991,Q2,3600000.0,1300000.0,2300000.0,0.6388888889,0,0.0,0.0,1200000.0,300000.0,1500000.0,2800000.0,0.0,0.0,400000.0,1200000.0,0.3333333333,800000.0,0.2222222222,0.0,800000.0,0.2222222222,300000.0,500000.0,0.1388888889,0.06,0.06,8333333,8333333,,,0.4320000172800007,0.0600000024000001,0.04800000192,-0.4920000196800008,0.3720000148800006,1.4880000595200025,0.8040000321600013,1.4880000595200025,2.304000092160004,120833328.5,136933328.5,60.41666425,33.56481347222222,302.08332125,-29.471543536585365,9.744623266129032,9.744623266129032,38.03703569444444,114.11110708333334,342.33332125,-33.39837280487805,0.0041379312,-0.03393103584,1.5483870967741935,0.5289256198347108,13.416666666666666,1.7575757575757576,0.0,0.3636363636363636,0.0,0.0,0.0,0.0,0.1570247933884297,11.25,1.25,11.25,0.0,1.417321474014985,0.0149700598802395,0.0163398692810457,-2.496000099840004,2500000.0,6700000.0,-18100000.0,26600000.0,400000.0,200000.0,0.0,0.0,0.0,0.0,0.0,0.0,0.0,0.0403225806451612,0.5400000216000008,1991-06-29,,bmo,,2025-04-25,1991-06-30,,9.53921875,13252.734375
1991-03-31,WM,USD,823768,1991-03-31,1991-03-30 19:00:00,1991,Q1,1400000.0,600000.0,800000.0,0.5714285714,0,0.0,0.0,400000.0,200000.0,600000.0,1200000.0,0.0,0.0,200000.0,400000.0,0.2857142857,200000.0,0.1428571429,100000.0,300000.0,0.2142857143,0.0,200000.0,0.1428571429,0.05,0.05,4000000,4000000,,,0.35,0.05,-0.05,-0.2,0.125,2.55,2.1,2.55,1.025,36000000.0,39600000.0,45.0,25.714285714285715,-180.0,-45.0,3.5294117647058827,3.5294117647058827,28.285714285714285,99.0,-198.0,-49.5,0.0055555555555555,-0.0222222222222222,0.4019607843137255,0.2733333333333333,9.0,1.0769230769230769,0.0,-1.0,0.0,0.0,0.0,0.0,0.12,-3.0,0.4285714285714285,3.0,0.0,1.6937384685954322,0.0137931034482758,0.0151515151515151,-0.925,100000.0,8400000.0,-3400000.0,9700000.0,750000.0,500000.0,0.0,51.42857142857143,60.0,0.0,1.75,1.5,0.0,0.0196078431372549,0.15,1991-03-30,,bmo,,2025-04-25,1991-03-31,,6.465245901639344,17140.983606557376
1990-12-31,WM,USD,823768,1990-12-31,1990-12-30 19:00:00,1990,Q4,1200000.0,500000.0,700000.0,0.5833333333,0,0.0,0.0,500000.0,200000.0,700000.0,1200000.0,0.0,0.0,200000.0,200000.0,0.1666666667,0.0,0.0,0.0,0.0,0.0,-100000.0,100000.0,0.0833333333,0.025,0.025,4000000,4000000,,,0.3,0.025,0.05,0.025,0.575,2.475,2.15,2.475,0.825,23000000.0,24000000.0,57.5,19.166666666666668,115.0,230.0,2.323232323232323,2.323232323232323,20.0,120.0,120.0,240.0,0.0043478260869565,0.0043478260869565,0.3333333333333333,0.2340425531914893,5.0,2.071428571428572,0.0,2.0,0.0,0.0,0.0,0.0,0.0921985815602836,0.5,0.0833333333333333,0.5,0.0,1.1799099541914206,,0.0078125,-0.34375,1500000.0,8600000.0,-1300000.0,10300000.0,550000.0,550000.0,0.0,52.5,108.0,0.0,1.7142857142857142,0.8333333333333334,0.0,0.0101010101010101,0.025,1990-12-30,,bmo,,2025-04-25,1990-12-31,,5.24078125,12201.171875
1990-09-30,WM,USD,823768,1990-09-30,1990-09-29 20:00:00,1990,Q3,1000000.0,500000.0,500000.0,0.5,0,0.0,0.0,200000.0,200000.0,400000.0,900000.0,0.0,0.0,200000.0,300000.0,0.3,100000.0,0.1,0.0,0.0,0.0,0.0,100000.0,0.1,0.05,0.05,2878000,2878000,,,0.3474635163307852,0.0347463516330785,0.3474635163307852,0.2084781097984711,0.2084781097984711,1.9457956914523973,1.911049339819319,1.9457956914523973,0.8686587908269632,15109500.0,17009500.0,37.77375,15.1095,15.1095,25.1825,2.698125,2.698125,17.0095,56.69833333333333,17.0095,28.349166666666665,0.0066183526920149,0.0397101161520897,0.4464285714285714,0.2873563218390804,6.333333333333333,1.1,0.0,10.0,0.0,0.0,0.0,0.0,0.0114942528735632,0.4,0.4,2.0,0.0,1.2333731305975573,,0.0116279069767441,-0.7644197359277276,100000.0,5500000.0,-2000000.0,6300000.0,350000.0,350000.0,0.0,36.0,90.0,0.0,2.5,1.0,0.0,0.0178571428571428,0.1389854065323141,1990-09-29,,bmo,,2025-04-25,1990-09-30,,4.751428571428571,34630.15873015873
1990-06-30,WM,USD,823768,1990-06-30,1990-06-29 20:00:00,1990,Q2,800000.0,300000.0,500000.0,0.625,0,0.0,0.0,400000.0,200000.0,600000.0,900000.0,0.0,0.0,100000.0,100000.0,0.125,-100000.0,-0.125,100000.0,0.0,0.0,100000.0,-100000.0,-0.125,-0.03,-0.03,3333333,3333333,,,0.2400000240000024,-0.0300000030000003,-0.1200000120000012,-0.1500000150000015,0.1200000120000012,1.590000159000016,1.5600001560000156,1.590000159000016,0.2700000270000027,13133332.02,13633332.02,-32.83333005,16.416665025,-32.83333005,-26.26666404,2.4779871735849057,2.4779871735849057,17.041665025,136.3333202,-34.08333005,-27.26666404,-0.0076142139593909,-0.0380710697969546,0.1698113207547169,0.1363636363636363,5.0,1.75,0.0,4.0,0.0,0.0,0.0,0.0,0.0151515151515151,-0.25,0.125,1.0,0.0,,,-0.0153846153846153,-0.202500020250002,300000.0,5200000.0,-600000.0,5400000.0,300000.0,150000.0,0.0,33.75,60.0,0.0,2.6666666666666665,1.5,0.0,-0.0188679245283018,0.0300000030000003,1990-06-29,,bmo,,2025-04-25,1990-06-30,,2.413492063492064,29244.73015873016
1990-03-31,WM,USD,823768,1990-03-31,1990-03-30 19:00:00,1990,Q1,700000.0,300000.0,400000.0,0.5714285714,0,0.0,0.0,200000.0,200000.0,400000.0,700000.0,0.0,0.0,200000.0,200000.0,0.2857142857,0.0,0.0,0.0,0.0,0.0,0.0,0.0,0.0,0.01,0.01,2808000,2808000,,,0.2492877492877493,0.0,0.0356125356125356,-0.0356125356125356,0.3561253561253561,1.9230769230769231,1.851851851851852,1.9230769230769231,0.3205128205128205,6486480.0,6386480.0,0.0,9.2664,64.8648,-64.8648,1.2012,1.2012,9.123542857142857,31.9324,63.8648,-63.8648,0.0,-0.0154166820833487,0.1666666666666666,0.1363636363636363,-0.5,4.333333333333333,0.0,0.0,0.0,0.0,0.0,0.0,0.0303030303030303,2.0,0.2857142857142857,1.0,0.0,0.0,,0.0,0.0089031339031339,1000000.0,5200000.0,100000.0,6200000.0,250000.0,100000.0,0.0,38.57142857142858,30.0,0.0,2.333333333333333,3.0,0.0,0.0,0.0712250712250712,1990-03-30,,bmo,,2025-04-25,1990-03-31,,1.6293650793650791,5876.190476190476
1989-12-31,WM,USD,823768,1989-12-31,1989-12-30 19:00:00,1989,Q4,700000.0,0.0,700000.0,1.0,0,0.0,0.0,0.0,-2600000.0,-2600000.0,-2600000.0,0.0,0.0,0.0,-1900000.0,-2.7142857143,-1900000.0,-2.7142857143,1900000.0,0.0,0.0,0.0,0.0,0.0,0.01,0.01,2808000,2808000,,,0.2492877492877493,0.0,,,0.4273504273504273,1.8874643874643875,1.816239316239316,1.8874643874643875,0.3561253561253561,4380480.0,4180480.0,0.0,6.257828571428571,0.0,0.0,0.8265056603773585,0.8265056603773585,5.9721142857142855,-2.2002526315789472,0.0,0.0,0.0,,0.1886792452830188,0.1492537313432835,0.1052631578947368,3.75,0.0,0.0,,0.0,0.0,0.0,0.0298507462686567,0.0,,0.0,,0.0,,0.0,-0.0178062678062678,1100000.0,5100000.0,100000.0,6200000.0,,,,25.714285714285715,0.0,0.0,3.5,0.0,0.0,0.0,,1989-12-30,,bmo,,2025-04-25,1989-12-31,,,
1989-09-30,WM,USD,823768,1989-09-30,1989-09-29 20:00:00,1989,Q3,700000.0,0.0,700000.0,1.0,0,0.0,0.0,0.0,0.0,0.0,0.0,0.0,0.0,0.0,700000.0,1.0,700000.0,1.0,-700000.0,0.0,0.0,0.0,0.0,0.0,0.01,0.01,2808000,2808000,,,0.2492877492877493,0.0,,,,,,,,5784480.0,,0.0,8.263542857142857,0.0,0.0,0.0,0.0,,,0.0,0.0,0.0,,0.0,0.0,,0.0,0.0,0.0,,0.0,0.0,0.0,0.0,0.0,,0.0,,,0.0,0.0,,,,,,,,,,0.0,0.0,0.0,0.0,0.0,0.0,,1989-09-29,,bmo,,2025-04-25,1989-09-30,,,
1989-06-30,WM,USD,823768,1989-06-30,1989-06-29 20:00:00,1989,Q2,600000.0,0.0,600000.0,1.0,0,0.0,0.0,0.0,0.0,0.0,0.0,0.0,0.0,0.0,600000.0,1.0,600000.0,1.0,-600000.0,0.0,0.0,0.0,0.0,0.0,0.01,0.01,2808000,2808000,,,0.2136752136752136,0.0,,,,,,,,5447520.0,,0.0,9.0792,0.0,0.0,0.0,0.0,,,0.0,0.0,0.0,,0.0,0.0,,0.0,0.0,0.0,,0.0,0.0,0.0,0.0,0.0,,0.0,,,0.0,0.0,,,,,,,,,,0.0,0.0,0.0,0.0,0.0,0.0,,1989-06-29,,bmo,,2025-04-25,1989-06-30,,,
1989-03-31,WM,USD,823768,1989-03-31,1989-03-30 19:00:00,1989,Q1,600000.0,0.0,600000.0,1.0,0,0.0,0.0,0.0,0.0,0.0,0.0,0.0,0.0,0.0,600000.0,1.0,600000.0,1.0,-600000.0,0.0,0.0,0.0,0.0,0.0,0.0,0.0,2808000,2808000,,,0.2136752136752136,0.0,,,,,,,,8087040.0,,0.0,13.4784,0.0,0.0,0.0,0.0,,,0.0,0.0,0.0,,0.0,0.0,,0.0,0.0,0.0,,0.0,0.0,0.0,0.0,0.0,,0.0,,,0.0,0.0,,,,,,,,,,0.0,0.0,0.0,0.0,0.0,0.0,,1989-12-30,,bmo,,2025-04-25,1989-03-31,,,
1988-12-31,WM,USD,823768,1988-12-31,1988-12-30 19:00:00,1988,Q4,500000.0,0.0,500000.0,1.0,0,0.0,0.0,0.0,-1700000.0,-1700000.0,-1700000.0,0.0,0.0,0.0,-1200000.0,-2.4,-1200000.0,-2.4,1200000.0,0.0,0.0,0.0,0.0,0.0,0.03,0.03,2808000,2808000,,,0.178062678062678,0.0,,,1.0683760683760684,1.851851851851852,1.7806267806267806,1.851851851851852,0.4273504273504273,6851520.0,5051520.0,0.0,13.70304,0.0,0.0,1.3176,1.3176,10.10304,-4.2096,0.0,0.0,0.0,,0.2307692307692307,0.1764705882352941,1.5,5.5,0.0,0.0,,0.0,0.0,0.0,0.0294117647058823,0.0,,0.0,,0.0,,0.0,0.551994301994302,2700000.0,5000000.0,1700000.0,6100000.0,,,,36.0,0.0,0.0,2.5,0.0,0.0,0.0,,1988-12-30,,bmo,,2025-04-25,1988-12-31,,,
1988-09-30,WM,USD,823768,1988-09-30,1988-09-29 20:00:00,1988,Q3,500000.0,0.0,500000.0,1.0,0,0.0,0.0,0.0,0.0,0.0,0.0,0.0,0.0,0.0,500000.0,1.0,500000.0,1.0,-500000.0,0.0,0.0,0.0,0.0,0.0,0.02,0.02,1757000,1757000,,,0.2845759817871371,0.0,,,,,,,,4726330.0,,0.0,9.45266,0.0,0.0,0.0,0.0,,,0.0,0.0,0.0,,0.0,0.0,,0.0,0.0,0.0,,0.0,0.0,0.0,0.0,0.0,,0.0,,,0.0,0.0,,,,,,,,,,0.0,0.0,0.0,0.0,0.0,0.0,,1988-09-29,,bmo,,2025-04-25,1988-09-30,,,
1988-06-30,WM,USD,823768,1988-06-30,1988-06-29 20:00:00,1988,Q2,500000.0,0.0,500000.0,1.0,0,0.0,0.0,0.0,0.0,0.0,0.0,0.0,0.0,0.0,500000.0,1.0,500000.0,1.0,-500000.0,0.0,0.0,0.0,0.0,0.0,0.02,0.02,1757000,1757000,,,0.2845759817871371,0.0,,,,,,,,7801080.000000001,,0.0,15.60216,0.0,0.0,0.0,0.0,,,0.0,0.0,0.0,,0.0,0.0,,0.0,0.0,0.0,,0.0,0.0,0.0,0.0,0.0,,0.0,,,0.0,0.0,,,,,,,,,,0.0,0.0,0.0,0.0,0.0,0.0,,1988-06-29,,bmo,,2025-04-25,1988-06-30,,,
1988-03-31,WM,USD,823768,1988-03-31,1988-03-30 19:00:00,1988,Q1,400000.0,0.0,400000.0,1.0,0,0.0,0.0,0.0,0.0,0.0,0.0,0.0,0.0,0.0,400000.0,1.0,400000.0,1.0,-400000.0,0.0,0.0,0.0,0.0,0.0,0.02,0.02,1757000,1757000,,,0.2276607854297097,0.0,,,,,,,,9013410.0,,0.0,22.533525,0.0,0.0,0.0,0.0,,,0.0,0.0,0.0,,0.0,0.0,,0.0,0.0,0.0,,0.0,0.0,0.0,0.0,0.0,,0.0,,,0.0,0.0,,,,,,,,,,0.0,0.0,0.0,0.0,0.0,0.0,,1988-03-30,,bmo,,2025-04-25,1988-03-31,,,
1987-12-31,WM,USD,823768,1987-12-31,1987-12-30 19:00:00,1987,Q4,500000.0,0.0,500000.0,1.0,0,0.0,0.0,0.0,-1000000.0,-1000000.0,-1000000.0,0.0,0.0,0.0,-500000.0,-1.0,-500000.0,-1.0,500000.0,0.0,0.0,0.0,0.0,0.0,0.06,0.06,1757000,1757000,,,0.2845759817871371,0.0,,,0.0569151963574274,0.3414911781445646,0.2276607854297097,0.3414911781445646,0.6260671599317018,9013410.0,10013410.0,0.0,18.02682,0.0,0.0,15.02235,15.02235,20.02682,-20.02682,0.0,0.0,0.0,,1.8333333333333333,0.5238095238095238,-2.0,0.3333333333333333,0.0,0.0,,0.0,0.0,0.0,0.0952380952380952,0.0,,0.0,,0.0,,0.0,-0.7541263517359135,-400000.0,400000.0,-1300000.0,1400000.0,,,,18.0,0.0,0.0,5.0,0.0,0.0,0.0,,1987-12-30,,bmo,,2025-04-25,1987-12-31,,,
1987-09-30,WM,USD,823768,1987-09-30,1987-09-29 20:00:00,1987,Q3,400000.0,0.0,400000.0,1.0,0,0.0,0.0,0.0,0.0,0.0,0.0,0.0,0.0,0.0,400000.0,1.0,400000.0,1.0,-400000.0,0.0,0.0,0.0,0.0,0.0,0.06,0.06,1757000,1757000,,,0.2276607854297097,0.0,,,,,,,,9013410.0,,0.0,22.533525,0.0,0.0,0.0,0.0,,,0.0,0.0,0.0,,0.0,0.0,,0.0,0.0,0.0,,0.0,0.0,0.0,0.0,0.0,,0.0,,,0.0,0.0,,,,,,,,,,0.0,0.0,0.0,0.0,0.0,0.0,,1987-09-29,,bmo,,2025-04-25,1987-09-30,,,
1987-06-30,WM,USD,823768,1987-06-30,1987-06-29 20:00:00,1987,Q2,400000.0,0.0,400000.0,1.0,0,0.0,0.0,0.0,0.0,0.0,0.0,0.0,0.0,0.0,400000.0,1.0,400000.0,1.0,-400000.0,0.0,0.0,0.0,0.0,0.0,0.06,0.06,1757000,1757000,,,0.2276607854297097,0.0,,,,,,,,9013410.0,,0.0,22.533525,0.0,0.0,0.0,0.0,,,0.0,0.0,0.0,,0.0,0.0,,0.0,0.0,0.0,,0.0,0.0,0.0,0.0,0.0,,0.0,,,0.0,0.0,,,,,,,,,,0.0,0.0,0.0,0.0,0.0,0.0,,1987-06-29,,bmo,,2025-04-25,1987-06-30,,,
1987-03-31,WM,USD,823768,1987-03-31,1987-03-30 19:00:00,1987,Q1,400000.0,0.0,400000.0,1.0,0,0.0,0.0,0.0,0.0,0.0,0.0,0.0,0.0,0.0,400000.0,1.0,400000.0,1.0,-400000.0,0.0,0.0,0.0,0.0,0.0,0.06,0.06,1757000,1757000,,,0.2276607854297097,0.0,,,,,,,,9013410.0,,0.0,22.533525,0.0,0.0,0.0,0.0,,,0.0,0.0,0.0,,0.0,0.0,,0.0,0.0,0.0,,0.0,0.0,0.0,0.0,0.0,,0.0,,,0.0,0.0,,,,,,,,,,0.0,0.0,0.0,0.0,0.0,0.0,,1987-03-30,,bmo,,2025-04-25,1987-03-31,,,
