date,symbol,reportedCurrency,cik,fillingDate,acceptedDate,calendarYear,period,revenue,costOfRevenue,grossProfit,grossProfitRatio,researchAndDevelopmentExpenses,generalAndAdministrativeExpenses,sellingAndMarketingExpenses,sellingGeneralAndAdministrativeExpenses,otherExpenses,operatingExpenses,costAndExpenses,interestIncome,interestExpense,depreciationAndAmortization,ebitda,ebitdaratio,operatingIncome,operatingIncomeRatio,totalOtherIncomeExpensesNet,incomeBeforeTax,incomeBeforeTaxRatio,incomeTaxExpense,netIncome,netIncomeRatio,eps,epsdiluted,weightedAverageShsOut,weightedAverageShsOutDil,link,finalLink,revenuePerShare,netIncomePerShare,operatingCashFlowPerShare,freeCashFlowPerShare,cashPerShare,bookValuePerShare,tangibleBookValuePerShare,shareholdersEquityPerShare,interestDebtPerShare,marketCap,enterpriseValue,peRatio,priceToSalesRatio,pocfratio,pfcfRatio,pbRatio,ptbRatio,evToSales,enterpriseValueOverEBITDA,evToOperatingCashFlow,evToFreeCashFlow,earningsYield,freeCashFlowYield,debtToEquity,debtToAssets,netDebtToEBITDA,currentRatio,interestCoverage,incomeQuality,dividendYield,payoutRatio,salesGeneralAndAdministrativeToRevenue,researchAndDdevelopementToRevenue,intangiblesToTotalAssets,capexToOperatingCashFlow,capexToRevenue,capexToDepreciation,stockBasedCompensationToRevenue,grahamNumber,roic,returnOnTangibleAssets,grahamNetNet,workingCapital,tangibleAssetValue,netCurrentAssetValue,investedCapital,averageReceivables,averagePayables,averageInventory,daysSalesOutstanding,daysPayablesOutstanding,daysOfInventoryOnHand,receivablesTurnover,payablesTurnover,inventoryTurnover,roe,capexPerShare,report_date,epsEstimated,time,revenueEstimated,updatedFromDate,fiscalDateEnding,surprise(%),QuarterAvgPrice,QuarterAvgVolume
2025-03-31,WMB,USD,107263,2025-05-05,2025-05-05 16:25:28,2025,Q1,3048000000.0,615000000.0,2433000000.0,0.7982283465,0,0.0,0.0,194000000.0,348000000.0,542000000.0,1954000000.0,0.0,-349000000.0,585000000.0,1120000000.0,0.3674540682,1094000000.0,0.3589238845,-172000000.0,922000000.0,0.3024934383,193000000.0,691000000.0,0.2267060367,0.57,0.57,1220661000,1220661000,https://www.sec.gov/Archives/edgar/data/107263/000010726325000102/0000107263-25-000102-index.htm,https://www.sec.gov/Archives/edgar/data/99250/000010726325000102/wmb-20250331.htm,2.49700776874169,0.5660867349739198,1.1739541117476515,0.344895101916093,0.0819228270584544,43.04716870613544,37.218359560926416,10.2297034147892,22.169955458558928,72946701360.0,100257701360.0,26.39171539797395,23.932644803149607,50.90488580600139,173.27007448931116,5.84181159285657,5.84181159285657,32.89294664041995,89.51580478571428,69.9635040893231,238.14180845605705,0.0094726695946104,0.0057713370467887,2.195162969488268,0.4990714441774088,24.384821428571428,0.4045643153526971,-3.134670487106017,1.9657064471879289,0.0083622698302639,0.8827785817655571,0.0,0.0,0.1295426407399315,0.7062107466852756,0.3320209973753281,1.72991452991453,0.0,11.414693891259876,0.0166515036788497,0.0144533456043841,-0.6699239182705108,-3731000000.0,45431000000.0,157000000.0,61697000000.0,1822000000.0,1582000000.0,264000000.0,52.58858267716536,226.9756097560976,36.4390243902439,1.7113980909601347,0.3965183752417795,2.469879518072289,0.0553375510530952,0.8290590098315584,2025-05-05,0.567,amc,2941960125.0,2025-05-11,2025-03-31,0.0582010582010582,57.24516666666667,7678693.133333334
2024-12-31,WMB,USD,107263,2025-02-25,2025-02-25 17:07:14,2024,Q4,2743000000.0,1187000000.0,1556000000.0,0.5672621218,0,0.0,0.0,188000000.0,575000000.0,763000000.0,1903000000.0,67000000.0,338000000.0,590000000.0,1536000000.0,0.5599708349,793000000.0,0.2890995261,-185000000.0,608000000.0,0.2216551221,91000000.0,486000000.0,0.177178272,0.4,0.4,1219184000,1224472000,https://www.sec.gov/Archives/edgar/data/107263/000010726325000031/0000107263-25-000031-index.htm,https://www.sec.gov/Archives/edgar/data/107263/000010726325000031/wmb-20241231.htm,2.249865483799,0.3986272785732096,0.999028858646439,0.3428522684024724,0.0492132442682974,10.489803015787608,4.576831716951666,10.20026509534246,22.371520623630232,65982238080.0,92859238080.0,33.94148049382716,24.05477144732045,54.172609261083736,157.85224421052632,5.305744458025088,5.305744458025088,33.853167364199784,60.455233125,76.23911172413793,222.15128727272727,0.0073656185989137,0.0063350382188187,2.1660501769057574,0.4939668451551383,17.498046875,0.500941265060241,2.3461538461538463,2.355899419729207,0.0087750888246317,1.191358024691358,0.0,0.0,0.13219760874349,0.6568144499178982,0.2916514764855997,1.415929203539823,0.0109369303682099,9.56490136398894,0.0131135305665614,0.0102698476427952,-32.9287867951023,-2651000000.0,5580000000.0,-39082000000.0,43250000000.0,1586500000.0,1375000000.0,277000000.0,61.12650382792563,122.29991575400167,21.1541701769166,1.4723564143854,0.735895846249225,4.254480286738351,0.0390800900611129,0.6561765902439665,2025-02-12,0.47,amc,2682026812.0,2025-05-11,2024-12-31,0.0,53.89,6540911.734375
2024-09-30,WMB,USD,107263,2024-11-06,2024-11-06 16:18:31,2024,Q3,2653000000.0,517000000.0,2136000000.0,0.8051262721,0,0.0,0.0,170000000.0,1128000000.0,1298000000.0,1815000000.0,0.0,338000000.0,566000000.0,1872000000.0,0.7056162835,838000000.0,0.3158688277,130000000.0,968000000.0,0.3648699585,227000000.0,706000000.0,0.2661138334,0.58,0.58,1219537000,1219537000,https://www.sec.gov/Archives/edgar/data/107263/000010726324000095/0000107263-24-000095-index.htm,https://www.sec.gov/Archives/edgar/data/107263/000010726324000095/wmb-20240930.htm,2.1754157520436035,0.5789082250067034,1.0192392686732752,0.4600106433835136,0.6248272910129008,12.1890520746808,6.1990739108366535,10.190752720089671,22.50608222628752,55671864050.0,82018864050.0,19.713832878895182,20.984494553335846,44.78830575221239,99.2368343137255,4.479551339716768,4.479551339716768,30.91551603844704,43.81349575320513,65.98460502815769,146.20118368983958,0.0126814507120855,0.0100769034695183,2.1812841969745738,0.5035384586808329,14.074252136752136,0.5717312990040263,2.4792899408284024,1.5615577889447236,0.0104002265754922,0.8201133144475921,0.0,0.0,0.1356873525642216,0.5486725663716814,0.2570674707877874,1.2941176470588236,-0.0180927252167357,11.521240722902212,0.0124797777749909,0.0151723545087251,-30.41318139589041,-2021000000.0,7560000000.0,-36274000000.0,43258000000.0,1354000000.0,1164500000.0,274500000.0,44.44025631360724,197.9303675048356,47.87234042553192,2.0251908396946563,0.4547053649956025,1.88,0.0568072095268748,0.5592286252897616,2024-11-06,0.4191,amc,2523810052.0,2025-04-25,2024-09-30,0.0260081126222859,43.95640625,5494486.46875
2024-06-30,WMB,USD,107263,2024-08-05,2024-08-05 16:17:58,2024,Q2,2465000000.0,1516000000.0,949000000.0,0.384989858,0,0.0,0.0,171000000.0,33000000.0,171000000.0,1687000000.0,0.0,339000000.0,561000000.0,1434000000.0,0.5817444219,778000000.0,0.3156186613,-141000000.0,555000000.0,0.2251521298,129000000.0,401000000.0,0.1626774848,0.33,0.33,1219367000,1222236000,https://www.sec.gov/Archives/edgar/data/107263/000010726324000077/0000107263-24-000077-index.htm,https://www.sec.gov/Archives/edgar/data/107263/000010726324000077/wmb-20240630.htm,2.021540684633913,0.3288591539708718,1.0489048826153242,0.5740683485775816,0.0451053702453814,12.09315981160717,6.022797074219657,10.083920591585636,21.815417343588926,51688967130.0,77895967130.0,32.225041851620944,20.96915502231237,40.4135786786552,73.84138161428571,4.203722115322056,4.203722115322056,31.60079802434077,54.32075811018131,60.90380541829554,111.27995304285714,0.0077579418252151,0.0135425418395277,2.1358165256994144,0.5010971398042321,18.275453277545328,0.4503833049403747,2.2949852507374637,3.1895261845386536,0.0112016167501236,1.4438902743142146,0.0,0.0,0.1412352840161041,0.452697419859265,0.2348884381338742,1.032085561497326,0.00973630831643,8.637954959092566,0.011972324376342,0.0089097251538649,-29.87000632295281,-2581000000.0,7344000000.0,-35548000000.0,41523000000.0,1376500000.0,1117000000.0,256500000.0,51.04259634888438,70.76517150395779,16.266490765171504,1.7632331902718168,1.2718120805369129,5.532846715328467,0.032612231620039,0.4748365340377425,2024-08-05,0.3834,amc,2456840401.0,2025-04-25,2024-06-30,0.121544079290558,40.11253968253968,6310730.634920635
2024-03-31,WMB,USD,107263,2024-05-06,2024-05-06 16:17:55,2024,Q1,2780000000.0,1607000000.0,1173000000.0,0.421942446,0,0.0,0.0,152000000.0,31000000.0,152000000.0,1759000000.0,0.0,349000000.0,566000000.0,1770000000.0,0.6366906475,1021000000.0,0.3672661871,-166000000.0,855000000.0,0.3075539568,193000000.0,632000000.0,0.2273381295,0.52,0.52,1218155000,1222222000,https://www.sec.gov/Archives/edgar/data/107263/000010726324000063/0000107263-24-000063-index.htm,https://www.sec.gov/Archives/edgar/data/107263/000010726324000063/wmb-20240331.htm,2.2821397933760483,0.5188173918754182,1.0130073759086486,0.5664303803703141,0.5475493676913037,12.256239969462014,6.10267166329408,10.219553340913102,22.35840266632735,47349684850.0,73569684850.0,18.730096855221515,17.032260737410073,38.37089534035656,68.62273166666667,3.8034930396015754,3.8034930396015754,26.463915413669064,41.56479370056497,59.61886940842788,106.62273166666668,0.0133475017204892,0.0145724306758506,2.159771869226444,0.5097351508142643,14.813559322033898,0.5239911664324433,2.9255014326647566,1.95253164556962,0.0122281700888659,0.9161392405063292,0.0,0.0,0.1421123476216657,0.4408427876823338,0.19568345323741,0.96113074204947,0.0086330935251798,10.922309519302484,0.0156376210110331,0.0139665421758635,-29.564587429350123,-2371000000.0,7434000000.0,-35207000000.0,41576000000.0,1505000000.0,1210500000.0,256500000.0,43.86690647482015,58.35718730553827,13.385189794648412,2.0516605166051662,1.5422264875239924,6.7238493723849375,0.050767129889951,0.4465769955383346,2024-05-06,0.48,amc,2687206175.0,2025-04-25,2024-03-31,0.2291666666666666,35.53065573770492,7153113.7049180325
2023-12-31,WMB,USD,107263,2024-02-21,2024-02-21 16:07:47,2023,Q4,2784000000.0,977000000.0,1807000000.0,0.649066092,0,0.0,0.0,182000000.0,30000000.0,719000000.0,1696000000.0,63000000.0,322000000.0,545000000.0,2414000000.0,0.8670977011,1087000000.0,0.3904454023,460000000.0,1547000000.0,0.5556752874,370000000.0,1138000000.0,0.4087643678,0.93,0.93,1217000000,1222831582,https://www.sec.gov/Archives/edgar/data/107263/000010726324000019/0000107263-24-000019-index.htm,https://www.sec.gov/Archives/edgar/data/107263/000010726324000019/wmb-20231231.htm,2.28759244042728,0.9350862777321282,1.5858668857847165,0.923582580115037,1.7666392769104355,12.23582580115037,5.99671322925226,10.19063270336894,21.98849630238291,42388110000.0,66676110000.0,9.311974956063269,15.225614224137932,21.962751295336787,37.71184163701068,3.4178447024673435,3.4178447024673435,23.949752155172416,27.62059237779619,34.54720725388601,59.32038256227758,0.0268471512412325,0.0265168699430099,2.131752943073698,0.502365705816406,10.061309030654517,0.7740994854202401,3.375776397515528,1.6841186736474694,0.0128337875880759,0.4780316344463972,0.0,0.0,0.1442795523210519,0.4176165803108808,0.2895114942528735,1.5236294896030245,0.0064655172413793,14.642582356005123,0.0165791831359848,0.0252697961540169,-28.108258011503697,-1317000000.0,7298000000.0,-33223000000.0,40587000000.0,1537000000.0,1368500000.0,270000000.0,53.502155172413794,127.03172978505629,25.240532241555783,1.6821752265861027,0.7084844089920233,3.565693430656934,0.0917593936461861,0.6622843056696796,2024-02-14,0.4497,bmo,2644558164.0,2025-04-25,2023-12-31,0.067378252168112,35.09460317460317,6435314.603174604
2023-09-30,WMB,USD,107263,2023-11-01,2023-11-01 16:20:11,2023,Q3,2559000000.0,484000000.0,2075000000.0,0.8108636186,0,0.0,0.0,146000000.0,935000000.0,1081000000.0,1565000000.0,24000000.0,314000000.0,535000000.0,1351000000.0,0.5279406018,994000000.0,0.3884329816,-133000000.0,861000000.0,0.3364595545,176000000.0,654000000.0,0.2555685815,0.54,0.54,1216951000,1220073000,https://www.sec.gov/Archives/edgar/data/107263/000010726323000027/0000107263-23-000027-index.htm,https://www.sec.gov/Archives/edgar/data/107263/000010726323000027/wmb-20230930.htm,2.102796250629648,0.5374086549088665,1.014009602687372,0.437158110720974,1.704259251194173,11.786012748253627,5.65676021466764,9.733341769717926,21.33610967080844,40999079190.0,64576079190.0,15.672430883027523,16.021523716295427,33.224537431118314,77.06593832706767,3.461298369776277,3.461298369776277,25.234888311840564,47.79872626943005,52.330696264181526,121.3836075,0.0159515777651785,0.0129759011790137,2.1655550865344027,0.5050602504528628,17.451517394522575,0.7701773434672458,3.165605095541401,1.804093567251462,0.0132685906792922,0.8318042813455657,0.0,0.0,0.1468654012758919,0.5688816855753647,0.2743259085580304,1.3474088291746642,0.0074247753028526,10.848621914106367,0.0164270166413261,0.015093817074015,-27.25972532994344,-1270000000.0,6884000000.0,-32189000000.0,38817000000.0,1390500000.0,1252000000.0,262500000.0,49.90621336459554,252.5206611570248,49.46280991735537,1.80338266384778,0.3564064801178203,1.8195488721804511,0.0552131701139721,0.576851491966398,2023-11-01,0.41,amc,2584510000.0,2025-04-25,2023-09-30,0.1707317073170731,34.12698412698413,6107073.46031746
2023-06-30,WMB,USD,107263,2023-08-02,2023-08-02 16:21:08,2023,Q2,2483000000.0,421000000.0,2062000000.0,0.8304470399,0,0.0,0.0,161000000.0,1031000000.0,1192000000.0,1613000000.0,13000000.0,306000000.0,529000000.0,1150000000.0,0.463149416,870000000.0,0.3503826017,-114000000.0,756000000.0,0.3044703987,175000000.0,460000000.0,0.1852597664,0.38,0.38,1217673000,1219915000,https://www.sec.gov/Archives/edgar/data/107263/000010726323000021/0000107263-23-000021-index.htm,https://www.sec.gov/Archives/edgar/data/107263/000010726323000021/wmb-20230630.htm,2.0391353015136247,0.3777697296400593,1.1308454732920907,0.6183926226499232,0.4525024370253754,11.668978453164357,5.449738969329204,9.591244940144028,20.29691058272623,39732669990.0,63590669990.0,21.593842385869568,16.001880785340315,28.85451705882353,52.76583,3.402060963267404,3.402060963267404,25.610418844140156,55.29623477391304,46.18058822803195,84.44976094289508,0.011577374490961,0.0189516586775949,2.0899905813853925,0.4978888322284548,20.74608695652174,0.4901560178306092,2.843137254901961,2.7874493927125505,0.0137166719512473,1.184782608695652,0.0,0.0,0.1544722080571137,0.4531590413943355,0.2513089005235602,1.2116504854368932,0.0092629883205799,9.029055608360734,0.0143731697646311,0.0110971726334073,-27.194493102828098,-2745000000.0,6636000000.0,-32177000000.0,37174000000.0,1443000000.0,1202000000.0,251500000.0,49.36770036246476,244.9881235154394,55.36817102137767,1.8230543318649048,0.3673647469458987,1.6254826254826256,0.0393869338128264,0.5124528506421675,2023-08-02,0.39,amc,2700490000.0,2025-04-25,2023-06-30,0.1538461538461538,30.01225806451613,7138141.854838709
2023-03-31,WMB,USD,107263,2023-05-03,2023-05-03 16:20:14,2023,Q1,3081000000.0,1113000000.0,1968000000.0,0.6387536514,0,0.0,0.0,176000000.0,432000000.0,608000000.0,1721000000.0,0.0,294000000.0,506000000.0,1878000000.0,0.6095423564,1360000000.0,0.441415125,-119000000.0,1241000000.0,0.4027913015,284000000.0,927000000.0,0.3008763389,0.76,0.76,1219465000,1225781000,https://www.sec.gov/Archives/edgar/data/107263/000010726323000013/0000107263-23-000013-index.htm,https://www.sec.gov/Archives/edgar/data/107263/000010726323000013/wmb-20230331.htm,2.5265177762379403,0.7601694185564981,1.2415280471354242,0.7888705292894835,0.3911551377038291,11.74531454367284,5.463871451825185,9.664073999663788,20.259704050546755,36413224900.0,60348224900.0,9.820179314994606,11.818638396624472,24.0510071994716,37.85158513513514,3.089794221467968,3.089794221467968,19.5872200259656,32.13430505857295,39.86012212681638,62.73204251559252,0.0254577836087239,0.0264189728496143,2.0714467543487483,0.4988556481935589,12.744941427050051,0.685820895522388,4.625850340136054,1.633225458468177,0.0149945521578892,0.5889967637540453,0.0,0.0,0.1565309792381886,0.3645970937912813,0.1791626095423563,1.0909090909090908,0.0055176890619928,12.856613241723354,0.0225332944435827,0.0224585715670123,-26.955263168684628,-1263000000.0,6663000000.0,-31856000000.0,38492000000.0,2123500000.0,1792500000.0,282000000.0,44.51801363193768,101.72506738544476,19.73045822102426,2.0216535433070866,0.884737678855326,4.561475409836065,0.0786593126856173,0.4526575178459406,2023-05-03,0.46,amc,2611670000.0,2025-04-25,2023-03-31,0.2173913043478261,30.891290322580645,7289929.5
2022-12-31,WMB,USD,107263,2023-02-27,2023-02-27 08:24:01,2022,Q4,2930000000.0,1685000000.0,1245000000.0,0.4249146758,0,0.0,0.0,159000000.0,14000000.0,173000000.0,1858000000.0,12000000.0,289000000.0,520000000.0,1747000000.0,0.5962457338,1072000000.0,0.3658703072,-119000000.0,953000000.0,0.3252559727,256000000.0,669000000.0,0.2283276451,0.55,0.55,1218000000,1223744025,https://www.sec.gov/Archives/edgar/data/107263/000010726323000007/0000107263-23-000007-index.htm,https://www.sec.gov/Archives/edgar/data/107263/000010726323000007/wmb-20221231.htm,2.405582922824302,0.5492610837438424,1.000821018062397,0.3300492610837438,0.1247947454844006,11.5311986863711,5.486042692939245,9.429392446633829,19.041871921182267,40072200000.0,62824200000.0,14.974663677130042,13.676518771331056,32.87301066447908,99.6820895522388,3.489090117544623,3.489090117544623,21.44170648464164,35.96119061247853,51.53748974569319,156.27910447761195,0.01669486576729,0.0100318924341563,1.9942533739660424,0.4729007081948258,13.023468803663423,0.7764826175869121,3.709342560553633,1.7489239598278337,0.0129266673654054,0.7742899850523169,0.0,0.0,0.1520244461420932,0.6702214930270713,0.278839590443686,1.617821782178218,0.0051194539249146,10.794997085288731,0.0176009333971082,0.0162892622352081,-26.30028735632184,-1093000000.0,6682000000.0,-30591000000.0,37159000000.0,2691000000.0,2470000000.0,383500000.0,83.64163822525597,124.2908011869436,17.091988130563795,1.0760190965846492,0.7241082939406962,5.265625,0.0582498911623857,0.6707717569786535,2023-02-20,0.49,amc,2916388311.0,2025-04-25,2022-12-31,0.1224489795918368,32.55539682539682,6473094.492063492
2022-09-30,WMB,USD,107263,2022-10-31,2022-10-31 16:21:04,2022,Q3,3021000000.0,2005000000.0,1016000000.0,0.3363124793,0,0.0,0.0,163000000.0,33000000.0,196000000.0,2201000000.0,1000000.0,291000000.0,512000000.0,1508000000.0,0.4991724595,820000000.0,0.2714333002,-103000000.0,717000000.0,0.2373386296,96000000.0,599000000.0,0.1982787157,0.49,0.49,1218964000,1222472000,https://www.sec.gov/Archives/edgar/data/107263/000010726322000030/0000107263-22-000030-index.htm,https://www.sec.gov/Archives/edgar/data/107263/000010726322000030/wmb-20220930.htm,2.478334060726978,0.4914008945301091,1.2223494705339943,0.5258563829612688,0.7046967752944303,11.411329620891182,5.2643064110178805,9.285754132197503,19.441099162895704,34898939320.0,57446939320.0,14.565500550918197,11.55211496855346,23.422106926174497,54.444523120124806,3.0832175386518244,3.0832175386518244,19.01586869248593,38.09478734748011,38.554992832214765,89.62081017160686,0.0171638454254316,0.0183673203968309,2.067938863857232,0.4809130506245891,14.952254641909814,0.8845923858879808,2.8178694158075603,2.399355877616747,0.0148428579805903,0.8647746243739566,0.0,0.0,0.1539488823142669,0.5697986577181208,0.2810327706057597,1.698,0.0072823568354849,10.13252818680222,0.0159482889836728,0.0145462493018286,-25.99358963841426,-579000000.0,6417000000.0,-30324000000.0,37252000000.0,2721500000.0,2554500000.0,409000000.0,79.2154915590864,117.2917705735661,20.06483790523691,1.1361414065438136,0.7673172598545733,4.485458612975392,0.0529198692463998,0.6964930875727257,2022-10-31,0.44,amc,2900912031.0,2025-04-25,2022-09-30,0.1136363636363636,32.57890625,7291361.40625
2022-06-30,WMB,USD,107263,2022-08-01,2022-08-01 16:20:54,2022,Q2,2490000000.0,1881000000.0,609000000.0,0.2445783133,0,0.0,0.0,160000000.0,6000000.0,160000000.0,2041000000.0,2000000.0,286000000.0,519000000.0,1149000000.0,0.4614457831,449000000.0,0.1803212851,-110000000.0,362000000.0,0.1453815261,-45000000.0,400000000.0,0.1606425703,0.33,0.33,1218678000,1222694000,https://www.sec.gov/Archives/edgar/data/107263/000010726322000024/0000107263-22-000024-index.htm,https://www.sec.gov/Archives/edgar/data/107263/000010726322000024/wmb-20220630.htm,2.0431976289060767,0.3282245186997714,0.9009763038308723,0.6383966888710554,0.1091346524676739,11.353286101825091,5.089941723736705,9.211621117309084,18.873730386533605,38034940380.0,60616940380.0,23.7718377375,15.275076457831323,34.64020071038252,48.8880981748072,3.388111560662747,3.388111560662747,24.344152763052207,52.75625794604004,55.20668522768671,77.91380511568123,0.0105166459051512,0.0204548762855192,2.0234277569926955,0.4776574492692672,19.65361183637946,0.6486810551558753,1.56993006993007,2.745,0.013592764832408,1.2925,0.0,0.0,0.1605088844495847,0.2914389799635701,0.1285140562248996,0.6165703275529865,0.0060240963855421,8.247926886354659,0.0115698321673788,0.0100195380992936,-25.69382560446648,-2051000000.0,6203000000.0,-29932000000.0,35242000000.0,2378500000.0,2040000000.0,286000000.0,100.6265060240964,119.42583732057416,17.751196172248804,0.8943965517241379,0.7536057692307693,5.070080862533692,0.0356315695706395,0.2625796149598171,2022-08-01,0.37,amc,2455205600.0,2025-04-25,2022-06-30,-0.108108108108108,34.52306451612903,8909270.112903226
2022-03-31,WMB,USD,107263,2022-05-02,2022-05-02 16:28:55,2022,Q1,2524000000.0,1736000000.0,788000000.0,0.3122028526,0,0.0,0.0,154000000.0,5000000.0,154000000.0,1890000000.0,1000000.0,289000000.0,509000000.0,1143000000.0,0.4528526149,634000000.0,0.2511885895,-144000000.0,510000000.0,0.2020602219,118000000.0,379000000.0,0.1501584786,0.31,0.31,1216940000,1221279000,https://www.sec.gov/Archives/edgar/data/107263/000010726322000014/0000107263-22-000014-index.htm,https://www.sec.gov/Archives/edgar/data/107263/000010726322000014/wmb-20220331.htm,2.0740545959537857,0.3114368826729337,0.889115322037241,0.6450605617368153,0.4963268525974986,11.480434532515982,5.499860305356057,9.298732887406118,18.665669630384407,40657965399.99999,62479965399.99999,26.81923839050132,16.1085441362916,37.576677818853966,51.79358649681528,3.592962654648285,3.592962654648285,24.75434445324881,54.66313683289588,57.74488484288354,79.59231261146496,0.0093216666469001,0.0193074098095425,1.9817956875220928,0.4870029750917501,19.091863517060368,0.7321262766945218,2.1937716262975777,2.847368421052632,0.0127404309316471,1.366754617414248,0.0,0.0,0.158049034723881,0.2744916820702403,0.1176703645007924,0.5834970530451866,0.0083201267828843,8.072130364618507,0.0112371397851212,0.0097753475535838,-24.56468683747761,-1154000000.0,6693000000.0,-28924000000.0,35310000000.0,1975500000.0,1665000000.0,290000000.0,70.35261489698891,82.11981566820276,10.420506912442397,1.279270146984288,1.095959595959596,8.63681592039801,0.0334924001413927,0.2440547603004256,2022-05-02,0.36,amc,2634647737.0,2025-04-25,2022-03-31,0.1388888888888888,30.559838709677415,9929996.516129032
2021-12-31,WMB,USD,107263,2022-02-28,2022-02-28 16:11:30,2021,Q4,2964000000.0,1747000000.0,1217000000.0,0.4105937922,0,0.0,0.0,169000000.0,2000000.0,571000000.0,2318000000.0,0.0,295000000.0,466000000.0,1591000000.0,0.5367746289,937000000.0,0.3161268556,-115000000.0,830000000.0,0.2800269906,198000000.0,621000000.0,0.20951417,0.52,0.52,1215434000,1217979000,https://www.sec.gov/Archives/edgar/data/107263/000010726322000007/0000107263-22-000007-index.htm,https://www.sec.gov/Archives/edgar/data/107263/000010726322000007/wmb-20211231.htm,2.4386350883717256,0.5109286065718089,0.937113821071321,0.6985159210619417,1.3822223172957149,11.601617200111235,5.511611490216663,9.39828900623152,19.72135056284422,31649901360.0,53644901360.0,12.74150618357488,10.678104372469637,27.787446321334503,37.27903575971732,2.770717093583122,2.770717093583122,18.098819622132257,33.71772555625393,47.09824526777875,63.18598511189635,0.0196209142308682,0.0268247281513802,2.072572879278648,0.4972485927917331,13.824638592080452,0.914923572003218,3.176271186440678,1.8022151898734176,0.0157346461948025,0.8019323671497585,0.0,0.0,0.1554650088213055,0.2546093064091308,0.0978407557354925,0.6387665198237885,0.0070850202429149,10.394312429763836,0.0159656887485495,0.015443919423029,-24.812536098216768,-423000000.0,6699000000.0,-28962000000.0,36237000000.0,1982000000.0,1710000000.0,373500000.0,60.06072874493928,89.94848311390956,19.524899828277047,1.4984833164812943,1.0005727376861395,4.6094986807387865,0.0543640024511949,0.2385979000093793,2022-02-21,0.34,amc,2389772439.0,2025-04-25,2021-12-31,0.1470588235294117,27.6359375,7993801.890625
2021-09-30,WMB,USD,107263,2021-11-01,2021-11-01 16:30:22,2021,Q3,2475000000.0,1967000000.0,508000000.0,0.2052525253,0,0.0,0.0,152000000.0,4000000.0,153000000.0,2120000000.0,0.0,292000000.0,499000000.0,1005000000.0,0.4060606061,355000000.0,0.1434343434,-129000000.0,226000000.0,0.0913131313,53000000.0,164000000.0,0.0662626263,0.14,0.13,1215434000,1217979000,https://www.sec.gov/Archives/edgar/data/107263/000010726321000027/0000107263-21-000027-index.htm,https://www.sec.gov/Archives/edgar/data/107263/000010726321000027/wmb-20210930.htm,2.0363096638731517,0.1349312262122007,0.6861746503718014,0.4665000320873038,0.1760687951793351,11.451876449070866,5.296873380208222,9.213169945879416,18.638609747629243,31528357960.0,53676357960.0,48.06152128048781,12.738730488888889,37.80378652278178,55.60556959435626,2.815534734774067,2.815534734774067,21.68741735757576,53.40931140298508,64.36014143884893,94.667297989418,0.0052016663921434,0.0179838100264959,1.9969637435256296,0.4862890072849842,22.03781094527363,0.5840080971659919,1.2157534246575343,4.820809248554913,0.0157953040444355,3.0365853658536586,0.0,0.0,0.1626834837446993,0.3201438848920863,0.1078787878787878,0.5482546201232033,0.0084848484848484,5.288737765972648,0.0063095912979316,0.0042592977353002,-24.82940250149329,-2055000000.0,6438000000.0,-29181000000.0,34740000000.0,1492500000.0,1142500000.0,281000000.0,72.21818181818182,76.59379766141332,16.837824097610575,1.246223564954683,1.1750298685782556,5.345108695652174,0.0146454724057867,0.2196746182844975,2021-11-01,0.28,amc,2064610000.0,2025-04-25,2021-09-30,0.2142857142857142,25.1803125,7236292.796875
2021-06-30,WMB,USD,107263,2021-08-02,2021-08-02 16:24:43,2021,Q2,2283000000.0,1557000000.0,726000000.0,0.3180026281,0,0.0,0.0,114000000.0,2000000.0,126000000.0,1683000000.0,0.0,298000000.0,474000000.0,1202000000.0,0.526500219,600000000.0,0.2628120894,-159000000.0,441000000.0,0.1931668857,119000000.0,304000000.0,0.1331581253,0.25,0.25,1215250000,1217476000,https://www.sec.gov/Archives/edgar/data/107263/000010726321000021/0000107263-21-000021-index.htm,https://www.sec.gov/Archives/edgar/data/107263/000010726321000021/wmb-20210630.htm,1.878625797161078,0.2501542892408969,0.8697798806829871,0.5167660975108003,0.988274017691833,11.7383254474388,5.750257148734828,9.472947953096073,19.363916889528905,32264887500.0,54297887500.0,26.53362458881579,14.132670827858082,30.524964522232736,51.37720939490446,2.8027178161918,2.8027178161918,23.78356876916338,45.17295133111481,51.36980842005676,86.46160429936306,0.0094220071277173,0.0194638831454162,2.018241834607366,0.510558815127343,18.33028286189684,0.6983240223463687,2.0134228187919465,3.282608695652174,0.015434735360537,1.638157894736842,0.0,0.0,0.1599094644779924,0.4058656575212866,0.1879106438896189,0.9265658747300216,0.0083223828296101,7.301932459973321,0.0099814366976199,0.0079518702589589,-24.0236576836042,-1134000000.0,6988000000.0,-28617000000.0,35442000000.0,1028500000.0,574500000.0,169000000.0,39.382391590013135,35.31791907514451,11.213872832369942,2.285285285285285,2.548281505728314,8.025773195876289,0.0264072272411396,0.3530137831721868,2021-08-02,0.28,amc,2067760000.0,2025-04-25,2021-06-30,-0.0357142857142857,25.604920634920635,7250532.777777778
2021-03-31,WMB,USD,107263,2021-05-03,2021-05-03 16:23:55,2021,Q1,2612000000.0,1751000000.0,861000000.0,0.3296324655,0,0.0,0.0,123000000.0,-2000000.0,122000000.0,1873000000.0,0.0,294000000.0,448000000.0,1308000000.0,0.5007656968,739000000.0,0.2829249617,-163000000.0,576000000.0,0.2205206738,141000000.0,425000000.0,0.1627105666,0.35,0.35,1214646000,1217211000,https://www.sec.gov/Archives/edgar/data/107263/000010726321000012/0000107263-21-000012-index.htm,https://www.sec.gov/Archives/edgar/data/107263/000010726321000012/wmb-20210331.htm,2.150420781034145,0.3498961837440703,0.7533059014725279,0.5384284803967576,0.9270190656372308,11.91540580547748,5.8543806178919615,9.634082687466142,19.37025273207173,28774963740.0,50882963740.0,16.92644925882353,11.016448598774884,31.448047803278687,43.99841550458716,2.458978272090241,2.458978272090241,19.480460849923432,38.90134842507645,55.60979643715847,77.8026968501529,0.014769784033097,0.02272809119446,1.98547256879166,0.5133224338297027,16.902140672782874,0.7063649222065064,2.5136054421768708,2.103448275862069,0.0173067116434878,1.171764705882353,0.0,0.0,0.1626529980999514,0.2852459016393442,0.0999234303215926,0.5958904109589042,0.007656967840735,8.70895500275047,0.0127219439315537,0.0112137203166226,-23.708553767929093,-1038000000.0,7111000000.0,-28292000000.0,35400000000.0,1028500000.0,510000000.0,140000000.0,36.454823889739664,27.6527698458024,7.401484865790977,2.468809073724008,3.2546468401486988,12.15972222222222,0.0363185780208511,0.2148774210757702,2021-05-03,0.29,amc,1901570000.0,2025-04-25,2021-03-31,0.2068965517241379,22.715737704918038,9311474.93442623
2020-12-31,WMB,USD,107263,2021-02-24,2021-02-24 16:03:07,2020,Q4,2092000000.0,953000000.0,1139000000.0,0.5444550669,0,0.0,0.0,112000000.0,-29000000.0,439000000.0,1392000000.0,0.0,290000000.0,436000000.0,911000000.0,0.4354684512,518000000.0,0.2476099426,-333000000.0,185000000.0,0.0884321224,55000000.0,115000000.0,0.0549713193,0.085,0.085,1214646000,1217211000,https://www.sec.gov/Archives/edgar/data/107263/000010726321000006/0000107263-21-000006-index.htm,https://www.sec.gov/Archives/edgar/data/107263/000010726321000006/wmb-20201231.htm,1.7223125091590472,0.0946777908954543,0.9171396439785748,0.6643911065446229,0.1169064896274305,12.005967170681828,5.87743260176216,9.689242791726972,18.634235818501853,24353652300.0,46555652300.0,52.94272239130434,11.641325191204588,21.8614473070018,30.17800780669145,2.069305149120571,2.069305149120571,22.254135898661566,51.1038993413831,41.79142935368043,57.68977980173482,0.0047220843339378,0.0331367135433727,1.898547030333928,0.5059209781501188,24.371020856201977,0.6162138852953859,1.7862068965517242,8.569230769230769,0.0199148774083466,4.217391304347826,0.0,0.0,0.1685497565945884,0.2755834829443447,0.1467495219885277,0.7041284403669725,0.0062141491395793,4.543183060017978,0.0085112352982439,0.0031317229922932,-23.56468469002491,-890000000.0,7139000000.0,-28153000000.0,35483000000.0,1005000000.0,473000000.0,146500000.0,42.97801147227533,45.51941238195173,12.843651626442814,2.094094094094094,1.9771784232365144,7.007352941176471,0.0097714334267992,0.2527485374339519,2021-02-22,0.32,amc,3218980645.0,2025-04-25,2020-12-31,-0.03125,20.27203125,9386273.171875
2020-09-30,WMB,USD,107263,2020-11-02,2020-11-02 16:37:42,2020,Q3,1933000000.0,1163000000.0,770000000.0,0.3983445422,0,0.0,0.0,114000000.0,-23000000.0,129000000.0,1292000000.0,0.0,292000000.0,426000000.0,1152000000.0,0.5959648215,641000000.0,0.3316088981,-207000000.0,434000000.0,0.2245214692,111000000.0,308000000.0,0.1593378169,0.25,0.25,1213912000,1215335000,https://www.sec.gov/Archives/edgar/data/107263/000010726320000034/0000107263-20-000034-index.htm,https://www.sec.gov/Archives/edgar/data/107263/000010726320000034/wmb-20200930.htm,1.592372428973435,0.2537251464686073,0.3723498902721119,0.0930874725680279,0.0576648060155925,12.272718286004258,6.068808941669578,9.938941208258916,18.679278234336596,23853370800.0,46166370800.0,19.36150227272727,12.340078013450595,52.772944247787606,211.09177699115045,1.977071761292996,1.977071761292996,23.88327511639938,40.074974652777776,102.1379884955752,408.55195398230086,0.0129122211943311,0.0047372759576604,1.855200994612516,0.5050315884476534,19.36892361111111,0.753895754970446,2.1952054794520546,1.3993808049535603,0.020332556101463,1.574675324675325,0.0,0.0,0.1699232851985559,0.75,0.1753750646663217,0.795774647887324,0.007759958613554,7.5325682579508255,0.0111225572657815,0.0083720677376389,-23.49037656765894,-458000000.0,7367000000.0,-28019000000.0,36180000000.0,959000000.0,616500000.0,145500000.0,47.07190894981894,35.90713671539123,12.149613069647463,1.9119683481701288,2.506465517241379,7.407643312101911,0.025528387898881,0.279262417704084,2020-11-02,0.27,amc,2087640000.0,2025-04-25,2020-09-30,-0.0740740740740741,20.3584375,8569247.421875
2020-06-30,WMB,USD,107263,2020-08-03,2020-08-03 16:52:10,2020,Q2,1781000000.0,1036000000.0,745000000.0,0.4183043234,0,0.0,0.0,127000000.0,5000000.0,133000000.0,1169000000.0,0.0,294000000.0,430000000.0,1156000000.0,0.6490735542,612000000.0,0.3436271757,-180000000.0,432000000.0,0.2425603593,117000000.0,303000000.0,0.1701291409,0.25,0.25,1213601000,1214581000,https://www.sec.gov/Archives/edgar/data/107263/000010726320000027/0000107263-20-000027-index.htm,https://www.sec.gov/Archives/edgar/data/107263/000010726320000027/wmb2020063010q.htm,1.4675333985387289,0.2496701963825013,0.9418251962547822,0.6781471010653419,0.9335852557801122,12.425830235802376,6.156059528625965,10.062615307667018,19.152093645275507,23082691020.0,44898691020.0,19.0451246039604,12.960522751263335,20.19483028871391,28.047012174969623,1.890164675728791,1.890164675728791,25.209820898371703,38.83969811418685,39.28144446194226,54.554910109356015,0.0131267190527077,0.0356544217174207,1.879217163445791,0.5061200185254615,18.8719723183391,0.9589827727645612,2.0816326530612246,3.628571428571429,0.0210547374904817,1.603960396039604,0.0,0.0,0.1678098052621132,0.2799650043744532,0.1796743402582818,0.7441860465116279,0.0084222346996069,7.518479942761219,0.0102513151547173,0.0080298934647797,-23.387217050744024,-100000000.0,7471000000.0,-27925000000.0,36646000000.0,918500000.0,564000000.0,119500000.0,45.83380123526109,66.8050193050193,11.64092664092664,1.96361631753032,1.3472041612483745,7.731343283582089,0.0248116606616442,0.2636780951894403,2020-08-03,0.24,amc,1709760000.0,2025-04-25,2020-06-30,0.0416666666666667,18.608888888888888,12604055.57142857
2020-03-31,WMB,USD,107263,2020-05-04,2020-05-04 16:43:44,2020,Q1,1913000000.0,1175000000.0,738000000.0,0.385781495,0,0.0,0.0,113000000.0,4000000.0,120000000.0,1295000000.0,0.0,296000000.0,429000000.0,-39000000.0,-0.020386827,431000000.0,0.225300575,-1205000000.0,-774000000.0,-0.4046001045,-204000000.0,-517000000.0,-0.2702561422,-0.43,-0.43,1204651162,1213019000,https://www.sec.gov/Archives/edgar/data/107263/000010726320000016/0000107263-20-000016-index.htm,https://www.sec.gov/Archives/edgar/data/107263/000010726320000016/wmb2020033110q.htm,1.5880115840539073,-0.4291698844515786,0.653301158729966,0.3967953670558116,0.3320463322642775,12.666737460051529,6.2848069539321125,10.25525097198221,18.90339769580532,17045813942.3,39121813942.3,-8.242656645212767,8.910514345164664,21.65922991397713,35.66069862405858,1.3797809569613082,1.3797809569613082,20.4505038903816,-1003.1234344179488,49.71005583519696,81.84479904246862,-0.0303300271697228,0.0280420754103047,1.819329771733852,0.5036187232516973,-566.0512820512821,0.7396030245746692,1.4560810810810811,-1.380701754385965,0.0284527334184054,-0.9381044487427466,0.0,0.0,0.172264670953864,0.3926302414231258,0.1615263983272347,0.7202797202797203,0.0047046523784631,,0.0073573422214411,-0.0139952897864161,-23.425868741244777,-551000000.0,7571000000.0,-27805000000.0,36278000000.0,963000000.0,455500000.0,115000000.0,43.75326711970727,27.49787234042553,8.042553191489361,2.056989247311828,3.272980501392757,11.19047619047619,-0.0418487939129027,0.2565057916741544,2020-05-04,0.25,amc,1156697674.0,2025-04-25,2020-03-31,0.04,19.364032258064515,16046584.467741936
2019-12-31,WMB,USD,107263,2020-02-24,2020-02-24 16:18:43,2019,Q4,2107000000.0,980000000.0,1127000000.0,0.5348837209,0,0.0,0.0,148000000.0,14000000.0,503000000.0,1483000000.0,0.0,298000000.0,439000000.0,777000000.0,0.3687707641,234000000.0,0.1110583768,-194000000.0,40000000.0,0.0189843379,91000000.0,123000000.0,0.0583768391,0.1,0.1,1212334000,1213019000,https://www.sec.gov/Archives/edgar/data/107263/000010726320000005/0000107263-20-000005-index.htm,https://www.sec.gov/Archives/edgar/data/107263/000010726320000005/wmb2019123110k.htm,1.737969899384163,0.1014571891904376,0.8174314999001925,0.47759115887206,0.2383831518376949,13.497930438311554,6.932907928013237,11.02253999310421,18.63017947199369,28756562480.0,50755562480.0,58.448297723577234,13.64810748932131,29.017721977800203,49.66591101899827,2.151954088153857,2.151954088153857,24.08901873754153,65.32247423423424,51.216511079717456,87.66072967184802,0.0042772845358531,0.0201345345224308,1.6678889470927187,0.4841007819287576,28.312741312741316,0.3981854838709677,0.785234899328859,-15.015151515151516,0.0159963486706704,3.739837398373984,0.0,0.0,0.1728714161598609,0.4157416750756811,0.1955386805885144,0.938496583143508,0.0061699098243948,5.016184637988281,-0.0067449641670246,0.0032299571965021,-23.57229938284334,-2388000000.0,8405000000.0,-28096000000.0,34771000000.0,935500000.0,577000000.0,127000000.0,42.54390128144281,50.693877551020414,11.479591836734697,2.1154618473895583,1.7753623188405796,7.84,0.0092045199431265,0.3398403410281325,2020-02-19,0.25,amc,2107000000.0,2025-04-25,2019-12-31,-0.04,22.9059375,10300698.515625
2019-09-30,WMB,USD,107263,2019-10-31,2019-10-31 08:40:33,2019,Q3,1999000000.0,888000000.0,1111000000.0,0.5557778889,0,0.0,0.0,130000000.0,1000000.0,483000000.0,1371000000.0,0.0,296000000.0,435000000.0,1050000000.0,0.5252626313,628000000.0,0.3141570785,-309000000.0,319000000.0,0.1595797899,77000000.0,220000000.0,0.1100550275,0.18,0.18,1212270000,1214165000,https://www.sec.gov/Archives/edgar/data/107263/000010726319000030/0000107263-19-000030-index.htm,https://www.sec.gov/Archives/edgar/data/107263/000010726319000030/wmb2019093010q.htm,1.6489725886147475,0.1814777236094269,0.7077631220767651,0.0453694309023567,0.2037499896887657,13.906967919687858,7.273957121763304,11.235945787654565,18.6039413661973,29167216200.0,51177216200.0,33.144563863636364,14.590903551775888,33.994424475524475,530.3130218181818,2.141341766390133,2.141341766390133,25.6014088044022,48.74020590476191,59.647105128205126,930.49484,0.0075427150294857,0.0018856787573714,1.634020996989942,0.4809100926946263,20.96190476190476,0.4314079422382672,2.121621621621621,3.5454545454545454,0.0158054164936042,2.095454545454545,0.0,0.0,0.1737430046887491,0.935897435897436,0.4017008504252126,1.8459770114942529,0.0070035017508754,6.773415825357675,0.010707130983334,0.0057531380753138,-23.471875077334257,-1890000000.0,8818000000.0,-27988000000.0,35764000000.0,877000000.0,614500000.0,131500000.0,39.394697348674335,61.01351351351352,13.074324324324325,2.2845714285714287,1.4750830564784052,6.883720930232558,0.0161515307246164,0.6623936911744084,2019-10-30,0.24,amc,1922115384.0,2025-04-25,2019-09-30,0.0833333333333334,25.2096875,7828683.140625
2019-06-30,WMB,USD,107263,2019-08-01,2019-08-01 08:43:58,2019,Q2,2041000000.0,931000000.0,1110000000.0,0.5438510534,0,0.0,0.0,152000000.0,7000000.0,548000000.0,1479000000.0,0.0,296000000.0,424000000.0,1142000000.0,0.5595296423,498000000.0,0.2439980402,-76000000.0,422000000.0,0.2067613915,98000000.0,310000000.0,0.1518863302,0.26,0.26,1212045000,1214065000,https://www.sec.gov/Archives/edgar/data/107263/000010726319000024/0000107263-19-000024-index.htm,https://www.sec.gov/Archives/edgar/data/107263/000010726319000024/wmb2019063010q.htm,1.683930877153901,0.2557660812923613,0.881980454521078,0.4628541019516602,0.6649918113601393,14.092711079209105,7.390814697474104,11.425318366892318,18.62142082183417,34009982700.0,55477982700.0,27.4274054032258,16.663391817736404,31.81476398503274,60.6238550802139,2.455949068457539,2.455949068457539,27.18176516413523,48.57966961471104,51.89708391019644,98.89123475935828,0.0091149708229636,0.0164951568763955,1.6084633160023107,0.4789180588703262,18.798598949211907,0.5984066096193568,1.6824324324324325,3.299382716049383,0.0135548437076976,1.4870967741935484,0.0,0.0,0.1746543679717904,0.4752104770813845,0.2488975992160705,1.19811320754717,0.0078392944634982,8.108618895342042,0.0085569615043858,0.0080758609909862,-23.015440845843184,-1361000000.0,8958000000.0,-27400000000.0,35893000000.0,904000000.0,623500000.0,131500000.0,38.76041156295933,60.61224489795919,12.953813104189043,2.321956769055745,1.4848484848484849,6.947761194029851,0.0223859041016753,0.4191263525694178,2019-07-31,0.23,amc,1805500000.0,2025-04-25,2019-06-30,0.1304347826086956,27.78904761904762,6500125.301587301
2019-03-31,WMB,USD,107263,2019-05-02,2019-05-02 08:38:10,2019,Q1,2054000000.0,981000000.0,1073000000.0,0.5223953262,0,0.0,0.0,128000000.0,11000000.0,512000000.0,1493000000.0,0.0,296000000.0,416000000.0,995000000.0,0.4844206426,561000000.0,0.2731256086,-278000000.0,283000000.0,0.1377799416,69000000.0,194000000.0,0.0944498539,0.16,0.16,1211489000,1213592000,https://www.sec.gov/Archives/edgar/data/107263/000010726319000014/0000107263-19-000014-index.htm,https://www.sec.gov/Archives/edgar/data/107263/000010726319000014/wmb2019033110q.htm,1.6954342961430109,0.1601335216415502,0.6397086560422752,0.2880752528500052,0.0354935125287972,12.979894988728748,6.297209467027765,11.89115212767099,19.458699171020125,35460283030.0,58695283030.0,45.69624101804124,17.264013159688414,45.75520390967742,101.60539550143268,2.4614940323476326,2.4614940323476326,28.576087161635837,58.99023420100502,75.73584907096775,168.18132673352434,0.0054709095196976,0.0098419970225488,1.615854505067333,0.5063737219926039,23.35175879396985,0.3087071240105541,1.8952702702702704,3.621495327102804,0.012972259685881,2.3711340206185567,0.0,0.0,0.1761148575157711,0.5496774193548387,0.2074001947419669,1.0240384615384617,0.0068159688412852,6.545523011802478,0.0095596511914567,0.0051222474520779,-24.30129369726015,-2882000000.0,7629000000.0,-28958000000.0,34295000000.0,960500000.0,641000000.0,129500000.0,40.70593962999026,56.88073394495413,11.8348623853211,2.2109795479009686,1.582258064516129,7.604651162790698,0.0134666111342496,0.35163340319227,2019-05-01,0.24,amc,2054000000.0,2025-04-25,2019-03-31,-0.0833333333333333,26.805245901639346,8030446.196721312
2018-12-31,WMB,USD,107263,2019-02-21,2019-02-21 08:42:08,2018,Q4,2204000000.0,1149000000.0,1055000000.0,0.4786751361,0,0.0,0.0,133000000.0,-7000000.0,549000000.0,1698000000.0,0.0,294000000.0,435000000.0,33000000.0,0.0149727768,-634000000.0,-0.2876588022,-71000000.0,-705000000.0,-0.3198729583,-159000000.0,-571000000.0,-0.2590744102,-0.47,-0.47,1210564000,1210780000,https://www.sec.gov/Archives/edgar/data/107263/000010726319000007/0000107263-19-000007-index.htm,https://www.sec.gov/Archives/edgar/data/107263/000010726319000007/wmb_20181231x10k.htm,1.8206389748910423,-0.4716809685402837,0.7946709137228598,0.2973820467154153,0.1387782884671938,13.21450167029583,6.798484012410744,12.110057791244412,18.758198657815697,26692936200.0,48938936200.0,-11.686924781085816,12.111132577132487,27.747334927234927,74.147045,1.820800559345157,1.820800559345157,22.20459900181488,1482.9980666666668,50.87207505197505,135.94148944444444,-0.021391427144684,0.0134867141367535,1.5289222373806275,0.4947684428943534,674.1212121212121,0.8083931529541689,-2.1564625850340136,-1.761904761904762,0.0154347950676179,-0.7215411558669002,0.0,0.0,0.1714493841331508,0.6257796257796258,0.2731397459165154,1.3839080459770114,0.0054446460980036,,-0.0112777979226755,-0.0152124683628613,-23.40066283153968,-347000000.0,8230000000.0,-27841000000.0,34924000000.0,937500000.0,700500000.0,141500000.0,40.508166969147005,51.85378590078329,10.182767624020888,2.221774193548387,1.7356495468277946,8.838461538461539,-0.0389495225102319,0.4972888670074444,2019-02-13,0.22,amc,2784000000.0,2025-04-25,2018-12-31,-0.1363636363636363,25.00619047619048,10373958.349206349
2018-09-30,WMB,USD,107263,2018-11-01,2018-11-01 08:40:08,2018,Q3,2303000000.0,1245000000.0,1058000000.0,0.4594007816,0,0.0,0.0,174000000.0,52000000.0,557000000.0,1802000000.0,0.0,270000000.0,425000000.0,658000000.0,0.2857142857,501000000.0,0.2175423361,-111000000.0,390000000.0,0.1693443335,190000000.0,129000000.0,0.0560138949,0.13,0.13,1023587000,1026504000,https://www.sec.gov/Archives/edgar/data/107263/000010726318000030/0000107263-18-000030-index.htm,https://www.sec.gov/Archives/edgar/data/107263/000010726318000030/wmb_20180930x10q.htm,2.2499308803257563,0.1260273919070875,0.7288095687030023,-0.0244239131602882,0.0410321741092843,16.56820573141316,8.436019605563573,15.250291377284002,22.015715322683857,28312416420.0,50535416420.0,54.86902406976744,12.29371099435519,37.9523008310992,-1132.4966568,1.8137358372837924,1.8137358372837924,21.94329848892749,76.8015447112462,67.74184506702413,-2021.4166568,0.0045563048411817,-0.0008830048141825,1.4263292761050608,0.4721862871927555,33.77355623100304,0.7185802245563202,1.855555555555556,3.73,0.0145165991451604,3.186046511627907,0.0,0.0,0.176531715903548,1.0335120643431637,0.3347807207989579,1.814117647058824,0.0056448111159357,6.576015137018816,0.0056781090196931,0.0033222591362126,-28.73546655047397,-777000000.0,8635000000.0,-28210000000.0,36221000000.0,863500000.0,816000000.0,153000000.0,34.507164567954845,53.42168674698795,11.06024096385542,2.608154020385051,1.6847090663058186,8.137254901960784,0.008263933376041,0.7532334818632905,2018-10-31,0.18,amc,3720230769.0,2025-04-25,2018-09-30,0.3333333333333333,29.015714285714285,12397170.26984127
2018-06-30,WMB,USD,107263,2018-08-02,2018-08-02 08:38:06,2018,Q2,2091000000.0,1096000000.0,995000000.0,0.4758488761,0,0.0,0.0,130000000.0,26000000.0,519000000.0,1615000000.0,0.0,275000000.0,434000000.0,594000000.0,0.2840746055,410000000.0,0.1960784314,-89000000.0,321000000.0,0.1535150646,52000000.0,135000000.0,0.0645624103,0.16,0.16,827868000,830107000,https://www.sec.gov/Archives/edgar/data/107263/000010726318000024/0000107263-18-000024-index.htm,https://www.sec.gov/Archives/edgar/data/107263/000010726318000024/wmb_20180630x10q.htm,2.525764977025323,0.1630694748438156,1.0762585339691837,-0.0495248034710847,0.3321785598670319,18.65877168824015,8.504979054631898,11.288031425299684,26.079036754651707,22443501480.0,43483501480.0,41.56203977777778,10.733381865136298,25.18911501683501,-547.4024751219512,2.401658799357945,2.401658799357945,20.79555307508369,73.20454794612795,48.8030319640853,-1060.5732068292682,0.0060151041993292,-0.0018268094234999,2.2808988764044944,0.4596325527235088,35.42087542087542,0.7870275791624106,1.490909090909091,3.312267657992565,0.0125648843274877,2.088888888888889,0.0,0.0,0.1812653642127054,1.0460157126823793,0.4457197513151602,2.1474654377880182,0.0076518412242945,6.435565283814813,0.0077352099265418,0.003555625790139,-36.16820555934038,-417000000.0,7041000000.0,-29386000000.0,36942000000.0,793500000.0,834500000.0,156500000.0,36.3271162123386,73.33029197080292,12.563868613138686,2.477488151658768,1.2273236282194848,7.163398692810458,0.0144462279293739,1.1257833374402682,2018-08-01,0.18,amc,2352375000.0,2025-04-25,2018-06-30,-0.0555555555555554,26.3690625,8269650.21875
2018-03-31,WMB,USD,107263,2018-05-03,2018-05-03 08:37:23,2018,Q1,2088000000.0,1079000000.0,1009000000.0,0.4832375479,0,0.0,0.0,132000000.0,21000000.0,518000000.0,1597000000.0,0.0,273000000.0,431000000.0,1029000000.0,0.492816092,491000000.0,0.2351532567,-166000000.0,325000000.0,0.155651341,55000000.0,152000000.0,0.0727969349,0.18,0.18,827509000,830197000,https://www.sec.gov/Archives/edgar/data/107263/000010726318000013/0000107263-18-000013-index.htm,https://www.sec.gov/Archives/edgar/data/107263/000010726318000013/wmb_20180331x10q.htm,2.523235396835563,0.1836838028347727,0.8386615734692916,-0.3190297628182896,1.5613123240955689,19.217917871588103,8.772110031431682,11.4476096332487,26.770705817096857,20571873740.0,41159873740.0,33.83531865131579,9.85242995210728,29.64246936599423,-77.92376416666667,2.171632401562335,2.171632401562335,19.712583208812266,39.99987729834791,59.30817541786743,-155.90861265151514,0.0073887289957672,-0.0128330556242272,2.309722368837749,0.4650174275269914,20.007774538386784,1.1085951940850278,1.7985347985347986,2.5703703703703704,0.0136594266303327,1.848684210526316,0.0,0.0,0.1837116381875372,1.3804034582132565,0.4588122605363984,2.222737819025522,0.0067049808429118,6.878347228300543,0.0089869283814953,0.0039575088523224,-35.31049209132469,235000000.0,7259000000.0,-28750000000.0,37726000000.0,859500000.0,877000000.0,136500000.0,32.02586206896552,64.72659870250232,13.34569045412419,2.810228802153432,1.3904639175257731,6.74375,0.0160456032935712,1.1576913362875811,2018-05-02,0.21,amc,2436000000.0,2025-04-25,2018-03-31,-0.0952380952380951,29.507704918032783,7281512.622950819
2017-12-31,WMB,USD,107263,2018-02-22,2018-02-22 08:40:25,2017,Q4,2228000000.0,1108000000.0,1120000000.0,0.5026929982,0,0.0,0.0,156000000.0,-117000000.0,621000000.0,1729000000.0,0.0,265000000.0,428000000.0,223000000.0,0.1000897666,-187000000.0,-0.0839317774,-291000000.0,-478000000.0,-0.2145421903,-2100000000.0,1687000000.0,0.7571813285,2.04,2.03,826000000,829607000,https://www.sec.gov/Archives/edgar/data/107263/000010726318000006/0000107263-18-000006-index.htm,https://www.sec.gov/Archives/edgar/data/107263/000010726318000006/wmb_20171231x10k.htm,2.6973365617433416,2.042372881355932,0.8704600484261501,0.0072639225181598,1.0883777239709442,19.58232445520581,8.939467312348668,11.690072639225182,25.66585956416465,25184740000.0,45220740000.0,3.7321784232365145,11.303743267504489,35.027454798331014,4197.456666666667,2.60819594034797,2.60819594034797,20.296561938958707,202.78358744394612,62.89393602225313,7536.79,0.0669850075879282,0.0002382395053512,2.168082021541011,0.4516525716258198,89.847533632287,0.8235071806500378,-0.7056603773584905,0.4432799013563502,0.0098472328878519,0.1470065204505038,0.0,0.0,0.189657404211253,0.9916550764951322,0.3200179533213644,1.6658878504672898,0.0076301615798922,23.177542258343006,0.0143540189823967,0.0449136071989563,-34.4909200968523,-467000000.0,7384000000.0,-27998000000.0,36535000000.0,879500000.0,875500000.0,128500000.0,39.42549371633752,79.44043321299638,9.17870036101083,2.2827868852459017,1.1329243353783232,9.805309734513274,0.1747100248550124,0.8631961259079903,2018-02-14,0.2,amc,1654290000.0,2025-04-25,2017-12-31,0.0,29.081904761904763,5006948.365079365
2017-09-30,WMB,USD,107263,2017-11-02,2017-11-02 08:35:43,2017,Q3,1891000000.0,937000000.0,954000000.0,0.5044949762,0,0.0,0.0,138000000.0,20000000.0,562000000.0,1499000000.0,0.0,267000000.0,433000000.0,849000000.0,0.4489687996,277000000.0,0.1464833421,-128000000.0,149000000.0,0.0787942887,24000000.0,33000000.0,0.0174510841,0.04,0.04,826000000,829368000,https://www.sec.gov/Archives/edgar/data/107263/000010726317000022/0000107263-17-000022-index.htm,https://www.sec.gov/Archives/edgar/data/107263/000010726317000022/wmb_20170930x10q.htm,2.2893462469733654,0.0399515738498789,0.6888619854721549,-0.1065375302663438,1.4188861985472154,18.016949152542377,7.274818401937046,9.817191283292978,25.83050847457627,24788260000.0,44685260000.0,187.7898484848485,13.108545742993126,43.56460456942004,-281.6847727272728,3.056882476260945,3.056882476260945,23.630491803278687,52.63281507656066,78.53297012302285,-507.7870454545455,0.0013312753698726,-0.0035500676529937,2.598224195338513,0.4568300086730268,23.43580683156655,0.9740866610025488,1.0374531835205991,4.552,0.0100047361129825,7.515151515151516,0.0,0.0,0.1923894189071986,1.1546572934973638,0.3474352194606028,1.5173210161662818,0.0089899524061343,2.970652362266496,0.0052494476898791,0.0008859773941525,-35.60139225181598,-61000000.0,6009000000.0,-28945000000.0,36521000000.0,738000000.0,753500000.0,147000000.0,37.26599682707562,74.24759871931697,13.83137673425827,2.4150702426564497,1.2121604139715394,6.506944444444445,0.0040695523492415,0.7953995157384988,2017-11-01,0.19,amc,8509500000.0,2025-04-25,2017-09-30,-0.2105263157894737,30.42730158730159,4376878.761904762
2017-06-30,WMB,USD,107263,2017-08-03,2017-08-03 07:40:08,2017,Q2,1924000000.0,970000000.0,954000000.0,0.4958419958,0,0.0,0.0,153000000.0,21000000.0,546000000.0,1516000000.0,0.0,271000000.0,433000000.0,554000000.0,0.2879417879,381000000.0,0.198024948,-120000000.0,258000000.0,0.1340956341,65000000.0,81000000.0,0.0420997921,0.0981,0.0981,826000000,828575000,https://www.sec.gov/Archives/edgar/data/107263/000010726317000015/0000107263-17-000015-index.htm,https://www.sec.gov/Archives/edgar/data/107263/000010726317000015/wmb_20170630x10q.htm,2.3292978208232444,0.0980629539951573,0.801452784503632,0.1271186440677966,2.3220338983050848,18.378934624697337,6.900726392251816,10.055690072639225,28.50726392251816,25011280000.0,46369280000.0,77.19530864197532,12.99962577962578,37.78138972809668,238.20266666666663,3.011230435829521,3.011230435829521,24.10045738045738,83.69906137184115,70.04422960725076,441.6121904761905,0.0032385387713063,0.0041981058146564,2.802311581988924,0.4772606110313717,38.55234657039711,0.9932432432432432,1.4059040590405905,3.430051813471503,0.009915526114617,3.061728395061728,0.0,0.0,0.1944022964937461,0.8413897280966768,0.2895010395010395,1.2863741339491916,0.0119542619542619,4.710312106656264,0.0060997673174312,0.0020616457532642,-37.622578692493946,-27000000.0,5700000000.0,-29620000000.0,37496000000.0,780000000.0,707000000.0,149000000.0,32.41683991683992,68.10309278350515,13.917525773195877,2.7763347763347763,1.3215258855585832,6.466666666666667,0.0097519865157717,0.6743341404358354,2017-08-02,0.21,amc,4040399999.0,2025-04-25,2017-06-30,-0.5238095238095237,29.78952380952381,6270226.349206349
2017-03-31,WMB,USD,107263,2017-05-04,2017-05-04 08:40:15,2017,Q1,1988000000.0,1389000000.0,599000000.0,0.3013078471,0,0.0,0.0,161000000.0,74000000.0,166000000.0,1555000000.0,0.0,280000000.0,442000000.0,1328000000.0,0.6680080483,433000000.0,0.217806841,176000000.0,606000000.0,0.3048289738,37000000.0,373000000.0,0.1876257545,0.45,0.45,824548000,826476000,https://www.sec.gov/Archives/edgar/data/107263/000010726317000006/0000107263-17-000006-index.htm,https://www.sec.gov/Archives/edgar/data/107263/000010726317000006/wmb_20170331x10q.htm,2.411017915269942,0.4523690555310303,0.7349481170289661,0.1127890674648413,0.7749700441939099,18.68781441468538,7.081455536851705,10.240762211538929,26.80862727215396,24398375320.0,45584375320.0,16.352798471849866,12.272824607645877,40.26134541254126,262.34812172043013,2.8894333633349123,2.8894333633349123,22.92976625754527,34.3255838253012,75.22174145214521,490.15457333333336,0.0152879031946951,0.0038117292147631,2.584675509237328,0.4593576359656507,15.953313253012048,1.39119804400978,1.5464285714285717,1.0650263620386644,0.0101646112393683,0.6648793565683646,0.0,0.0,0.2014227984509176,0.8465346534653465,0.2580482897384306,1.160633484162896,0.0105633802816901,10.209485217919362,0.0089419294492846,0.0098307943703547,-37.280728350562974,800000000.0,5839000000.0,-29258000000.0,38132000000.0,902500000.0,651500000.0,143000000.0,39.25050301810865,44.06047516198704,9.58963282937365,2.292964244521338,2.0426470588235293,9.385135135135137,0.0441733775461866,0.6221590495641248,2017-05-03,0.42,amc,1581525000.0,2025-04-25,2017-03-31,-0.6666666666666666,28.910967741935483,9814577.048387095
2016-12-31,WMB,USD,107263,2017-02-22,2017-02-22 09:11:36,2016,Q4,2198000000.0,982000000.0,1216000000.0,0.5532302093,0,0.0,0.0,167000000.0,22000000.0,580000000.0,1562000000.0,0.0,293000000.0,437000000.0,816000000.0,0.3712465878,581000000.0,0.2643312102,-495000000.0,86000000.0,0.0391264786,49000000.0,-15000000.0,-0.0068243858,-0.02,-0.02,750000000,750954000,https://www.sec.gov/Archives/edgar/data/107263/000010726317000003/0000107263-17-000003-index.htm,https://www.sec.gov/Archives/edgar/data/107263/000010726317000003/wmb_20161231x10k.htm,2.9306666666666668,-0.02,2.1093333333333333,1.4773333333333334,0.2266666666666666,18.728,5.844,6.190666666666667,31.726666666666667,23355000000.0,46687000000.0,-389.25,10.625568698817109,14.762958280657395,21.07851985559567,5.030152918371742,5.030152918371742,21.240673339399457,57.21446078431372,29.51137800252845,42.13628158844765,-0.0006422607578676,0.0474416613144936,5.061813482662072,0.5018042062560051,28.59313725490196,0.4957612750084774,1.9829351535836173,42.75675675675676,0.0064226075786769,-10.0,0.0,0.0,0.2063200597843493,0.2996207332490518,0.2156505914467698,1.0846681922196797,0.008189262966333,,0.005584065684011,-0.0004035295383622,-42.462,-1487000000.0,4383000000.0,-31327000000.0,36604000000.0,896000000.0,621000000.0,129000000.0,38.40764331210191,57.097759674134416,12.647657841140528,2.343283582089552,1.5762439807383628,7.115942028985507,-0.0032306698255438,0.632,2017-02-15,0.14,amc,19781999999.0,2025-04-25,2016-12-31,0.2142857142857142,30.13523809523809,6778135.603174604
2016-09-30,WMB,USD,107263,2016-10-31,2016-10-31 17:19:30,2016,Q3,1905000000.0,1290000000.0,615000000.0,0.3228346457,0,0.0,0.0,177000000.0,20000000.0,269000000.0,1559000000.0,0.0,297000000.0,435000000.0,932000000.0,0.4892388451,345000000.0,0.1811023622,-145000000.0,200000000.0,0.1049868766,69000000.0,61000000.0,0.0320209974,0.08,0.08,750754000,751858000,https://www.sec.gov/Archives/edgar/data/107263/000010726316000036/0000107263-16-000036-index.htm,https://www.sec.gov/Archives/edgar/data/107263/000010726316000036/wmb_20160930x10q.htm,2.5374490179206504,0.0812516483428659,0.8231724373096914,0.1465193658641845,0.1025635561049291,18.94628600047419,5.956678219496666,6.473491982726698,33.32116778598582,23070670420.0,47712670420.0,94.55192795081967,12.110588146981629,37.33118190938511,209.73336745454543,4.747051526748972,4.747051526748972,25.04602121784777,51.193852381974246,77.20496831715211,433.7515492727273,0.0026440497345547,0.0047679585377215,5.086213991769547,0.5227330400947386,26.43991416309013,0.6600405679513185,1.1616161616161615,4.717557251908397,0.0065017616423476,2.459016393442623,0.0,0.0,0.2062256809338521,0.8220064724919094,0.2666666666666666,1.167816091954023,0.011023622047244,3.440144272838657,0.0049545055908791,0.0016251065643648,-43.00543187249085,-838000000.0,4472000000.0,-31437000000.0,37177000000.0,427000000.0,653500000.0,121000000.0,40.346456692913385,43.18604651162791,8.372093023255813,2.230679156908665,2.0840064620355414,10.75,0.0125514403292181,0.6766530714455068,2016-10-31,0.16,bmo,4048125000.0,2025-04-25,2016-09-30,0.25,26.535625,10861783.046875
2016-06-30,WMB,USD,107263,2016-08-02,2016-08-02 08:38:23,2016,Q2,1736000000.0,847000000.0,889000000.0,0.5120967742,0,0.0,0.0,158000000.0,17000000.0,575000000.0,1422000000.0,0.0,298000000.0,446000000.0,-104000000.0,-0.0599078341,-488000000.0,-0.2811059908,-162000000.0,-650000000.0,-0.3744239631,-145000000.0,-405000000.0,-0.2332949309,-0.54,-0.54,750000000,750649000,https://www.sec.gov/Archives/edgar/data/107263/000010726316000029/0000107263-16-000029-index.htm,https://www.sec.gov/Archives/edgar/data/107263/000010726316000029/wmb_20160630x10q.htm,2.3146666666666667,-0.54,0.9133333333333332,0.172,0.18,19.229333333333333,6.110666666666667,6.44,34.232,16222500000.0,41463500000.0,-10.013888888888888,9.34475806451613,23.682481751824817,125.75581395348836,3.3586956521739126,3.3586956521739126,23.88450460829493,-398.6875,60.53065693430657,321.42248062015506,-0.0249653259361997,0.0079519186315302,5.253830227743271,0.5273044634693708,-242.70192307692307,0.856468023255814,-1.6375838926174495,-1.3564356435643563,0.0296501772229927,-1.1876543209876542,0.0,0.0,0.2044510015792535,0.8116788321167884,0.3202764976958525,1.2466367713004485,0.0074884792626728,,-0.0081791962190633,-0.0105785555700666,-44.67466666666667,-395000000.0,4583000000.0,-31345000000.0,37693000000.0,0.0,713500000.0,132000000.0,0.0,73.10507674144037,12.963400236127509,0.0,1.2311046511627908,6.942622950819672,-0.0838509316770186,0.7413333333333333,2016-08-01,0.19,amc,642962962.0,2025-04-25,2016-06-30,0.0,20.0784375,11823874.71875
2016-03-31,WMB,USD,107263,2016-05-05,2016-05-05 09:13:04,2016,Q1,1660000000.0,763000000.0,897000000.0,0.5403614458,0,0.0,0.0,221000000.0,15000000.0,635000000.0,1398000000.0,0.0,291000000.0,445000000.0,725000000.0,0.436746988,262000000.0,0.1578313253,-273000000.0,-11000000.0,-0.006626506,2000000.0,-65000000.0,-0.0391566265,-0.0867,-0.0866,750000000,750322000,https://www.sec.gov/Archives/edgar/data/107263/000010726316000024/0000107263-16-000024-index.htm,https://www.sec.gov/Archives/edgar/data/107263/000010726316000024/wmb_20160331x10q.htm,2.213333333333334,-0.0866666666666666,1.0386666666666666,0.3546666666666667,0.2186666666666666,20.832,7.594666666666667,7.588,33.470666666666666,12052500000.0,36700500000.0,-46.35576923076923,7.260542168674699,15.471758664955072,45.31015037593985,2.117817606747496,2.117817606747496,22.108734939759035,50.62137931034483,47.11232349165597,137.9718045112782,-0.0053930719767683,0.0220701099356979,4.359866455807415,0.5083697010674698,33.997241379310346,0.4521333811401936,0.9003436426116839,-59.92307692307692,0.0398257622899813,-7.384615384615385,0.0,0.0,0.2034134447927551,0.6585365853658537,0.3090361445783132,1.152808988764045,0.0126506024096385,,0.0065699752516786,-0.0016718536999408,-43.93066666666667,-1528000000.0,5696000000.0,-31922000000.0,38223000000.0,0.0,741500000.0,134500000.0,0.0,87.16906946264744,16.749672346002622,0.0,1.0324763193504736,5.373239436619718,-0.0114215427868564,0.684,2016-05-04,0.1,amc,6271111111.0,2025-04-25,2016-03-31,-0.7000000000000001,17.195409836065576,16407313.967213117
2015-12-31,WMB,USD,107263,2016-02-26,2016-02-26 17:32:15,2015,Q4,2006000000.0,836000000.0,1170000000.0,0.5832502493,0,0.0,0.0,194000000.0,32000000.0,821000000.0,1657000000.0,0.0,268000000.0,451000000.0,-1065000000.0,-0.5309072782,-749000000.0,-0.3733798604,-1035000000.0,-1745000000.0,-0.869890329,-438000000.0,-701000000.0,-0.3494516451,-0.94,-0.93,749000000,749902000,https://www.sec.gov/Archives/edgar/data/107263/000010726316000021/0000107263-16-000021-index.htm,https://www.sec.gov/Archives/edgar/data/107263/000010726316000021/wmb_20151231x10k.htm,2.678237650200267,-0.9359145527369828,0.7903871829105474,-0.2002670226969292,0.1335113484646194,21.662216288384517,8.288384512683578,8.208277703604807,33.05073431241656,19249300000.0,43636300000.0,-6.864942938659058,9.595862412761717,32.51570945945946,-128.32866666666666,3.1309856864020817,3.1309856864020817,21.75289132602193,-40.97305164319249,73.70996621621622,-290.90866666666665,-0.0364169086668086,-0.0077924911555225,3.98292127521145,0.4995308037535699,-22.898591549295773,0.6115338406087305,-2.794776119402985,-0.4427823485415108,0.0249359716976721,-0.6847360912981455,0.0,0.0,0.2043451652386781,1.2533783783783785,0.3698903290129611,1.6452328159645233,0.0084745762711864,,-0.0118860725850289,-0.0179729764377099,-43.56675567423231,-970000000.0,6208000000.0,-31268000000.0,38626000000.0,0.0,735000000.0,141500000.0,0.0,80.09569377990431,13.672248803827753,0.0,1.1236559139784943,6.582677165354331,-0.1140208197787898,0.9906542056074766,2016-02-17,0.22,amc,44132000000.0,2025-04-25,2015-12-31,-0.9545454545454544,34.9403125,10232005.34375
2015-09-30,WMB,USD,107263,2015-10-29,2015-10-29 16:13:20,2015,Q3,1799000000.0,858000000.0,941000000.0,0.5230683713,0,0.0,0.0,177000000.0,20000000.0,585000000.0,1443000000.0,0.0,263000000.0,432000000.0,457000000.0,0.2540300167,356000000.0,0.1978877154,-594000000.0,-238000000.0,-0.1322957198,-65000000.0,-40000000.0,-0.0222345748,-0.0534,-0.0533,749000000,749824000,https://www.sec.gov/Archives/edgar/data/107263/000010726315000018/0000107263-15-000018-index.htm,https://www.sec.gov/Archives/edgar/data/107263/000010726315000018/wmb_20150930x10q.htm,2.4018691588785046,-0.0534045393858478,0.8050734312416555,-0.2242990654205607,0.1668891855807743,24.37917222963952,9.428571428571429,9.862483311081442,32.00934579439252,27600650000.0,51187650000.0,-172.5040625,15.342217898832684,45.77222222222223,-164.28958333333333,3.7363814809801,3.7363814809801,28.45339077265147,112.00798687089716,84.88830845771145,-304.68839285714284,-0.0014492412316376,-0.0060868131728781,3.2099634493028293,0.466597138865385,51.61269146608315,0.3276308968377397,1.3536121673003805,-3.485549132947977,0.0173908947796519,-12.0,0.0,0.0,0.2203506562506149,1.2786069651741294,0.4285714285714285,1.7847222222222223,0.0105614230127848,,0.0052953488835986,-0.0010095656343858,-43.19893190921229,-2594000000.0,7062000000.0,-31295000000.0,38080000000.0,0.0,724500000.0,162000000.0,0.0,76.15384615384615,16.363636363636363,0.0,1.181818181818182,5.5,-0.0054149180993637,1.0293724966622162,2015-10-28,0.14,amc,1799000000.0,2025-04-25,2015-09-30,0.5714285714285713,49.796875,8679943.8125
2015-06-30,WMB,USD,107263,2015-07-30,2015-07-30 08:35:49,2015,Q2,1839000000.0,922000000.0,917000000.0,0.4986405655,0,0.0,0.0,174000000.0,34000000.0,651000000.0,1573000000.0,0.0,262000000.0,428000000.0,956000000.0,0.5198477433,392000000.0,0.2131593257,-126000000.0,266000000.0,0.1446438282,83000000.0,114000000.0,0.0619902121,0.15,0.15,749000000,752775000,https://www.sec.gov/Archives/edgar/data/107263/000010726315000014/0000107263-15-000014-index.htm,https://www.sec.gov/Archives/edgar/data/107263/000010726315000014/wmb_20150630x10q.htm,2.4552736982643526,0.1522029372496662,1.0867823765020026,-0.0106809078771695,0.2723631508678237,25.5954606141522,10.504672897196262,10.584779706275034,31.599465954606146,42985110000.0,66187110000.0,94.26559210526317,23.374176182707995,52.80726044226044,-5373.13875,5.421936175580222,5.421936175580222,35.99081566068516,69.23337866108787,81.31094594594595,-8273.38875,0.0026520811508915,-0.0001861109579573,2.9523208879919274,0.4574790375857553,24.269874476987447,0.3784501061571125,1.4961832061068705,4.448087431693989,0.0102826304271409,3.877192982456141,0.0,0.0,0.220921368958036,1.00982800982801,0.4469820554649266,1.9205607476635511,0.0125067971723762,6.020654252845257,0.0054464054149429,0.0028600100351229,-42.32843791722296,-2342000000.0,7868000000.0,-30566000000.0,38050000000.0,0.0,725500000.0,184000000.0,0.0,70.57483731019524,16.399132321041215,0.0,1.2752420470262793,5.488095238095238,0.0143794147325933,1.0974632843791725,2015-07-29,0.23,amc,2819800000.0,2025-04-25,2015-06-30,-0.3478260869565218,51.523492063492064,9903152.777777778
2015-03-31,WMB,USD,107263,2015-04-30,2015-04-30 08:35:29,2015,Q1,1716000000.0,889000000.0,827000000.0,0.4819347319,0,0.0,0.0,196000000.0,16000000.0,600000000.0,1489000000.0,0.0,251000000.0,427000000.0,721000000.0,0.4201631702,227000000.0,0.1322843823,-184000000.0,43000000.0,0.0250582751,30000000.0,70000000.0,0.0407925408,0.0936,0.09,748000000,752028000,https://www.sec.gov/Archives/edgar/data/107263/000010726315000006/0000107263-15-000006-index.htm,https://www.sec.gov/Archives/edgar/data/107263/000010726315000006/wmb_20150331x10q.htm,2.294117647058824,0.0935828877005347,0.8943850267379679,-0.2179144385026738,0.4558823529411764,26.177807486631018,11.022727272727272,10.97860962566845,30.40374331550802,37841320000.0,59991320000.0,135.14757142857144,22.05205128205128,56.56400597907325,-232.1553374233129,4.608051631758403,4.608051631758403,34.95997668997669,83.20571428571428,89.67312406576981,-368.04490797546015,0.0018498297628095,-0.0043074607333993,2.7387968826108136,0.4457458826327368,30.72122052704577,0.696137339055794,0.904382470119522,51.46153846153846,0.0114689445294191,6.2,0.0,0.0,0.2246665477535327,1.2436472346786247,0.4848484848484848,1.94847775175644,0.0134032634032634,4.807985525498819,0.0014026305382755,0.0017893203138979,-40.68850267379679,-708000000.0,8245000000.0,-29254000000.0,39164000000.0,0.0,796500000.0,215500000.0,0.0,73.7007874015748,20.247469066366705,0.0,1.2211538461538465,4.445,0.0085241110569897,1.1122994652406415,2015-04-29,0.15,amc,1501500000.0,2025-04-25,2015-03-31,0.0666666666666667,46.35918032786885,7423768.852459016
2014-12-31,WMB,USD,107263,2015-02-25,2015-02-25 10:42:20,2014,Q4,2141000000.0,1095000000.0,1046000000.0,0.4885567492,0,0.0,0.0,204000000.0,16000000.0,586000000.0,1681000000.0,0.0,234000000.0,379000000.0,1037000000.0,0.484353106,531000000.0,0.2480149463,-107000000.0,424000000.0,0.1980382999,116000000.0,193000000.0,0.0901447922,0.26,0.26,747000000,751898000,https://www.sec.gov/Archives/edgar/data/107263/000010726315000003/0000107263-15-000003-index.htm,https://www.sec.gov/Archives/edgar/data/107263/000010726315000003/wmb_20141231x10k.htm,2.8661311914323964,0.2583668005354752,1.3534136546184738,-0.1030789825970548,0.321285140562249,27.004016064257023,11.511378848728246,11.74966532797858,29.349397590361445,33570180000.0,55020180000.0,43.48468911917098,15.679673049976646,33.20492581602374,-435.97636363636366,3.824789791500512,3.824789791500512,25.69835590845399,53.05706846673096,54.42154302670623,-714.5477922077922,0.0057491499896634,-0.0022937023274823,2.471231628118947,0.428969800051421,20.684667309546768,0.7362680171406311,2.269230769230769,3.2824675324675323,0.012689833655941,2.2072538860103625,0.0,0.0,0.2288827798983446,1.076162215628091,0.5081737505838393,2.870712401055409,0.0079402148528724,8.264609933834125,0.0079045537746288,0.004949987176199,-40.208165997322624,-677000000.0,8599000000.0,-28501000000.0,38977000000.0,0.0,941000000.0,257500000.0,0.0,71.0958904109589,18.986301369863018,0.0,1.2658959537572254,4.740259740259741,0.02198929019027,1.456492637215529,2015-02-18,0.22,amc,3077687500.0,2025-04-25,2014-12-31,-0.3181818181818182,51.128125,8524405.375
2014-09-30,WMB,USD,107263,2014-10-30,2014-10-30 08:47:09,2014,Q3,2069000000.0,1176000000.0,893000000.0,0.4316094732,0,0.0,0.0,171000000.0,10000000.0,586000000.0,1762000000.0,0.0,210000000.0,369000000.0,3285000000.0,1.5877235379,307000000.0,0.1483808603,2399000000.0,2706000000.0,1.307878202,998000000.0,1678000000.0,0.8110198163,2.25,2.22,747000000,752064000,https://www.sec.gov/Archives/edgar/data/107263/000010726314000018/0000107263-14-000018-index.htm,https://www.sec.gov/Archives/edgar/data/107263/000010726314000018/wmb_20140930x10q.htm,2.769745649263722,2.246318607764391,0.4618473895582329,-1.0160642570281124,0.4042838018741633,27.685408299866133,10.558232931726907,12.220883534136544,28.314591700133867,41346450000.0,61985450000.0,6.160078963051252,19.98378443692605,119.84478260869564,-54.474901185770754,4.529132435096944,4.529132435096944,29.959134847752537,18.86923896499239,179.66797101449276,-81.66725955204215,0.0405838953525635,-0.0183570778144193,2.293898565012597,0.4204429096311763,6.282800608828006,0.6475605595359946,1.4619047619047618,0.2019906323185011,0.0101338809015042,0.2497020262216925,0.0,0.0,0.2568715240829602,3.2,0.5335911068148864,2.991869918699187,0.0062832286128564,24.8529667632695,0.0040458359769658,0.0453354226893253,-38.396251673360105,-1033000000.0,7887000000.0,-27228000000.0,39159000000.0,0.0,1003500000.0,280000000.0,0.0,77.83163265306123,21.73469387755102,0.0,1.1563421828908556,4.140845070422535,0.1838098367838755,1.477911646586345,2014-10-29,0.22,amc,2620733333.0,2025-04-25,2014-09-30,-0.3181818181818182,57.45296875,4927933.53125
2014-06-30,WMB,USD,107263,2014-07-31,2014-07-31 08:40:48,2014,Q2,1678000000.0,1246000000.0,432000000.0,0.2574493445,0,0.0,0.0,136000000.0,4000000.0,163000000.0,1409000000.0,0.0,163000000.0,214000000.0,584000000.0,0.3480333731,311000000.0,0.1853396901,-104000000.0,207000000.0,0.1233611442,84000000.0,103000000.0,0.0613825983,0.15,0.15,696553000,700696000,https://www.sec.gov/Archives/edgar/data/107263/000010726314000015/0000107263-14-000015-index.htm,https://www.sec.gov/Archives/edgar/data/107263/000010726314000015/wmb_20140630x10q.htm,2.4090054884552936,0.1478710162758612,0.4493556125664522,-1.0523248051476342,1.234651203856706,17.115711223697264,13.868291429367185,11.288444669680556,23.62060029890044,40546350130.0,55976350130.0,98.4134711893204,24.16349828963051,129.54105472843452,-55.31562091405184,5.156600550680403,5.156600550680403,33.35896908820024,95.8499146061644,178.83817932907348,-76.36609840381992,0.0025403026331534,-0.0180780760204025,2.0717283479587945,0.4661077570173682,26.421232876712327,0.8843906510851419,1.9079754601227,2.4645669291338583,0.0071769715169674,2.825242718446602,0.0,0.0,0.0647228819136456,3.34185303514377,0.6233611442193087,4.88785046728972,0.0071513706793802,6.1284386407378335,0.0055487959839441,0.0031510998256187,-31.62573415088299,-277000000.0,9660000000.0,-20908000000.0,21427000000.0,0.0,1042000000.0,249000000.0,0.0,71.50882825040128,19.935794542536115,0.0,1.2585858585858587,4.5144927536231885,0.0130993259570138,1.5016804177140863,2014-07-30,0.23,amc,1678000000.0,2025-04-25,2014-06-30,0.0,46.34984126984127,5967171.888888889
2014-03-31,WMB,USD,107263,2014-05-01,2014-05-01 08:13:22,2014,Q1,1749000000.0,983000000.0,766000000.0,0.4379645512,0,0.0,0.0,150000000.0,1000000.0,465000000.0,1448000000.0,0.0,140000000.0,214000000.0,601000000.0,0.3436249285,420000000.0,0.2401372213,-173000000.0,247000000.0,0.1412235563,51000000.0,140000000.0,0.0800457404,0.2,0.2,685000000,688904000,https://www.sec.gov/Archives/edgar/data/107263/000010726314000006/0000107263-14-000006-index.htm,https://www.sec.gov/Archives/edgar/data/107263/000010726314000006/wmb_20140331x10q.htm,2.5532846715328468,0.2043795620437956,0.6510948905109489,-0.5065693430656935,1.5532846715328468,12.725547445255474,9.4,6.738686131386861,18.96350364963504,27797300000.0,39583300000.0,49.638035714285714,15.893253287592913,62.32578475336322,-80.10749279538905,6.02194540727903,6.02194540727903,22.63196112064037,65.86239600665557,88.7517937219731,-114.0729106628242,0.0050364603756479,-0.0124832267882132,2.783795493934142,0.4539673567441531,19.610648918469217,0.854452726559435,3.0,2.2755102040816326,0.0099290218834203,1.9714285714285715,0.0,0.0,0.080477637250053,1.7780269058295963,0.4534019439679817,3.705607476635514,0.0062893081761006,5.56669728891176,0.012572783771945,0.0053788228062086,-26.88175182481752,-371000000.0,6439000000.0,-17411000000.0,20618000000.0,0.0,1027000000.0,208000000.0,0.0,100.16276703967446,20.325534079348937,0.0,0.8985374771480804,4.427927927927928,0.0303292894280762,1.1576642335766425,2014-04-30,0.27,amc,1561607142.0,2025-04-25,2014-03-31,0.037037037037037,40.510327868852464,7136710.852459016
2013-12-31,WMB,USD,107263,2014-02-26,2014-02-26 16:38:16,2013,Q4,1660000000.0,935000000.0,725000000.0,0.436746988,0,0.0,0.0,127000000.0,-1000000.0,462000000.0,1397000000.0,0.0,131000000.0,209000000.0,531000000.0,0.3198795181,263000000.0,0.1584337349,-72000000.0,191000000.0,0.115060241,141000000.0,-14000000.0,-0.0084337349,-0.0205,-0.0205,683000000,683552000,https://www.sec.gov/Archives/edgar/data/107263/000010726314000003/0000107263-14-000003-index.htm,https://www.sec.gov/Archives/edgar/data/107263/000010726314000003/wmb_20131231x10k.htm,2.430453879941435,-0.0204978038067349,0.7540263543191801,-0.7540263543191801,0.9970717423133236,13.061493411420203,9.708638360175696,7.121522693997072,17.144948755490482,26343310000.0,37241310000.0,-470.41625,15.869463855421689,51.15205825242719,-51.15205825242718,5.4159765625,5.4159765625,22.43452409638554,70.13429378531073,72.31322330097088,-72.31322330097088,-0.000531444226257,-0.0195495554658848,2.3805509868421053,0.4266082086802741,20.523540489642183,0.848714069591528,2.007633587786259,10.510204081632653,0.0098696784876312,-18.571428571428573,0.0,0.0,0.0843710854026969,2.0,0.6204819277108434,4.92822966507177,0.0054216867469879,,0.0027121594461007,-0.0005633349428617,-25.538799414348464,-300000000.0,6631000000.0,-16538000000.0,20200000000.0,295000000.0,987000000.0,212000000.0,0.0,92.40641711229948,18.67379679144385,0.0,0.9739583333333334,4.819587628865979,-0.0028782894736842,1.5080527086383602,2014-02-19,0.21,amc,1660000000.0,2025-04-25,2013-12-31,0.0476190476190476,35.96765625,6216883.140625
2013-09-30,WMB,USD,107263,2013-10-31,2013-10-31 08:12:50,2013,Q3,1623000000.0,1186000000.0,437000000.0,0.269254467,0,0.0,0.0,130000000.0,1000000.0,101000000.0,1287000000.0,0.0,124000000.0,207000000.0,591000000.0,0.3641404806,336000000.0,0.2070240296,-76000000.0,260000000.0,0.1601971657,62000000.0,197000000.0,0.1213801602,0.29,0.29,683274000,687306000,https://www.sec.gov/Archives/edgar/data/107263/000010726313000006/0000107263-13-000006-index.htm,https://www.sec.gov/Archives/edgar/data/107263/000010726313000006/wmb_20130930x10q.htm,2.3753281992290063,0.288317717343262,0.7888489829848641,-0.6922552299663093,1.0713125334785167,13.09284415915138,9.719380512063974,7.241604392966804,15.886745288127456,24843842640.0,34842842640.0,31.52771908629441,15.307358373382623,46.09247243042672,-52.52398021141649,5.020986790622474,5.020986790622474,21.46817168207024,58.955740507614216,64.64349283858998,-73.66351509513743,0.0079295301799577,-0.0190389227163451,2.168755052546484,0.4056322056322056,16.918781725888326,0.8542665388302972,2.7096774193548385,2.736040609137056,0.0100628555583219,1.269035532994924,0.0,0.0,0.0871290871290871,1.8775510204081631,0.6235366605052373,4.888888888888889,0.0049291435613062,6.854003508233006,0.0103422223465875,0.0081573498964803,-23.73791480430984,-304000000.0,6641000000.0,-15727000000.0,19468000000.0,644000000.0,991500000.0,202000000.0,32.71719038817006,76.94772344013491,17.45362563237774,2.7508474576271187,1.1696252465483234,5.156521739130435,0.0398140662894098,1.4811042129511731,2013-10-30,0.14,amc,1366736842.0,2025-04-25,2013-09-30,0.357142857142857,35.0434375,5780632.34375
2013-06-30,WMB,USD,107263,2013-07-31,2013-07-31 16:18:21,2013,Q2,1767000000.0,999000000.0,768000000.0,0.4346349745,0,0.0,0.0,123000000.0,2000000.0,418000000.0,1417000000.0,0.0,127000000.0,189000000.0,627000000.0,0.3548387097,350000000.0,0.1980758347,-48000000.0,302000000.0,0.1709111488,102000000.0,142000000.0,0.0803621958,0.21,0.21,683000000,686924000,https://www.sec.gov/Archives/edgar/data/107263/000119312513312591/0001193125-13-312591-index.htm,https://www.sec.gov/Archives/edgar/data/107263/000119312513312591/d576171d10q.htm,2.587115666178624,0.2079062957540263,0.9780380673499268,-0.2181551976573938,1.2064421669106882,11.6705710102489,8.273792093704246,6.872620790629576,16.39385065885798,22211160000.000004,32457160000.000004,39.10415492957747,12.569983022071307,33.25023952095809,-149.0681879194631,4.731819343843204,4.731819343843204,18.368511601584608,51.76580542264753,48.5885628742515,-217.83328859060404,0.0063931825262615,-0.0067083394113589,2.358329782701321,0.431461199672604,16.341307814992025,0.8207507380851962,2.755905511811024,3.4791666666666665,0.0108504013297819,1.6971830985915493,0.0,0.0,0.090423666056047,1.223053892215569,0.4623655913978494,4.322751322751323,0.0062252405206564,5.670041925840833,0.0096590440250947,0.0060847581094399,-23.794289897510986,-425000000.0,5651000000.0,-15740000000.0,18494000000.0,729000000.0,952000000.0,182000000.0,35.55178268251274,87.29729729729729,15.675675675675675,2.531518624641834,1.0309597523219811,5.741379310344827,0.0302513847464848,1.1961932650073206,2013-07-31,0.15,amc,1395000000.0,2025-04-25,2013-06-30,0.2666666666666667,35.9975,7494725.78125
2013-03-31,WMB,USD,107263,2013-05-08,2013-05-08 06:18:35,2013,Q1,1810000000.0,1000000000.0,810000000.0,0.4475138122,0,0.0,0.0,132000000.0,-2000000.0,384000000.0,1384000000.0,0.0,128000000.0,210000000.0,656000000.0,0.3624309392,426000000.0,0.235359116,-99000000.0,327000000.0,0.1806629834,96000000.0,161000000.0,0.0889502762,0.24,0.23,682000000,687143000,https://www.sec.gov/Archives/edgar/data/107263/000119312513205852/0001193125-13-205852-index.htm,https://www.sec.gov/Archives/edgar/data/107263/000119312513205852/d529375d10q.htm,2.653958944281525,0.2360703812316715,0.7258064516129032,-0.3196480938416422,1.029325513196481,11.539589442815249,8.1158357771261,7.030791788856305,15.74633431085044,25875080000.0,35784080000.0,40.17869565217391,14.295624309392265,52.272888888888886,-118.69302752293578,5.396262773722627,5.396262773722627,19.770209944751382,54.54890243902439,72.2910707070707,-164.14715596330277,0.0062222029844931,-0.0084250947243448,2.212930135557873,0.4275870406189555,15.105182926829269,1.1948717948717948,3.328125,2.152173913043478,0.008927508629925,1.434782608695652,0.0,0.0,0.094092520954223,1.4404040404040404,0.3939226519337017,3.395238095238095,0.0049723756906077,6.111025953471792,0.0129395786136007,0.0071616031315332,-22.843108504398828,304000000.0,5535000000.0,-15082000000.0,18634000000.0,670500000.0,927500000.0,182500000.0,37.79005524861879,84.14999999999999,17.099999999999998,2.381578947368421,1.0695187165775402,5.2631578947368425,0.0335766423357664,1.0454545454545454,2013-05-07,0.24,amc,1974545454.0,2025-04-25,2013-03-31,-0.0833333333333333,34.89383333333333,6944090.566666666
2012-12-31,WMB,USD,107263,2013-02-27,2013-02-27 16:19:41,2012,Q4,1900000000.0,1110000000.0,790000000.0,0.4157894737,0,0.0,0.0,156000000.0,-1000000.0,410000000.0,1520000000.0,0.0,121000000.0,184000000.0,588000000.0,0.3094736842,380000000.0,0.2,-97000000.0,283000000.0,0.1489473684,79000000.0,149000000.0,0.0784210526,0.22,0.22,678819483,681000000,https://www.sec.gov/Archives/edgar/data/107263/000119312513080025/0001193125-13-080025-index.htm,https://www.sec.gov/Archives/edgar/data/107263/000119312513080025/d476830d10k.htm,2.79897682312103,0.2194987087605439,0.8043375502232012,-0.487611225501611,1.2359692392623916,10.941053087010468,7.47474126342953,7.000388349195334,15.993942825592116,22224549873.42,32121549873.42,37.28951321043625,11.697131512326315,40.70430379747253,-67.14365520670695,4.676883390871212,4.676883390871212,16.90607888074737,54.62848617928571,58.83067742384616,-97.04395732151058,0.0067042977629976,-0.0148934399969948,2.259259259259259,0.4413203436510872,16.831632653061224,1.2420916720464816,3.1404958677685952,2.702970297029703,0.0091790385479968,1.3691275167785235,0.0,0.0,0.0967238048259136,1.6062271062271063,0.461578947368421,4.766304347826087,0.0047368421052631,5.879877939046988,0.0120252101270511,0.0067807408755802,-22.889369543920413,375000000.0,5074000000.0,-14976000000.0,18195000000.0,602500000.0,844000000.0,168000000.0,27.521052631578947,74.5945945945946,14.189189189189188,3.270223752151463,1.2065217391304348,6.342857142857143,0.0313552188552188,1.2919487757248125,2013-02-20,0.25,amc,1869000000.0,2025-04-25,2012-12-31,0.0,33.381129032258066,6723684.5322580645
2012-09-30,WMB,USD,107263,2012-10-31,2012-10-31 16:17:03,2012,Q3,1752000000.0,1226000000.0,526000000.0,0.3002283105,0,0.0,0.0,139000000.0,14000000.0,139000000.0,1365000000.0,0.0,129000000.0,205000000.0,602000000.0,0.3436073059,373000000.0,0.2128995434,-96000000.0,277000000.0,0.1581050228,77000000.0,155000000.0,0.0884703196,0.25,0.25,626809000,632019000,https://www.sec.gov/Archives/edgar/data/107263/000119312512443837/0001193125-12-443837-index.htm,https://www.sec.gov/Archives/edgar/data/107263/000119312512443837/d430083d10q.htm,2.795109834096192,0.2472842604365923,0.6876097822462665,-0.4770193152938136,1.5890007960957804,9.557935511455645,5.767307106311492,4.932922150128667,15.384271763806838,22314400400.0,30832400400.0,35.99096838709678,12.7365299086758,51.77355081206496,-74.6301016722408,7.216817723156534,7.216817723156534,17.59840205479452,51.21661196013289,71.53689187935035,-103.11839598662208,0.0069461870909155,-0.0133994189689273,3.0769728331177237,0.4474439166627475,14.149501661129568,1.422044960116026,2.891472868217054,2.123152709359606,0.0087835656117383,1.264516129032258,0.0,0.0,0.1117434040351784,1.6937354988399071,0.4166666666666667,3.5609756097560976,0.0051369863013698,5.238918316592813,0.0135428984925265,0.0082067030232435,-21.900610871892397,582000000.0,3615000000.0,-13311000000.0,17642000000.0,630000000.0,731500000.0,160000000.0,32.054794520547944,56.37846655791191,11.818923327895597,2.8076923076923075,1.5963541666666667,7.614906832298137,0.0501293661060802,1.16462909754008,2012-10-31,0.26,amc,1822080000.0,2025-04-25,2012-09-30,-0.0384615384615384,32.05047619047619,5722363.317460317
2012-06-30,WMB,USD,107263,2012-08-02,2012-08-02 06:06:13,2012,Q2,1846000000.0,1350000000.0,496000000.0,0.2686890574,0,0.0,0.0,155000000.0,9000000.0,146000000.0,1496000000.0,12000000.0,140000000.0,190000000.0,371000000.0,0.2009750813,350000000.0,0.1895991333,-95000000.0,237000000.0,0.1283856988,71000000.0,132000000.0,0.0715059588,0.21,0.21,626467362,626620000,https://www.sec.gov/Archives/edgar/data/107263/000119312512330060/0001193125-12-330060-index.htm,https://www.sec.gov/Archives/edgar/data/107263/000119312512330060/d385694d10q.htm,2.9466818416631257,0.2107053104547847,0.6768109972183994,-0.2697666474762016,1.0838553469605972,8.982111984311164,5.173453872605736,4.726503214065285,14.648807833663328,18054789372.84,26412789372.84,34.1946768425,9.7804926180065,42.5820504076415,-106.833073212071,6.09753102763931,6.09753102763931,14.30811992028169,71.19350235266846,62.29431455858491,-156.28869451384617,0.0073110794744894,-0.009360397205975,3.0520094562647757,0.4458972714264568,22.52830188679245,1.2958397534668722,2.5,2.56969696969697,0.0104127495545758,1.4242424242424243,0.0,0.0,0.1177283268367296,1.3985849056603774,0.3212351029252437,3.1210526315789475,0.0048754062838569,4.733680899618835,0.0129208706754279,0.0073821374643476,-21.396964651448197,384000000.0,3241000000.0,-12958000000.0,16826000000.0,638500000.0,685500000.0,172500000.0,31.007583965330443,46.333333333333336,10.6,2.90251572327044,1.9424460431654675,8.49056603773585,0.044579533941236,0.946577644694601,2012-08-01,0.25,amc,2097727272.0,2025-04-25,2012-06-30,-0.12,30.925555555555555,8521626.555555556
2012-03-31,WMB,USD,107263,2012-05-01,2012-05-01 16:23:27,2012,Q1,2019000000.0,1348000000.0,671000000.0,0.3323427439,0,0.0,0.0,96000000.0,8000000.0,64000000.0,1412000000.0,10000000.0,141000000.0,177000000.0,537000000.0,0.2659732541,527000000.0,0.2610203071,-35000000.0,492000000.0,0.2436849926,133000000.0,495000000.0,0.2451708767,0.71,0.7,595000000,600520000,https://www.sec.gov/Archives/edgar/data/107263/000119312512200863/0001193125-12-200863-index.htm,https://www.sec.gov/Archives/edgar/data/107263/000119312512200863/d332393d10q.htm,3.3932773109243697,0.8319327731092437,0.7294117647058823,0.1764705882352941,1.8487394957983192,6.258823529411765,5.136134453781513,3.260504201680672,14.850420168067227,18331950000.0,25926950000.0,9.258560606060604,9.079717682020805,42.23951612903226,174.59,9.449458762886598,9.449458762886598,12.841480931154036,48.28109869646183,59.73951612903226,246.92333333333332,0.0270020374264603,0.0057277049086431,4.481958762886598,0.4887577290612703,14.143389199255122,1.38135593220339,3.7375886524822697,0.8767676767676768,0.0084006338660098,0.3111111111111111,0.0,0.0,0.0375491849353569,0.7580645161290323,0.1629519564140663,1.8587570621468927,0.0044576523031203,7.812279232104239,0.0231859281209634,0.0289101740450881,-20.827310924369748,585000000.0,3056000000.0,-11947000000.0,14217000000.0,639000000.0,683500000.0,177500000.0,28.573551263001487,45.13353115727003,12.41839762611276,3.149765990639626,1.9940828402366864,7.247311827956989,0.2551546391752577,0.5529411764705883,2012-04-25,0.36,amc,1863692307.0,2025-04-25,2012-03-31,0.0833333333333334,29.326290322580647,7217520.693548387
2011-12-31,WMB,USD,107263,2012-02-28,2012-02-27 20:47:35,2011,Q4,-17000000.0,-321000000.0,304000000.0,-17.8823529412,0,0.0,0.0,-41000000.0,1000000.0,-41000000.0,-362000000.0,-4000000.0,132000000.0,412000000.0,513000000.0,-30.1764705882,346000000.0,-20.3529411765,-377000000.0,-31000000.0,1.8235294118,-70000000.0,-444000000.0,26.1176470588,-0.75,-0.74,595000000,600520000,https://www.sec.gov/Archives/edgar/data/107263/000119312512082513/0001193125-12-082513-index.htm,https://www.sec.gov/Archives/edgar/data/107263/000119312512082513/d282641d10k.htm,-0.0285714285714285,-0.746218487394958,1.826890756302521,0.2084033613445378,1.4941176470588236,5.181512605042017,5.107563025210084,3.0134453781512605,14.880672268907563,15589000000.0,23422000000.0,-8.77759009009009,-917.0,14.341306347746093,125.71774193548389,8.694366982710541,8.694366982710541,-1377.764705882353,45.65692007797271,21.547378104875804,188.8870967741935,-0.0284816216562961,0.0079543267688754,4.864472950362521,0.5285419949097079,15.269005847953215,1.1307462686567165,2.621212121212121,-3.0027624309392267,0.009493873885432,-0.3333333333333333,0.0,0.0,0.0026663434735183,0.8859245630174793,-56.64705882352941,0.5966542750929368,0.0,,-0.0286752518169068,-0.0269777615749179,-20.113865546218488,219000000.0,3039000000.0,-11525000000.0,12843000000.0,838000000.0,932500000.0,228000000.0,-3372.3529411764707,-193.73831775700936,-47.38317757009346,-0.0266875981161695,-0.4645441389290883,-1.8994082840236688,-0.2476296709425544,1.6184873949579832,2012-02-22,0.4,amc,2357777777.0,2025-04-25,2011-12-31,-0.1,23.886190476190475,10770032.23809524
2011-09-30,WMB,USD,107263,2011-11-02,2011-11-02 06:07:53,2011,Q3,2703000000.0,2025000000.0,678000000.0,0.2508324084,0,0.0,0.0,184000000.0,0.0,184000000.0,2209000000.0,11000000.0,152000000.0,418000000.0,929000000.0,0.3436921939,494000000.0,0.1827598964,-55000000.0,402000000.0,0.1487236404,55000000.0,272000000.0,0.1006289308,0.46,0.46,588950000,597550000,https://www.sec.gov/Archives/edgar/data/107263/000119312511291625/0001193125-11-291625-index.htm,https://www.sec.gov/Archives/edgar/data/107263/000119312511291625/d249025d10q.htm,4.589523728669667,0.4618388657780796,1.1342219203667545,-0.120553527464131,1.6911452585109092,15.711011121487394,21.838865778079636,13.428983784701588,16.193225231343916,11372624500.0,19761624500.0,10.452779871323528,4.20740825009249,17.024886976047906,-160.17780985915493,1.4379345682134277,1.4379345682134277,7.310996855345912,21.271931646932185,29.58327020958084,-278.3327394366197,0.0239170826399834,-0.0062430620126427,1.186622834745227,0.3589459190698386,9.030139935414423,1.18450184501845,3.25,1.953216374269006,0.0103757932041104,0.4338235294117647,0.0,0.0,-0.1380325862464621,1.1062874251497006,0.2733999260081391,-61.583333333333336,0.004439511653718,11.812942029518858,0.0177170074506973,0.0091413207864224,-25.42533322013753,450000000.0,12862000000.0,-14004000000.0,17814000000.0,976000000.0,1081000000.0,284500000.0,34.594894561598224,52.17777777777778,12.755555555555556,2.601539942252165,1.7248722316865417,7.055749128919861,0.0343911998988494,1.2547754478308857,2011-11-01,0.4,amc,1972000000.0,2025-04-25,2011-09-30,0.0,21.9896875,12464283.21875
2011-06-30,WMB,USD,107263,2011-08-04,2011-08-04 06:04:53,2011,Q2,2669000000.0,1938000000.0,731000000.0,0.2738853503,0,0.0,0.0,181000000.0,3000000.0,181000000.0,2119000000.0,9000000.0,156000000.0,403000000.0,917000000.0,0.3435743724,547000000.0,0.2049456725,-15000000.0,445000000.0,0.166729112,145000000.0,227000000.0,0.0850505807,0.39,0.38,588310000,597633000,https://www.sec.gov/Archives/edgar/data/107263/000095012311072497/0000950123-11-072497-index.htm,https://www.sec.gov/Archives/edgar/data/107263/000095012311072497/c64705e10vq.htm,4.536723836072818,0.3858509969233907,1.483911543234009,0.5184341588618245,1.981948292566844,15.374547432476076,21.44617633560538,13.115534327140454,16.090156550118135,14119440000.0,22263440000.0,15.550044052863434,5.290161109029599,16.173470790378005,46.29324590163935,1.829891135303266,1.829891135303266,8.341491195204195,24.27856052344602,25.502222222222223,72.99488524590164,0.0160771248718079,0.0216014232859093,1.2065837221358218,0.3621863450690527,8.88113413304253,1.184100418410042,3.5064102564102564,2.939393939393939,0.0083572719597944,0.5198237885462555,0.0,0.0,-0.1389612915775141,0.6506300114547537,0.2128137879355564,1.3621103117505995,0.0063694267515923,10.670728414427815,0.0155609775062798,0.0077535266591522,-24.93285852696707,440000000.0,12617000000.0,-13830000000.0,17468000000.0,881500000.0,950500000.0,273000000.0,30.786811539902583,45.88235294117647,13.095975232198144,2.923329682365827,1.9615384615384617,6.872340425531915,0.029419388284085,0.9654773843721848,2011-08-03,0.39,amc,1984000000.0,2025-04-25,2011-06-30,0.0,24.23174603174603,8915871.666666666
2011-03-31,WMB,USD,107263,2011-05-05,2011-05-05 12:26:43,2011,Q1,2575000000.0,1908000000.0,667000000.0,0.2590291262,0,0.0,0.0,188000000.0,0.0,188000000.0,2096000000.0,9000000.0,158000000.0,381000000.0,889000000.0,0.3452427184,480000000.0,0.186407767,-101000000.0,386000000.0,0.1499029126,-6000000.0,321000000.0,0.1246601942,0.55,0.54,586977000,596567000,https://www.sec.gov/Archives/edgar/data/107263/000095012311045402/0000950123-11-045402-index.htm,https://www.sec.gov/Archives/edgar/data/107263/000095012311045402/c63551e10vq.htm,4.386883983529168,0.5468698092088787,1.3816554992785066,0.4855386156527427,1.5724636570087074,15.126657432914747,21.00082286018021,12.840366828683235,15.787671407908658,14521810980.0,22707810980.0,11.309821635514018,5.639538244660194,17.906055462392107,50.9537227368421,1.9267362319225152,1.9267362319225152,8.818567370873787,25.543094465691787,27.9997669297164,79.67652975438597,0.0221046810512885,0.0196256514006767,1.2085710494891866,0.3631543276322609,9.208098987626547,1.019121236777868,3.037974683544304,2.1119791666666665,0.0050269212359628,0.2274143302180685,0.0,0.0,-0.1374636207790136,0.6485819975339088,0.2042718446601941,1.3805774278215224,0.0,12.56961421643144,0.0210502716196559,0.0112509200518734,-24.72243375805185,47000000.0,12327000000.0,-13699000000.0,16940000000.0,854500000.0,672500000.0,283500000.0,29.70873786407767,43.06603773584906,12.452830188679243,3.0294117647058822,2.0898138006571743,7.227272727272728,0.0425898898766087,0.8961168836257639,2011-05-04,0.36,amc,1871000000.0,2025-04-25,2011-03-31,0.0,22.43193548387097,10241302.629032258
2010-12-31,WMB,USD,107263,2011-02-25,2011-02-24 21:43:46,2010,Q4,2424000000.0,1788000000.0,636000000.0,0.2623762376,0,0.0,0.0,190000000.0,-7000000.0,183000000.0,1971000000.0,8000000.0,156000000.0,406000000.0,903000000.0,0.3725247525,442000000.0,0.1823432343,-101000000.0,341000000.0,0.1406765677,112000000.0,174000000.0,0.0717821782,0.3,0.29,586977000,596567000,https://www.sec.gov/Archives/edgar/data/107263/000095012311018126/0000950123-11-018126-index.htm,https://www.sec.gov/Archives/edgar/data/107263/000095012311018126/c61448e10vk.htm,4.129633699446486,0.2964341021879903,1.2095874284682364,0.0562202607597912,1.354397191031335,14.68370992389821,14.670080769774623,12.41615940658663,15.782560475112312,11510618970.0,19823618970.0,16.538245646551726,4.748605185643564,16.212139394366197,348.80663545454547,1.579393382272228,1.579393382272228,8.178060631188119,21.953066411960133,27.92059009859155,600.7157263636363,0.0151164763991835,0.0028669179377761,1.2497255762897914,0.3647284959154253,9.205980066445182,0.9829059829059827,2.833333333333333,4.080459770114943,0.0104251561373679,0.6896551724137931,0.0,0.0,0.000320358801858,0.9535211267605632,0.2792904290429043,0.4492368944923689,0.0,9.100159009164386,0.0129584815974915,0.0069700368530684,-25.14962255761299,-44000000.0,8611000000.0,-13823000000.0,20236000000.0,801500000.0,650500000.0,286500000.0,31.893564356435647,21.74496644295301,15.251677852348992,2.821885913853318,4.138888888888889,5.900990099009901,0.0238748627881448,1.1533671677084452,2011-02-17,0.27,bmo,1068340909.0,2025-04-25,2010-12-31,0.6296296296296295,17.831875,9313629.9375
2010-09-30,WMB,USD,107263,2010-10-28,2010-10-28 11:32:09,2010,Q3,2304000000.0,1752000000.0,552000000.0,0.2395833333,0,0.0,0.0,166000000.0,-4000000.0,162000000.0,1914000000.0,13000000.0,158000000.0,374000000.0,-839000000.0,-0.3641493056,-1291000000.0,-0.5603298611,-81000000.0,-1372000000.0,-0.5954861111,-151000000.0,-1263000000.0,-0.5481770833,-2.16,-2.16,584744000,584744000,https://www.sec.gov/Archives/edgar/data/107263/000095012310097204/0000950123-10-097204-index.htm,https://www.sec.gov/Archives/edgar/data/107263/000095012310097204/c60750e10vq.htm,3.940185790704992,-2.159919554540106,1.101336653304694,-0.901249093620456,1.735802334012833,13.982187076737857,13.968505876075684,12.01380433146813,14.823580917461316,8864719040.0,16359719040.0,-1.754694980205859,3.847534305555555,13.765091677018637,-16.821098747628085,1.2618817138790035,1.2618817138790035,7.1005725,-19.49906917759237,25.40329043478261,-31.043110132827323,-0.1424749046530413,-0.0594491486557029,1.2113879003558718,0.3568433411606843,-8.933253873659117,1.0996469203609258,-8.170886075949367,-0.5098970704671417,0.0082348915595186,-0.0577988915281076,0.0,0.0,0.0003354579000335,1.81832298136646,0.5082465277777778,0.0,0.0052083333333333,,-0.052685592838633,-0.052978187919463,-23.88053575581793,254000000.0,8168000000.0,-12869000000.0,19171000000.0,733000000.0,837500000.0,274500000.0,29.0625,44.640410958904106,13.869863013698629,3.096774193548387,2.0161104718066745,6.488888888888889,-0.1797864768683274,2.00258574692515,2010-10-28,0.28,bmo,2927272727.0,2025-04-25,2010-09-30,-0.2142857142857143,15.1821875,7132889.15625
2010-06-30,WMB,USD,107263,2010-07-29,2010-07-29 11:27:10,2010,Q2,2292000000.0,1723000000.0,569000000.0,0.2482547993,0,0.0,0.0,167000000.0,-13000000.0,154000000.0,1877000000.0,13000000.0,141000000.0,366000000.0,849000000.0,0.3704188482,415000000.0,0.1810645724,-86000000.0,328000000.0,0.1431064572,104000000.0,185000000.0,0.0807155323,0.32,0.31,584414000,592498000,https://www.sec.gov/Archives/edgar/data/107263/000095012310069561/0000950123-10-069561-index.htm,https://www.sec.gov/Archives/edgar/data/107263/000095012310069561/c58637e10vq.htm,3.921877299311789,0.3165564137751662,1.163558710092503,0.2874674460228537,2.73949631596779,15.44453076072784,13.71459273734031,13.060946520788344,14.816551280427916,8474003000.0,15391003000.0,11.451355405405405,3.697208987783595,12.46176911764706,50.44049404761905,1.1101798768505176,1.1101798768505176,6.715097294938918,18.128389870435807,22.63382794117647,91.61311309523808,0.0218314768120804,0.0198253411050243,1.1159439276824314,0.3414438609852888,8.147232037691401,1.585181689476168,2.9432624113475176,3.063063063063063,0.0086145827420641,0.3945945945945946,0.0,0.0,0.0405259149396721,0.7529411764705882,0.2233856893542757,0.0,0.0056719022687609,9.645042446792282,0.0123288078191378,0.0077289438502673,-23.337907716105363,1240000000.0,8015000000.0,-12562000000.0,21082000000.0,776500000.0,856500000.0,250000000.0,28.350785340314136,42.100986651189785,14.57341845618108,3.174515235457064,2.137717121588089,6.17562724014337,0.0242368662387003,0.8760912640696492,2010-07-29,0.3,bmo,2546666666.0,2025-04-25,2010-06-30,-0.0999999999999999,17.093015873015872,8777458.158730159
2010-03-31,WMB,USD,107263,2010-05-05,2010-05-05 07:45:47,2010,Q1,2596000000.0,1922000000.0,674000000.0,0.2596302003,0,0.0,0.0,196000000.0,0.0,196000000.0,2118000000.0,17000000.0,147000000.0,361000000.0,478000000.0,0.1841294299,478000000.0,0.1841294299,-721000000.0,-243000000.0,-0.093605547,-95000000.0,-193000000.0,-0.0743451464,-0.33,-0.33,584000000,584000000,https://www.sec.gov/Archives/edgar/data/107263/000095012310044054/0000950123-10-044054-index.htm,https://www.sec.gov/Archives/edgar/data/107263/000095012310044054/c57813e10vq.htm,4.445205479452055,-0.3304794520547945,1.0565068493150684,0.3236301369863014,2.815068493150685,15.345890410958903,13.61472602739726,12.967465753424657,15.02054794520548,10704719999.999998,17685720000.0,-13.86621761658031,4.123543913713404,17.349627228525122,56.63873015873015,1.4135375676746336,1.4135375676746336,6.8126810477657935,36.99941422594142,28.664051863857377,93.57523809523808,-0.0180294300084448,0.0176557630652646,1.138914564901624,0.3432289386764296,14.604602510460252,1.7114926084883166,3.251700680272109,-4.226027397260274,0.0059786710908832,-0.3316062176165803,0.0,0.0,0.040232400811811,0.6936790923824959,0.1648690292758089,1.185595567867036,0.0,,0.0126346485555273,-0.0080023219172402,-23.6117294520548,1492000000.0,7951000000.0,-12578000000.0,21217000000.0,830000000.0,920500000.0,221500000.0,28.809707241910637,42.471383975026015,10.34859521331946,3.123947051744885,2.119073869900772,8.69683257918552,-0.0254852766406972,0.7328767123287672,2010-05-05,0.37,bmo,2662972222.0,2025-04-25,2010-03-31,-0.027027027027027,17.601311475409837,9278669.524590164
2009-12-31,WMB,USD,107263,2010-02-26,2010-02-25 19:56:50,2009,Q4,2326000000.0,1708000000.0,618000000.0,0.2656921754,0,-3038000000.0,3052000000.0,14000000.0,148000000.0,162000000.0,1870000000.0,0.0,88000000.0,382000000.0,828000000.0,0.3559759243,456000000.0,0.196044712,-98000000.0,358000000.0,0.1539122958,136000000.0,172000000.0,0.0739466896,0.29,0.29,583333000,584000000,https://www.sec.gov/Archives/edgar/data/107263/000095012310017267/0000950123-10-017267-index.htm,https://www.sec.gov/Archives/edgar/data/107263/000095012310017267/c55976e10vk.htm,3.987430849960486,0.2948573113470351,1.3954293688167825,0.4388573936327963,3.200573257470433,15.46115169208668,13.728007844575911,14.480579703188402,14.33829390759652,9759161090.0,16168161090.0,14.184827165697676,4.195684045571797,11.989141388206388,38.1217230078125,1.1553404865632768,1.1553404865632768,6.951058078245916,19.52676460144928,19.86260576167076,63.1568792578125,0.0176244657111198,0.026231762918876,0.9797561264354208,0.327373417721519,7.740338164251208,1.531287848203472,5.181818181818182,3.6666666666666665,0.0098369110945785,0.5581395348837209,-1.3061049011177988,0.0,0.0399920886075949,0.6855036855036855,0.2398968185726569,0.3798502382573179,0.0,9.801446727684798,0.0123913650184342,0.007087230623429,-23.419299096742343,1316000000.0,8008000000.0,-12468000000.0,20971000000.0,767000000.0,866500000.0,227000000.0,32.07652622527945,49.215456674473074,11.697892271662765,2.805790108564536,1.828693790149893,7.693693693693693,0.0203622587901029,0.9565719751839858,2010-02-18,0.34,bmo,2929037037.0,2025-04-25,2009-12-31,-0.2058823529411765,15.7196875,7286335.921875
2009-09-30,WMB,USD,107263,2009-10-29,2009-10-29 07:29:34,2009,Q3,2098000000.0,1537000000.0,561000000.0,0.2673975214,0,-531000000.0,697000000.0,166000000.0,1000000.0,167000000.0,1704000000.0,15000000.0,168000000.0,361000000.0,808000000.0,0.385128694,394000000.0,0.1877979028,-115000000.0,279000000.0,0.1329837941,87000000.0,143000000.0,0.0681601525,0.24,0.24,583103000,590059000,https://www.sec.gov/Archives/edgar/data/107263/000095012309054484/0000950123-09-054484-index.htm,https://www.sec.gov/Archives/edgar/data/107263/000095012309054484/c54210e10vq.htm,3.597992121460531,0.2452396917868712,1.0701368368881656,-0.2195152485924442,2.8125391225906915,15.185996299110103,13.452168827805725,14.246196641073704,14.482861518462434,8268400540.0,14905400540.0,14.4552456993007,3.941087006673022,13.25064189102564,-64.59687921875,0.995353381485494,0.995353381485494,7.104576043851287,18.447277896039605,23.88685983974359,-116.44844171875,0.0172947596464648,-0.0154806240192132,0.9963885879378838,0.331716896441167,8.214108910891088,1.5741993685160127,2.345238095238096,3.216494845360825,0.0116104680144099,0.6713286713286714,-0.2530981887511916,0.0,0.0405177941647964,1.205128205128205,0.3584366062917063,0.0,0.0052430886558627,8.86617108177604,0.0119161371603338,0.0059730170001253,-23.687496034148342,1273000000.0,7844000000.0,-12607000000.0,20748000000.0,691000000.0,785500000.0,240500000.0,30.243088655862724,46.785946649316855,13.58490566037736,2.975886524822695,1.9236545682102628,6.625,0.0172143974960876,1.2896520854806095,2009-10-29,0.19,bmo,1594480000.0,2025-04-25,2009-09-30,0.3157894736842105,13.27578125,7181199.421875
2009-06-30,WMB,USD,107263,2009-08-06,2009-08-06 07:31:26,2009,Q2,1909000000.0,1392000000.0,517000000.0,0.2708224201,0,-431000000.0,598000000.0,167000000.0,-1000000.0,166000000.0,1558000000.0,46000000.0,167000000.0,359000000.0,735000000.0,0.3850183342,351000000.0,0.1838658984,-120000000.0,231000000.0,0.1210057622,80000000.0,142000000.0,0.0743844945,0.24,0.24,580726000,588780000,https://www.sec.gov/Archives/edgar/data/107263/000095012309030645/0000950123-09-030645-index.htm,https://www.sec.gov/Archives/edgar/data/107263/000095012309030645/c52021e10vq.htm,3.287264561944876,0.2445215127271725,1.0710731050443756,0.049937492035831,3.1908335428412022,15.244710930800412,13.503786639482303,14.333782196767494,14.542142077330787,7195195140.0,13620195140.0,12.667597077464787,3.7690912205343112,11.567837845659165,248.1101772413793,0.8643915353195579,0.8643915353195579,7.134727679413305,18.5308777414966,21.89741983922829,469.6619013793104,0.0197353924719267,0.004030467476661,0.9944738106679482,0.3307759929673139,8.741496598639456,1.684233261339093,2.1017964071856285,3.6804733727810657,0.0133422371641194,0.676056338028169,-0.2257726558407543,0.0,0.0403979860944617,0.9533762057877814,0.3106338397066527,0.0,0.0068098480880041,8.880352323063908,0.0100968825225118,0.0059129710597543,-23.57006574529124,1584000000.0,7842000000.0,-12274000000.0,20561000000.0,680000000.0,800000000.0,245500000.0,31.91723415400733,49.91379310344828,16.099137931034484,2.8197932053175774,1.8031088082901552,5.590361445783133,0.0170591061989428,1.0211356130085445,2009-08-06,0.16,bmo,1527199999.0,2025-04-25,2009-06-30,0.25,11.865079365079366,8899606.126984127
2009-03-31,WMB,USD,107263,2009-04-30,2009-04-30 07:30:44,2009,Q1,2128000000.0,1668000000.0,460000000.0,0.2161654135,0,-704000000.0,867000000.0,163000000.0,320000000.0,483000000.0,2151000000.0,0.0,146000000.0,367000000.0,584000000.0,0.2744360902,-23000000.0,-0.0108082707,98000000.0,-232000000.0,-0.1090225564,-15000000.0,-172000000.0,-0.0808270677,-0.3,-0.3,579495000,582361000,https://www.sec.gov/Archives/edgar/data/107263/000095013709003389/0000950137-09-003389-index.htm,https://www.sec.gov/Archives/edgar/data/107263/000095013709003389/c50664e10vq.htm,3.672162831430815,-0.2968101536682801,0.8835278992916246,0.0483179319925107,3.081993804950862,15.28227163305982,13.537649160044522,14.367682206058724,14.81979999827436,5232839850.0,11888839850.0,-7.605871875,2.459041282894737,10.22039033203125,186.8871375,0.6284938565938025,0.6284938565938025,5.586860831766917,20.35760248287671,23.22039033203125,424.6014232142857,-0.0328693414915038,0.0053508230335006,1.0139322603891423,0.3327814569536423,11.397260273972602,1.5510126098586168,-0.1575342465753424,-2.2857142857142856,0.0185367797946271,-0.563953488372093,-0.3308270676691729,0.0,0.0398533585619678,0.9453125,0.2274436090225564,1.318801089918256,0.0,,-0.0009388143589126,-0.007061624994868,-24.31901914598055,1442000000.0,7845000000.0,-12453000000.0,20447000000.0,812000000.0,940000000.0,251000000.0,28.88627819548872,44.67625899280576,13.057553956834534,3.115666178623719,2.0144927536231885,6.892561983471074,-0.0206581791976939,0.8352099672991139,2009-04-30,0.19,bmo,1659909090.0,2025-04-25,2009-03-31,0.1578947368421052,10.35327868852459,14023069.31147541
2008-12-31,WMB,USD,107263,2009-02-25,2009-02-24 21:45:25,2008,Q4,2132000000.0,-1064000000.0,3196000000.0,1.4990619137,0,-6252000000.0,6412000000.0,160000000.0,-7506000000.0,-7346000000.0,1810000000.0,0.0,0.0,324000000.0,744000000.0,0.3489681051,404000000.0,0.1894934334,-299000000.0,105000000.0,0.049249531,-25000000.0,115000000.0,0.0539399625,0.2,0.2,579053000,579495000,https://www.sec.gov/Archives/edgar/data/107263/000095013409003632/0000950134-09-003632-index.htm,https://www.sec.gov/Archives/edgar/data/107263/000095013409003632/d66296e10vk.htm,3.681873679956757,0.1986001281402566,1.2934912693656713,-0.2296853655882967,2.4850920382072106,14.575522447858832,12.829568277860576,14.575522447858832,13.60669921406158,6653318970.0,13093318970.0,14.463736891304348,3.120693700750469,8.882935874499331,-50.024954661654135,0.7883079348341232,0.7883079348341232,6.141331599437148,17.59854700268817,17.481066715620827,-98.44600729323308,0.0172846064525897,-0.0199900231147342,0.9335308056872038,0.3029685457202184,8.655913978494624,1.253481102585962,0.0,6.51304347826087,0.0096192592431804,0.5565217391304348,-2.9324577861163226,0.0,0.0388756440821348,1.1775700934579438,0.4136960600375234,0.6732824427480916,0.0,8.070363317828937,0.0220513369567727,0.0046009201840368,-26.40734095151912,892000000.0,7429000000.0,-13155000000.0,19968000000.0,1015000000.0,1062000000.0,292000000.0,39.72326454033771,-88.98496240601504,-21.99248120300752,2.2656748140276304,-1.011406844106464,-4.092307692307692,0.0136255924170616,1.523176634953968,2009-02-19,0.3,bmo,1894545454.0,2025-04-25,2008-12-31,0.1,12.98484375,12663879.296875
2008-09-30,WMB,USD,107263,2008-11-06,2008-11-06 07:31:29,2008,Q3,3267000000.0,2386000000.0,881000000.0,0.2696663606,0,-1549000000.0,1716000000.0,167000000.0,2386000000.0,2553000000.0,2553000000.0,0.0,162000000.0,332000000.0,979000000.0,0.2996632997,714000000.0,0.2185491276,-104000000.0,576000000.0,0.1763085399,207000000.0,366000000.0,0.1120293848,0.63,0.62,577448000,589138000,https://www.sec.gov/Archives/edgar/data/107263/000095013408019582/0000950134-08-019582-index.htm,https://www.sec.gov/Archives/edgar/data/107263/000095013408019582/d64843e10vq.htm,5.657652290769039,0.6338233053019493,1.4546764383979165,-0.3324974716338094,2.6391986810933625,15.954683365428576,14.203876366356797,14.848090217647304,13.980479627602833,10832924480.0,17219924480.0,7.399538579234973,3.3158630180593818,12.896338666666669,-56.421481666666665,1.263462150688127,1.263462150688127,5.27086760942761,17.5892997752809,20.499910095238096,-89.68710666666666,0.0337858904745175,-0.0177237458226977,0.9226731980405878,0.2941657680437288,6.524004085801838,1.2803083391730905,4.407407407407407,2.295081967213114,0.0141236099524622,0.4180327868852459,-0.4741352923171105,0.0,0.0375934257985349,1.2285714285714286,0.3158861340679522,0.0,0.0,14.551597040577434,0.0201536063623546,0.0141411019241171,-26.28331901746997,1200000000.0,8202000000.0,-12199000000.0,19860000000.0,1365500000.0,1272500000.0,332500000.0,30.0,40.43587594300084,12.221290863369656,3.0,2.2257462686567164,7.364197530864198,0.0426871938418474,1.787173910031726,2008-11-06,0.65,bmo,3577280701.0,2025-04-25,2008-09-30,-0.1230769230769231,23.97515625,11728742.1875
2008-06-30,WMB,USD,107263,2008-08-07,2008-08-07 07:30:55,2008,Q2,3729000000.0,2747000000.0,982000000.0,0.2633413784,0,-1837000000.0,2010000000.0,173000000.0,2747000000.0,2920000000.0,2920000000.0,0.0,0.0,367000000.0,1161000000.0,0.3113435237,809000000.0,0.2169482435,-122000000.0,687000000.0,0.1842316975,268000000.0,437000000.0,0.1171895951,0.75,0.73,583400000,596187000,https://www.sec.gov/Archives/edgar/data/107263/000095013408014487/0000950134-08-014487-index.htm,https://www.sec.gov/Archives/edgar/data/107263/000095013408014487/d59034e10vq.htm,6.391840932464861,0.7490572505999314,1.6678093932122042,-0.0154268083647583,3.3201919780596505,14.156667809393213,12.423723003085362,13.11621528968118,13.630442235173122,18657132000.0,24672132000.0,10.67341647597254,5.003253419147224,19.174853031860227,-2073.0146666666665,2.4382033455305803,2.4382033455305803,6.616286403861625,21.25075968992248,25.35676464542652,-2741.348,0.0234226782551573,-0.0004823892546828,1.039205436487193,0.2547411583803178,5.180878552971576,1.0937912813738442,0.0,2.2265446224256293,0.0021439522430349,0.091533180778032,-0.4926253687315634,0.0,0.0323872373141978,1.0092497430626928,0.2633413783856261,0.0,0.0,14.868016467277023,0.0222105590430427,0.0144678033438172,-33.62701405553651,852000000.0,7248000000.0,-13021000000.0,18796000000.0,1488000000.0,1379000000.0,315000000.0,39.62992759452936,48.25991991263196,11.172187841281398,2.2710109622411694,1.86490156143924,8.055718475073315,0.0571092524830109,1.6832362015769626,2008-08-07,0.69,bmo,3626558823.0,2025-04-25,2008-06-30,-0.0144927536231882,29.65546875,7532496.0625
2008-03-31,WMB,USD,107263,2008-05-01,2008-05-01 07:31:02,2008,Q1,3224000000.0,2373000000.0,851000000.0,0.2639578164,0,-1497000000.0,1650000000.0,153000000.0,2373000000.0,2526000000.0,2526000000.0,0.0,157000000.0,287000000.0,808000000.0,0.2506203474,698000000.0,0.2165012407,-97000000.0,679000000.0,0.2106079404,263000000.0,500000000.0,0.1550868486,0.85,0.84,585518000,598627000,https://www.sec.gov/Archives/edgar/data/107263/000095013408008078/0000950134-08-008078-index.htm,https://www.sec.gov/Archives/edgar/data/107263/000095013408008078/d56073e10vq.htm,5.506235504288511,0.8539447122035531,1.354356313554835,0.3654883368231207,3.825672310671918,14.318944934229178,12.592268726153591,13.323245399799836,13.73313886165754,15323006060.000002,20967006060.0,7.66150303,4.7527934429280405,19.32283235813367,71.60283205607477,1.9642361312652223,1.9642361312652223,6.503413790322581,25.949264925742572,26.440108524590165,97.9766638317757,0.0326306729921113,0.0139659280406236,1.0106396615818485,0.2901516266745179,6.985148514851486,1.2627118644067796,4.445859872611465,1.586,0.0054166917166904,0.166,-0.4643300248138958,0.0,0.0372074194023259,0.7301387137452712,0.1795905707196029,1.9172185430463573,0.0,15.999674576920654,0.0198045963049035,0.0191124192500286,-26.306620804142657,1488000000.0,7373000000.0,-11636000000.0,18756000000.0,1263000000.0,1208000000.0,249000000.0,37.2394540942928,48.73577749683944,10.960809102402022,2.416791604197901,1.8466926070038912,8.211072664359861,0.0640943468786053,0.9888679767317144,2008-05-01,0.52,bmo,2823508771.0,2025-04-25,2008-03-31,0.096153846153846,26.95,7724498.213114754
2007-12-31,WMB,USD,107263,2008-02-26,2008-02-26 14:55:29,2007,Q4,2506200000.0,-456600000.0,2962800000.0,1.1821881733,0,-4434100000.0,4633000000.0,198900000.0,-6244800000.0,-6045900000.0,2033100000.0,0.0,0.0,231700000.0,881800000.0,0.3518474184,491100000.0,0.195954034,-168700000.0,312600000.0,0.1247306679,107100000.0,224900000.0,0.0897374511,0.38,0.38,585518000,598627000,https://www.sec.gov/Archives/edgar/data/107263/000095013408003448/0000950134-08-003448-index.htm,https://www.sec.gov/Archives/edgar/data/107263/000095013408003448/d54039e10vk.htm,4.280312475449089,0.3841043315491582,0.9550517661284538,-0.267967850689475,2.9017041320676733,10.887795080595302,9.161118872519715,10.887795080595302,13.49232645281614,16622856020.0,22823856020.0,18.478052489995555,6.632693328545208,29.72613737482117,-105.94554506054811,2.607506826666667,2.607506826666667,9.106957154257442,25.88325699705149,40.81519316881259,-145.46753358827277,0.0135295643377653,-0.0094388112254129,1.2392156862745098,0.3152308367583097,7.032206849625766,1.2498307379823967,0.0,2.4864384170742557,0.0035553457197062,0.2627834593152512,-1.7692522544090654,0.0,0.0403415665775507,1.280579399141631,0.2857313861623174,0.661829944547135,0.0,9.700314848406526,0.0155415226449733,0.0093513513513513,-27.30659006213302,1107000000.0,5364000000.0,-13148000000.0,18099000000.0,1073550000.0,1075750000.0,211750000.0,42.80584151304764,-222.93035479632064,-41.19579500657031,2.1025167785234897,-0.4037135278514588,-2.184688995215311,0.035278431372549,1.2230196168179288,2008-02-21,0.48,bmo,2024949152.0,2025-04-25,2007-12-31,0.2291666666666666,27.88125,5280368.125
2007-09-30,WMB,USD,107263,2007-11-01,2007-11-01 07:46:21,2007,Q3,2860100000.0,2221300000.0,638800000.0,0.223348834,0,-1098900000.0,1246900000.0,148000000.0,2221300000.0,2369300000.0,2369300000.0,0.0,0.0,333300000.0,824000000.0,0.2881018146,490800000.0,0.1716023915,-102800000.0,388100000.0,0.1356945561,160200000.0,198000000.0,0.0692283487,0.33,0.33,596836000,610651000,https://www.sec.gov/Archives/edgar/data/107263/000095013407022484/0000950134-07-022484-index.htm,https://www.sec.gov/Archives/edgar/data/107263/000095013407022484/d50906e10vq.htm,4.792103693476935,0.3317494253027632,1.1621282898484675,-0.2848353651589381,2.599541582612309,12.648365715204848,10.953762842723965,10.816371666588475,13.220047048100316,16383148200.0,22721848200.0,20.68579318181818,5.728173210726897,23.620455882352942,-96.37146,2.537819598488134,2.537819598488134,7.944424390755568,27.57505849514563,32.759296712802765,-133.6579305882353,0.0120855892642172,-0.0103765160349339,1.2222256645393148,0.3053872979134332,7.69259708737864,1.1854715522281103,0.0,3.503030303030303,0.0036622997770355,0.303030303030303,-0.3842173350582147,0.0,0.039145866151637,1.2450980392156863,0.3019474843536939,0.0,0.0,8.985394504175424,0.0137244267653171,0.0079757344322122,-26.661637367719106,983500000.0,6537600000.0,-12001500000.0,17594800000.0,992849999.5,1029550000.0,219000000.0,30.054543547428413,41.347409174807545,8.690856705532795,2.9945555439221025,2.1766780989710925,10.355710955710956,0.0306710452940083,1.4469636550074056,2007-11-01,0.38,bmo,2771076923.0,2025-04-25,2007-09-30,0.0263157894736842,25.834126984126986,7136711.0
2007-06-30,WMB,USD,107263,2007-08-07,2007-08-07 06:01:45,2007,Q2,2823400000.0,2180200000.0,643200000.0,0.2278104413,0,-1250200000.0,1393400000.0,143200000.0,2180200000.0,2323400000.0,2323400000.0,0.0,0.0,252000000.0,753000000.0,0.2666997237,500000000.0,0.17709145,-105000000.0,396000000.0,0.1402564284,152100000.0,433000000.0,0.1533611957,0.72,0.71,599518000,613172000,https://www.sec.gov/Archives/edgar/data/107263/000095013407017064/0000950134-07-017064-index.htm,https://www.sec.gov/Archives/edgar/data/107263/000095013407017064/d48727e10vq.htm,4.709449924772901,0.7222468716535617,1.141583738936946,-0.0713906838493589,3.0587905617512736,12.525061799645716,10.838039892046613,10.71410699928943,13.19610086769705,15041906620.0,21119406620.0,8.684703591224018,5.32758610894666,21.97823877849211,-351.4464163551402,2.3417723942521755,2.3417723942521755,7.480132683998017,28.0470207436919,30.858279690239627,-493.4440799065421,0.0287862443863516,-0.0028453839716763,1.231656625099248,0.3037422109260119,8.071049136786188,1.2727336935409823,0.0,1.580235511429231,0.0039888560350602,0.138568129330254,-0.4427994616419919,0.0,0.0388311493851286,1.0625365283459964,0.2575618049160587,0.0,0.0,13.1950816940617,0.0147694354871057,0.0172959931614918,-26.38552971011713,1544600000.0,6497600000.0,-11329100000.0,17484100000.0,1151199999.5,1101350000.0,244800000.0,32.851880679322804,42.8740482524539,9.226217778185488,2.739569185658421,2.099171962256884,9.754809843400448,0.0674108324381548,1.212974422786305,2007-08-02,0.36,bmo,2348372093.0,2025-04-25,2007-06-30,0.1944444444444444,23.866825396825394,6658707.587301588
2007-03-31,WMB,USD,107263,2007-05-03,2007-05-03 07:45:36,2007,Q1,2852100000.0,2362700000.0,489400000.0,0.1715928614,0,0.0,0.0,156900000.0,2362700000.0,2519600000.0,2519600000.0,0.0,0.0,265000000.0,648000000.0,0.2272010098,332500000.0,0.1165807651,-58500000.0,213900000.0,0.0749973704,82100000.0,134000000.0,0.0469829249,0.22,0.22,598031000,611470000,https://www.sec.gov/Archives/edgar/data/107263/000095013407010034/0000950134-07-010034-index.htm,https://www.sec.gov/Archives/edgar/data/107263/000095013407010034/d46020e10vq.htm,4.7691507630875325,0.2240686519595138,0.5013118049064346,-0.3499818571278077,3.1240855407161168,12.155055507155984,10.463838831097384,10.353476659236728,13.201991201125026,13503539979.999998,19530439980.0,25.19317160447761,4.73459555415308,45.0418278185457,-64.51763010033444,2.180909924576449,2.180909924576449,6.847740254549279,30.13956787037037,65.14489653102068,-93.31313893932156,0.009923323824602,-0.0154996393767851,1.275126378862025,0.3044108574953732,9.300771604938271,1.275846994535519,0.0,2.237313432835821,0.0039989513920038,0.4029850746268656,0.0,0.0,0.0389959901295496,1.698132088058706,0.1785000525928263,2.051168412570508,0.0,7.224784775888687,0.0096226820410703,0.0053762146634248,-26.27238387307681,1388200000.0,6257700000.0,-12246200000.0,16850600000.0,1242350000.0,1035050000.0,253750000.0,40.132533922372986,44.34291276928937,10.136284758962203,2.2425695864129582,2.0296366291555707,8.878992859827132,0.0216418754138604,0.8512936620342424,2007-05-03,0.34,bmo,2752827586.0,2025-04-25,2007-03-31,-0.1470588235294118,21.474262295081967,5564277.0
2006-12-31,WMB,USD,107263,2007-02-28,2007-02-28 08:03:30,2006,Q4,2770300000.0,931000000.0,1839300000.0,0.6639353139,0,0.0,0.0,273000000.0,2311100000.0,2584100000.0,2584100000.0,0.0,0.0,249000000.0,435200000.0,0.1570948995,186200000.0,0.0672129372,-14000000.0,172200000.0,0.0621593329,16700000.0,146400000.0,0.0528462621,0.24,0.24,598031000,611470000,https://www.sec.gov/Archives/edgar/data/107263/000095013407004337/0000950134-07-004337-index.htm,https://www.sec.gov/Archives/edgar/data/107263/000095013407004337/d43810e10vk.htm,4.6323685561450825,0.2448033630363643,0.9619902647187186,-0.2749021371801796,3.946618151901824,11.962590568047476,10.271373891988876,10.15532639612328,13.400810325886116,12391202320.0,18045102320.0,21.159840027322403,4.472873811500559,21.538679506344515,-75.37227688564477,2.040308621484555,2.040308621484555,6.513771909179511,41.463929963235294,31.36642155397184,-109.76339610705595,0.0118148341233766,-0.013267477663136,1.3195844036092998,0.3154859383365351,12.991498161764708,1.3469405147434803,0.0,3.9296448087431695,0.0044224925543786,0.3743169398907104,0.0,0.0,0.0398151355777406,1.2857639492438728,0.2670107930549038,0.8546504910456384,0.0,7.479057843493133,0.0079684883783518,0.0060022139313681,-24.84457327462957,1628400000.0,6142600000.0,-11926400000.0,16820500000.0,1222900000.0,980500000.0,250800000.0,39.40403566400751,87.58324382384534,23.33619763694952,2.284030010718113,1.0275938189845475,3.856669428334714,0.0241059079233353,1.2368924018988985,2007-02-22,0.26,bmo,1956413333.0,2025-04-25,2006-12-31,0.1538461538461537,20.44666666666667,4777454.857142857
2006-09-30,WMB,USD,107263,2006-11-02,2006-11-02 07:01:32,2006,Q3,3300000000.0,2822400000.0,477600000.0,0.1447272727,0,0.0,0.0,128000000.0,2825800000.0,2953800000.0,2953800000.0,0.0,0.0,252900000.0,541200000.0,0.164,346200000.0,0.1049090909,-107300000.0,210500000.0,0.0637878788,100400000.0,106200000.0,0.0321818182,0.18,0.18,596199000,609062000,https://www.sec.gov/Archives/edgar/data/107263/000095013406020247/0000950134-06-020247-index.htm,https://www.sec.gov/Archives/edgar/data/107263/000095013406020247/d40612e10vq.htm,5.5350646344593,0.1781284436907811,1.075144372935882,-0.2111711022661896,1.8024183200575647,10.918502043780684,9.222088597934585,10.183177093554333,12.44131573518238,11292009060.0,17634909060.0,26.58194223163842,3.421820927272728,17.616238783151328,-89.69030230341541,1.8599303366714983,1.8599303366714983,5.343911836363636,32.58482827050998,27.51155859594384,-140.0707629864972,0.0094048808706853,-0.0111494774163774,1.2217518777177494,0.2988336724210865,11.720066518847007,1.1975165737135642,0.0,6.03578154425612,0.0047467195354871,0.504708097928437,0.0,0.0,0.0407469331023507,1.196411856474259,0.2323939393939394,0.0,0.0,6.38850948725953,0.0089587320380385,0.0044602920609321,-27.14282479507681,938500000.0,5498200000.0,-12621900000.0,15601700000.0,1198900000.0,1013150000.0,283950000.0,33.624545454545455,33.641581632653065,8.29719387755102,2.6766161083623974,2.675260663507109,10.847040737893929,0.0174924232441691,1.2863154752020718,2006-11-02,0.26,bmo,2332385714.0,2025-04-25,2006-09-30,0.0769230769230769,18.936984126984125,4948334.555555556
2006-06-30,WMB,USD,107263,2006-08-03,2006-08-03 17:06:28,2006,Q2,2715100000.0,2273800000.0,441300000.0,0.1625354499,0,0.0,0.0,143000000.0,2438900000.0,2581900000.0,2581900000.0,0.0,0.0,210500000.0,359000000.0,0.1322234908,133200000.0,0.0490589665,-130400000.0,-63000000.0,-0.0232035652,900000.0,-76000000.0,-0.0279916025,-0.13,-0.13,595561000,595561000,https://www.sec.gov/Archives/edgar/data/107263/000095013406014717/0000950134-06-014717-index.htm,https://www.sec.gov/Archives/edgar/data/107263/000095013406014717/d38227e10vq.htm,4.558894890699693,-0.1276107737074791,0.8539847303634724,-0.0431525905826607,1.6461789808264813,10.612179105079075,8.908743184997002,9.876905976046114,12.531545886987228,11035745330.0,17518645330.0,-36.30179384868421,4.064581536591654,21.698280239874165,-429.40643307393,1.8760935909423184,1.8760935909423184,6.452302062539133,48.79845495821727,34.44483942194259,-681.6593513618677,-0.0068867120187522,-0.0023287960379201,1.2687724189517706,0.2913394125821713,18.058217270194987,1.2259905336285213,0.0,-6.763297872340425,0.0042588876958073,-0.618421052631579,0.0,0.0,0.039602298455725,1.0505308690523003,0.1967883319214761,0.0,0.0,,0.0065748921878139,-0.0030890918476427,-29.02989786100836,1184100000.0,5305700000.0,-12873300000.0,15202600000.0,1169300000.0,982850000.0,292750000.0,38.61404736473795,38.44533380244525,12.179171431084528,2.330758004978968,2.3409863070112222,7.389665258368541,-0.0129201162810465,0.8971373209461332,2006-08-03,0.22,bmo,1479733333.0,2025-04-25,2006-06-30,0.5000000000000001,17.426031746031743,6187020.714285715
2006-03-31,WMB,USD,107263,2006-05-04,2006-05-04 08:15:30,2006,Q1,3027500000.0,2588700000.0,438800000.0,0.1449380677,0,0.0,0.0,80500000.0,2588700000.0,2669200000.0,2669200000.0,0.0,0.0,197000000.0,358300000.0,0.1183484723,358300000.0,0.1183484723,-138900000.0,219400000.0,0.0724690339,88300000.0,131900000.0,0.0435672998,0.22,0.22,591407000,607073000,https://www.sec.gov/Archives/edgar/data/107263/000095013406008714/0000950134-06-008714-index.htm,https://www.sec.gov/Archives/edgar/data/107263/000095013406008714/d35534e10vq.htm,5.119148065545386,0.2230274582478733,0.2784884182973823,-0.5133520570436265,1.88533446509764,10.380330297071222,8.66492956627162,10.019326791870911,12.560723833163964,10036176790.0,16349676790.0,19.022321436694465,3.315004720066061,60.93610680024286,-33.05723580368907,1.6937265699097122,1.6937265699097122,5.4003887002477295,45.63124976276863,99.2694401335762,-53.85269034914361,0.0131424548171993,-0.0302505631728713,1.253649481056451,0.2853932152599024,17.620708903153783,1.2176761767617676,0.0,1.2562929061784898,0.0051015442504974,0.3881728582259287,0.0,0.0,0.0389757578085981,2.843351548269581,0.1546820809248555,2.377157360406091,0.0,7.0907095712827095,0.0103683499247957,0.0052729416938175,-30.02302137106933,1209300000.0,5124500000.0,-13125200000.0,14906300000.0,1393750000.0,1177700000.0,275200000.0,34.89116432700248,34.57179279174876,9.658129563101172,2.579449603816989,2.6032783588093324,9.318574514038875,0.0222597249177284,0.7918404753410088,2006-05-04,0.26,bmo,2387200000.0,2025-04-25,2006-03-31,0.0,17.75032258064516,6290687.935483871
2005-12-31,WMB,USD,107263,2006-03-09,2006-03-09 17:11:29,2005,Q4,3676100000.0,1963500000.0,1712600000.0,0.4658741601,0,0.0,0.0,147200000.0,3162900000.0,3310100000.0,3310100000.0,0.0,0.0,206800000.0,572800000.0,0.1558173064,366000000.0,0.0995620359,-251900000.0,114100000.0,0.0310383287,45300000.0,66800000.0,0.0181714317,0.11,0.11,591407000,607073000,https://www.sec.gov/Archives/edgar/data/107263/000095013406004636/0000950134-06-004636-index.htm,https://www.sec.gov/Archives/edgar/data/107263/000095013406004636/d33568e10vk.htm,6.215854732865861,0.1129509796130245,0.6215685644573027,-0.0769351732394104,2.700678213142557,9.539285128515557,7.823884397715955,9.177267093558244,13.041949114569157,10870060660.0,16985960660.0,40.68136474550898,2.9569545605397023,29.57035,-238.90243208791208,2.002774879778904,2.002774879778904,4.620647060743723,29.65426092877095,46.2077275843308,-373.3178167032967,0.0061453198918946,-0.0041858092078025,1.421114693689544,0.2619707498658407,10.67719972067039,1.1475823057442427,0.0,5.343023255813954,0.0040386159169787,0.657185628742515,0.0,0.0,0.0344568754118182,1.1237758433079434,0.1123745273523571,0.5582432432432433,0.0,4.829397419836662,0.0104518409785069,0.0023497877100474,-35.26699886879932,1247100000.0,4627100000.0,-14103700000.0,14670800000.0,1551950000.0,1289000000.0,287700000.0,39.50980658850413,62.38349885408709,12.495034377387318,2.2779154789936795,1.4426891991182953,7.202861335289802,0.0123076923076923,0.6985037376967131,2006-02-28,0.3,bmo,4241653846.0,2025-04-25,2005-12-31,-0.1333333333333332,17.766349206349204,6121669.793650794
2005-09-30,WMB,USD,107263,2005-11-04,2005-11-04 09:45:13,2005,Q3,3082300000.0,2826200000.0,256100000.0,0.0830873049,0,0.0,0.0,133400000.0,2826200000.0,2959600000.0,2959600000.0,0.0,0.0,189600000.0,322200000.0,0.1045323298,122700000.0,0.0398079356,-119600000.0,3100000.0,0.0010057425,-2600000.0,4400000.0,0.0014275054,0.01,0.01,572543000,580735000,https://www.sec.gov/Archives/edgar/data/107263/000095013405020499/0000950134-05-020499-index.htm,https://www.sec.gov/Archives/edgar/data/107263/000095013405020499/d29748a1e10vqza.htm,5.383525778849799,0.0076850123047526,0.5047655809257995,-0.1402514745617359,2.3762407365036338,9.362615559006048,7.590696244648874,9.002642596276612,13.485624660505849,11382154840.0,17742754840.0,646.7133431818181,3.692747247185544,39.38461882352941,-141.7453902864259,2.208240501319261,2.208240501319261,5.756336125620479,55.06751967721912,61.3936153633218,-220.9558510585305,0.0003865700354503,-0.0070549031469686,1.4979629054788142,0.2294136523273848,19.741154562383613,1.0671353607733454,0.0,50.70175438596491,0.0042522703899536,11.0,0.0,0.0,0.0301433928178798,1.2778546712802767,0.119813126561334,0.0,0.0,1.2476665942361018,0.010281202403372,0.0001347985527537,-44.827768394688256,794500000.0,4346000000.0,-15666500000.0,14012000000.0,1358700000.0,1080900000.0,281150000.0,43.50939233689128,38.75521902200835,9.642629679428207,2.068518891349574,2.322267871815941,9.333553500660502,0.0008536396088778,0.6450170554875354,2005-11-03,0.25,amc,,2025-04-25,2005-09-30,-0.12,17.28265625,4579043.046875
2005-06-30,WMB,USD,107263,2005-08-04,2005-08-04 08:15:50,2005,Q2,2871200000.0,2491600000.0,379600000.0,0.1322095291,0,0.0,0.0,98200000.0,2491600000.0,2589800000.0,2589800000.0,0.0,0.0,178100000.0,459500000.0,0.1600376149,281400000.0,0.0980078016,-199000000.0,82400000.0,0.0286988019,41700000.0,41300000.0,0.0143842296,0.07,0.07,571208000,578902000,https://www.sec.gov/Archives/edgar/data/107263/000095013405014802/0000950134-05-014802-index.htm,https://www.sec.gov/Archives/edgar/data/107263/000095013405014802/d27092e10vq.htm,5.02654024453439,0.0723029089228442,0.8559053794764779,0.3417319085166874,2.270976596966429,9.539432220837243,7.763371661461324,9.372417753252757,13.557758294701754,8608104560.0,15055204560.0,52.10717046004843,2.9980860128169406,17.60708643894457,44.09889631147541,1.6079095487148836,1.6079095487148836,5.243523460573976,32.76431895538629,30.79403673552874,77.1270725409836,0.0047978041753712,0.0226763044802048,1.4465593245666468,0.2933480304700432,14.030685527747552,1.1835037134119704,0.0,12.012285012285012,0.0049836755235696,1.0387409200968525,0.0,0.0,0.0384284669901551,0.6007363469012068,0.1022917247144051,0.0,0.0,3.904765551477624,0.0066901142544766,0.0016269322282274,-32.56830261480932,1050100000.0,4434500000.0,-14178100000.0,14043700000.0,1235350000.0,949850000.0,241150000.0,38.47067428252995,34.127468293466045,9.37349494300851,2.339444308644993,2.637171888230313,9.601541425818882,0.0077144351464435,0.5141734709597905,2005-08-04,0.21,bmo,3546776470.0,2025-04-25,2005-06-30,-0.1904761904761903,14.380625,3932285.875
2005-03-31,WMB,USD,107263,2005-05-05,2005-05-05 08:16:24,2005,Q1,2954000000.0,2390300000.0,563700000.0,0.1908259986,0,0.0,0.0,101500000.0,2390300000.0,2491800000.0,2491800000.0,0.0,0.0,178200000.0,640400000.0,0.2167907921,462200000.0,0.1564658091,-130500000.0,331700000.0,0.1122884225,129500000.0,201100000.0,0.0680771835,0.36,0.34,564437000,599422000,https://www.sec.gov/Archives/edgar/data/107263/000095013405009041/0000950134-05-009041-index.htm,https://www.sec.gov/Archives/edgar/data/107263/000095013405009041/d24724e10vq.htm,5.23353359188005,0.3562842265833034,0.539298451377213,0.144391668157828,2.143729060993521,9.484495169522903,7.68712894441718,9.320969390738028,13.730318884127016,8421400040.0,14961300040.0,10.469169617105916,2.8508463236289776,27.6655717477004,103.3300618404908,1.6006918781243469,1.6006918781243469,5.064759661475965,23.362429793878825,49.150131537450726,183.5742336196319,0.0238796398514278,0.0096777257478437,1.473056965273422,0.2931781297642061,10.21221111805122,1.187971607622458,0.0,1.5054401582591497,0.0033842353842152,0.1417205370462456,0.0,0.0,0.0383784581279483,0.7322601839684626,0.0754570074475287,1.2508417508417509,0.0,8.644106277324406,0.0138941484728538,0.0079112181151552,-33.35491826368576,1175800000.0,4338900000.0,-13649700000.0,14042600000.0,1333100000.0,999050000.0,241950000.0,37.88287068381855,35.95406434338786,8.388905158348324,2.3757439279395207,2.503194051733166,10.728456014362656,0.038223945562715,0.394906783219385,2005-05-05,0.22,bmo,2954000000.0,2025-04-25,2005-03-31,0.0,13.898688524590163,4746924.131147541
2004-12-31,WMB,USD,107263,2005-03-29,2005-03-29 17:19:49,2004,Q4,2974300000.0,1216000000.0,1758300000.0,0.5911643076,0,0.0,0.0,136600000.0,2549000000.0,2685600000.0,2685600000.0,0.0,0.0,173700000.0,462400000.0,0.1554651515,288700000.0,0.0970648556,-103200000.0,185500000.0,0.0623676159,88900000.0,73400000.0,0.0246780755,0.13,0.12,564437000,599422000,https://www.sec.gov/Archives/edgar/data/107263/000095013405006255/0000950134-05-006255-index.htm,https://www.sec.gov/Archives/edgar/data/107263/000095013405006255/d22803ae10vkza.txt,5.269498633151264,0.1300410851875408,0.7081392608918268,0.2671688780147297,1.6476595262181608,8.95688978575111,7.159523560645386,8.780253597832886,14.10609155671935,7292526040.0,14324526040.0,24.83830395095368,2.45184616212218,18.24499884913685,48.35892599469496,1.4714836941826912,1.4714836941826912,4.816099936119423,30.978646280276816,35.838193745308985,94.99022572944295,0.0100650994727198,0.0206787057286942,1.6065699469319397,0.3318467886466886,15.207612456747404,1.1744495617870538,0.0,4.13768115942029,0.004621169648919,0.4591280653950954,0.0,0.0,0.0422831659233943,0.6227170377783338,0.0836835557946407,0.3723261032161555,0.0,5.0685657129892245,0.0078724570509002,0.0031942903148595,-29.781445936393258,897700000.0,4041100000.0,-12893800000.0,13799000000.0,1344700000.0,981950000.0,261400000.0,43.05281915072455,77.21052631578947,19.324835526315788,2.090455439977509,1.165644171779141,4.65721945614707,0.0148106297544341,0.440970382877097,2005-02-23,0.11,bmo,3622911111.0,2025-04-25,2004-12-31,-0.1818181818181818,11.455,5026914.140625
2004-09-30,WMB,USD,107263,2004-11-04,2004-11-04 08:06:31,2004,Q3,3372800000.0,2854500000.0,518300000.0,0.1536705408,0,0.0,0.0,112100000.0,2854500000.0,2966600000.0,2966600000.0,0.0,0.0,168300000.0,417600000.0,0.1238140417,406200000.0,0.1204340607,-185900000.0,64500000.0,0.0191235769,48400000.0,98600000.0,0.029233871,0.19,0.19,523111000,529525000,https://www.sec.gov/Archives/edgar/data/107263/000095013404016346/0000950134-04-016346-index.htm,https://www.sec.gov/Archives/edgar/data/107263/000095013404016346/d19585e10vq.htm,6.447579959129134,0.1884877205793799,0.9043969635507568,0.5039083483237783,1.867098952230024,7.843268445893893,5.903909495307879,7.663191942054363,17.097136171864097,5021865600.0,12988865600.0,12.73292494929006,1.4889307400379506,10.614807863031071,19.05108345978756,1.2527416868311425,1.2527416868311425,3.851063092979127,31.103605363984677,27.45479940815895,49.27490743550835,0.019634137560352,0.0524904529503935,2.231072417491955,0.3499223368584966,19.078065134099617,1.1290036151455571,0.0,29.385093167701864,0.0011748621866742,0.0598377281947261,0.0,0.0,0.0396923209346182,0.4428239272880998,0.0621145635673624,0.0,0.0,5.700824114476977,0.005191923669,0.0040171768943066,-37.08333412985007,813600000.0,3088400000.0,-14335800000.0,13645000000.0,1363800000.0,982750000.0,258500000.0,33.79803130929792,29.028901734104046,8.251182343667892,2.662876993525975,3.100358422939068,10.907527703477264,0.0245965026068301,0.4004886152269786,2004-11-04,0.12,bmo,4500266666.0,2025-04-25,2004-09-30,-0.25,9.50046875,2809777.90625
2004-06-30,WMB,USD,107263,2004-08-05,2004-08-05 07:47:09,2004,Q2,3048700000.0,2658300000.0,390400000.0,0.1280545806,0,0.0,0.0,110200000.0,2658300000.0,2768500000.0,2768500000.0,0.0,0.0,168300000.0,350600000.0,0.114999836,280200000.0,0.0919080264,-218800000.0,-35300000.0,-0.0115787057,-17300000.0,-18200000.0,-0.0059697576,-0.0349,-0.0349,521698000,521698000,https://www.sec.gov/Archives/edgar/data/107263/000095013404011381/0000950134-04-011381-index.htm,https://www.sec.gov/Archives/edgar/data/107263/000095013404011381/d17239e10vq.htm,5.843802353085501,-0.0348860835195841,0.9819857465430192,0.5963220100517924,1.974897354408106,7.8371011581413,5.892489524590856,7.665162603651921,18.70737476471061,4924829120.0,13654129120.0,-67.64875164835165,1.6153865975661756,9.613174155768103,15.830373256187722,1.2315459551376629,1.2315459551376629,4.478672588316331,38.94503456930976,26.652604177239898,43.88983966570235,-0.0036955596948712,0.063169704454639,2.440571157068194,0.3729536387398541,24.89817455790074,1.2550122881904022,0.0,-20.57429718875502,0.0018680851204843,-0.5054945054945055,0.0,0.0,0.0387681325568242,0.3927386297091548,0.0659953422770361,0.0,0.0,,0.0070521607372503,-0.0007235458517367,-38.00302090481466,1577200000.0,3074100000.0,-14317800000.0,14361800000.0,1486000000.0,1021050000.0,231100000.0,43.12985862826778,35.372982733325806,8.643493962306737,2.086721423682409,2.544314701378254,10.412455934195064,-0.0045512515941884,0.3856637364912267,2004-08-05,0.07,bmo,2155866428.0,2025-04-25,2004-06-30,0.7142857142857141,8.760967741935483,4495989.096774193
2004-03-31,WMB,USD,107263,2004-05-06,2004-05-06 07:17:23,2004,Q1,3114200000.0,2727200000.0,387000000.0,0.1242694753,0,0.0,0.0,117400000.0,2735500000.0,2852900000.0,2852900000.0,0.0,0.0,167700000.0,422000000.0,0.1355083167,261300000.0,0.0839059791,-244200000.0,20400000.0,0.006550639,15000000.0,9900000.0,0.0031789866,0.02,0.02,519485000,519485000,https://www.sec.gov/Archives/edgar/data/107263/000095013404006766/0000950134-04-006766-index.htm,https://www.sec.gov/Archives/edgar/data/107263/000095013404006766/d14925e10vq.htm,5.994783294994081,0.0190573356304801,0.197888293213471,-0.048124584925455,3.8457318305629618,7.93439656582962,5.981500909554655,7.765575521911123,21.69109791428049,3942891150.0,13213291150.0,99.56795833333334,1.266100812407681,38.35497227626459,-157.715646,0.9773905332044324,0.9773905332044324,4.242916688073984,31.31111646919431,128.53396060311283,-528.531646,0.0025108479091541,-0.0063405250231166,2.793237649041917,0.4054738720844038,21.96777251184834,1.4296906828794385,0.0,19.03703703703704,0.0016231744059178,0.6464646464646465,0.0,0.0,0.036505674662291,1.2431906614785992,0.041037826729176,0.7811735941320294,0.0,1.8247743776725625,0.0031653066135889,0.0003697382328006,-39.33491823633021,2742200000.0,3107300000.0,-14544400000.0,15790400000.0,1574700000.0,1112650000.0,226350000.0,43.66771562520069,32.91177764740393,6.827882076855382,2.06101919258769,2.7345833751128046,13.181246979217011,0.0024540789767234,0.246012878138926,2004-05-06,0.08,bmo,12280000000.0,2025-04-25,2004-03-31,-0.75,7.920967741935484,5142366.306451613
2003-12-31,WMB,USD,107263,2004-03-15,2004-03-15 15:11:13,2003,Q4,3549200000.0,1237500000.0,2311700000.0,0.6513298772,0,0.0,0.0,115100000.0,3183700000.0,3298800000.0,3298800000.0,0.0,0.0,339600000.0,590000000.0,0.1662346444,250400000.0,0.0705511101,-299700000.0,-186900000.0,-0.0526597543,-102400000.0,-53700000.0,-0.0151301702,-0.1,-0.1,519485000,525752000,https://www.sec.gov/Archives/edgar/data/107263/000095013404003499/0000950134-04-003499-index.htm,https://www.sec.gov/Archives/edgar/data/107263/000095013404003499/d12870e10vk.htm,6.832151072696998,-0.1033716084198773,0.1449512497954705,-0.2835500543807809,4.457684052475048,8.058365496597592,6.105469840322627,7.896474392908361,23.06033860457953,4046788150.0,13710588150.0,-18.8397958566108,1.1401972698072804,53.74220650730411,-27.47310353021045,0.986516211208893,0.986516211208893,3.8630080440662686,23.238285,182.07952390438248,-93.07934928716904,-0.013269782852359,-0.0363992367626163,2.920333487725799,0.443327239488117,16.379322033898305,1.402688952329309,0.0,-0.8911242603550296,0.0061777387580815,-0.4655493482309125,0.0,0.0,0.0375437609633703,2.956175298804781,0.0627183590668319,0.3316448152562574,0.0,,0.0052193710884287,-0.0020648048817062,-36.89846675072428,2524900000.0,3171700000.0,-14040600000.0,15618500000.0,1664900000.0,1312950000.0,257900000.0,41.54626394680492,89.30909090909091,17.876363636363635,2.166259765625,1.0077361563517917,5.034580960130187,-0.013090855903074,0.4285013041762515,2004-02-19,0.03286,bmo,958227272.0,2025-04-25,2003-12-31,2.3475349969567865,7.7528125,3563868.921875
2003-09-30,WMB,USD,107263,2003-11-06,2003-11-06 08:02:22,2003,Q3,4795300000.0,0.0,4795300000.0,1.0,0,0.0,0.0,115100000.0,4434700000.0,4549800000.0,4549800000.0,0.0,0.0,-4500000.0,406000000.0,0.0846662357,245500000.0,0.0511959627,-198900000.0,46600000.0,0.0097178487,23800000.0,106300000.0,0.022167539,0.21,0.2,518292000,524711000,https://www.sec.gov/Archives/edgar/data/107263/000095013403014506/0000950134-03-014506-index.htm,https://www.sec.gov/Archives/edgar/data/107263/000095013403014506/d10156e10vq.txt,9.252120426323383,0.2050967408333526,0.4358546919497117,-0.1084330840530048,6.614032244371899,8.28490503422781,6.240690575968759,8.094664783558303,24.908738703279237,3871641240.0,13353641240.0,9.10545917215428,0.807382487018539,17.138739442231074,-68.89041352313167,0.9228300614959242,0.9228300614959242,2.784735311659333,32.89074197044335,59.11306436476317,-237.60927473309607,0.0274560563364595,-0.0145158077714865,3.077179768317681,0.4260487035380853,23.354679802955665,1.401412544683167,0.0,11.019512195121951,0.0011622977752969,0.0423330197554092,0.0,0.0,0.0349650349650349,1.2487826471890218,0.05882843617709,0.0,0.0,6.111813210336379,0.0049764418723334,0.0036351574094972,-40.85756677702916,3245300000.0,3234500000.0,-14677700000.0,16430100000.0,1693950000.0,916150000.0,284750000.0,31.744833482785225,0.0,0.0,2.8351070119427693,0.0,0.0,0.0253372741574104,0.5442877760027166,2003-11-06,0.05,bmo,23745500000.0,2025-04-25,2003-09-30,3.052,6.40921875,4836748.359375
2003-06-30,WMB,USD,107263,2003-08-12,2003-08-12 08:33:02,2003,Q2,3763800000.0,0.0,3763800000.0,1.0,0,0.0,0.0,138600000.0,2943800000.0,3082400000.0,3082400000.0,0.0,0.0,235000000.0,941000000.0,0.2500132844,681400000.0,0.1810404379,-436000000.0,245400000.0,0.0652000638,127400000.0,247000000.0,0.0656251661,0.48,0.46,518090000,534839000,https://www.sec.gov/Archives/edgar/data/107263/000095013403011381/0000950134-03-011381-index.htm,https://www.sec.gov/Archives/edgar/data/107263/000095013403011381/d07692e10vq.txt,7.264760948869887,0.4767511436236947,1.0917022139010597,0.6908066166110135,6.337894960335077,7.901908934741068,5.8568974502499564,7.723561543361192,25.142349784786425,3248424300.0,12990824300.0,3.2878788461538457,0.8630703809979277,5.7433244342291365,9.076346186085498,0.8118016493814819,0.8118016493814819,3.451518226260694,13.805339319872475,22.968218352192363,36.29735764179939,0.0760368650117535,0.1101764938773546,3.2552792702736477,0.384781260154196,10.353241232731136,1.2530419601891412,0.0,4.131482834185537,0.0096046566330636,0.1263157894736842,0.0,0.0,0.031297078545476,0.3672206506364922,0.0551835910515967,0.0,0.0,9.102190833503895,0.0134999650501121,0.0075319804229496,-48.35718697523596,2884400000.0,3034400000.0,-15475800000.0,16132700000.0,2142950000.0,1180850000.0,341450000.0,40.56671449067432,0.0,0.0,2.2185676392572944,0.0,0.0,0.0617268524303386,0.4008955972900461,2003-08-12,0.2309,bmo,60973560000.0,2025-04-25,2003-06-30,1.0,5.698412698412699,7868877.285714285
2003-03-31,WMB,USD,107263,2003-05-13,2003-05-13 08:02:20,2003,Q1,5360200000.0,0.0,5360200000.0,1.0,0,0.0,0.0,172300000.0,4960800000.0,5133100000.0,5133100000.0,0.0,0.0,273800000.0,477400000.0,0.0890638409,227100000.0,0.0423678221,-278800000.0,-82000000.0,-0.0152979366,-24300000.0,-53200000.0,-0.0099250028,-0.1,-0.1,517652000,517652000,https://www.sec.gov/Archives/edgar/data/107263/000095013403007654/0000950134-03-007654-index.htm,https://www.sec.gov/Archives/edgar/data/107263/000095013403007654/d05601e10vq.txt,10.354832976594317,-0.1027717462696947,-0.1868050350428473,-0.6589368919660312,2.8998245925834345,8.853824577129037,6.762651356509779,8.022571148184495,26.587746207877107,1879076760.0,14141176760.0,-8.830247932330828,0.3505609417559046,-19.43202440537745,-5.508873526824978,0.4524733944954128,0.4524733944954128,2.638180806686317,29.62123326351068,-146.23760868665977,-41.45756892406919,-0.0283117758318718,-0.1815253145911931,3.314117845361073,0.3883269426645562,25.68516966904064,1.0071543774037468,0.0,1.6759098786828424,0.0065989853442708,-0.2330827067669172,0.0,0.0,0.0305426002262832,-2.527404343329886,0.0455953136077012,0.0,0.0,,0.0066017588205527,-0.0015483210030326,-52.59179912373564,103800000.0,3500700000.0,-16246700000.0,15863400000.0,2556900000.0,1902800000.0,413250000.0,43.47710906309466,0.0,0.0,2.070054838958832,0.0,0.0,-0.0128103253148402,0.4721318569231839,2003-05-13,0.02909,bmo,3582075000.0,2025-04-25,2003-03-31,0.3750429700928153,2.84327868852459,7074835.557377049
2002-12-31,WMB,USD,107263,2003-03-19,2003-03-19 16:24:45,2002,Q4,-909800000.0,0.0,-909800000.0,1.0,0,0.0,0.0,109900000.0,-1350300000.0,-1240400000.0,-1240400000.0,0.0,0.0,278200000.0,608800000.0,-0.6691580567,330600000.0,-0.3633765663,-80100000.0,250500000.0,-0.2753352385,118000000.0,-219200000.0,0.240932073,-0.42,-0.42,516688000,517652000,https://www.sec.gov/Archives/edgar/data/107263/000095013403004171/0000950134-03-004171-index.htm,https://www.sec.gov/Archives/edgar/data/107263/000095013403004171/d03793e10vk.txt,-1.7608305205462484,-0.4242405474870715,0.8982209766822531,0.0460626141888334,3.344958659771468,10.591885238286936,8.496810454278016,9.771854581488247,26.92921066484997,1105712320.0,13291412320.0,-1.26107700729927,-1.215335590239613,2.3824872225813403,46.458500840336136,0.2189963002574767,0.2189963002574767,-14.609158408441417,21.832149014454664,28.6391129497953,558.4627025210084,-0.1982432464892857,0.0215245860695483,2.7557932263814617,0.3976735212998556,20.015932982917217,1.1395056815669629,0.0,3.5026415094339622,0.0224289804422184,-0.1131386861313868,0.0,0.0,0.0309387370135901,0.9487179487179488,-0.4839525170367114,0.0,0.0,,0.0067886277989461,-0.0064649324603315,-49.68694840987211,1577600000.0,4390200000.0,-16629700000.0,17377800000.0,2980950000.0,2311900000.0,631650000.0,-249.72081776214551,0.0,0.0,-0.3604024718745048,0.0,0.0,-0.0434145375321845,0.8521583624934196,2003-02-20,-0.17,bmo,-2552791764.0,2025-04-25,2002-12-31,-2.117647058823529,1.75875,5889627.34375
2002-09-30,WMB,USD,107263,2002-11-14,2002-11-14 08:17:03,2002,Q3,2103900000.0,0.0,2103900000.0,1.0,0,0.0,0.0,262800000.0,1844900000.0,2107700000.0,2107700000.0,0.0,0.0,168200000.0,136600000.0,0.0649270403,-3800000.0,-0.0018061695,-233100000.0,-640500000.0,-0.3044346214,-231800000.0,-294100000.0,-0.1397880127,-0.57,-0.57,516901000,516901000,https://www.sec.gov/Archives/edgar/data/107263/000095013402014240/0000950134-02-014240-index.htm,https://www.sec.gov/Archives/edgar/data/107263/000095013402014240/d00961e10vq.txt,4.070218475104517,-0.5689677520453627,-0.89533585734986,-1.7618460788429506,2.50086573637892,11.19846933938994,9.094971764419103,10.386901940603714,28.275433787127515,925252790.0,14248152790.0,-0.7865120622237335,0.4397798326916678,-1.9992497623163352,-1.0159797847809378,0.1723324250325945,0.1723324250325945,6.772257612053805,104.30565732064422,-30.78684699654278,-15.645275930602834,-0.3178590793549511,-0.9842715524262292,2.722220152728627,0.4074864014140856,97.53221083455344,1.0929812238744605,0.0,1.1340357755452095,0.0206430071937421,-0.064943896633798,0.0,0.0,0.0303141823980907,-0.9678046672428696,0.2128903464993583,0.0,0.0,,-9.144765115845964e-05,-0.0084559119504088,-49.90950878408051,1085500000.0,4701200000.0,-17319300000.0,17559700000.0,3558250000.0,3084550000.0,894700000.0,147.04833879937257,0.0,0.0,0.6120436363636363,0.0,0.0,-0.0547774259638666,0.8665102214930905,2002-11-14,-0.00723,bmo,17979999.0,2025-04-25,2002-09-30,54.32503457814661,2.60617484375,12367220.40625
2002-06-30,WMB,USD,107263,2002-08-14,2002-08-14 16:03:36,2002,Q2,2155600000.0,0.0,2155600000.0,1.0,0,0.0,0.0,267400000.0,1866100000.0,2133500000.0,2133500000.0,0.0,0.0,228000000.0,-84400000.0,-0.0391538319,22100000.0,0.0102523659,-279800000.0,-513700000.0,-0.2383095194,-164600000.0,-349100000.0,-0.1619502691,-0.67,-0.67,520427000,520427000,https://www.sec.gov/Archives/edgar/data/107263/000095013402010079/0000950134-02-010079-index.htm,https://www.sec.gov/Archives/edgar/data/107263/000095013402010079/d98983e10vq.txt,4.141983409776971,-0.670795327682845,0.2647825727719737,-0.7040372617100957,1.4858952360273392,11.647166653536424,9.520451475423066,10.795558262734255,27.51490602908765,2336717230.0,15882917230.0,-1.6733867301632772,1.0840217248097976,16.957309361393325,-6.3775033569869,0.4159117936030472,0.4159117936030472,7.368211741510485,-188.1862231042654,115.26064753265602,-43.34857322598253,-0.1493976230919476,-0.1568011718730725,2.548724703202036,0.3811865110633132,-160.5,0.9904745133196722,0.0,-0.394729303924377,0.0515252759102563,-0.3448868519048983,0.0,0.0,0.0294631258385331,3.658925979680697,0.233902393765077,0.0,0.0,,0.0005477222137168,-0.0095751917232602,-52.81614904684038,-119000000.0,4954700000.0,-19130300000.0,18444300000.0,3455750000.0,3135650000.0,938750000.0,153.6045648543329,0.0,0.0,0.5859200869801576,0.0,0.0,-0.0621362333802039,0.9688198344820697,2002-07-29,-0.33,bmo,725126470.0,2025-04-25,2002-06-30,0.0303030303030303,12.51796875,7372170.75
2002-03-31,WMB,USD,107263,2002-05-09,2002-05-09 17:29:04,2002,Q1,2184800000.0,0.0,2184800000.0,1.0,0,0.0,0.0,196500000.0,1537200000.0,1733700000.0,1733700000.0,0.0,0.0,211600000.0,662700000.0,0.3033229586,451100000.0,0.2064719883,-240800000.0,210300000.0,0.0962559502,87100000.0,107700000.0,0.04929513,0.21,0.21,519224000,521240000,https://www.sec.gov/Archives/edgar/data/107263/000095013402004940/0000950134-02-004940-index.htm,https://www.sec.gov/Archives/edgar/data/107263/000095013402004940/d96548e10-q.txt,4.207817820439733,0.2074249264286704,-1.945595735174029,-2.776451011509484,3.279894611959385,12.025253069965949,9.78286828035684,11.637559126696765,28.601335839637613,9782180160.0,22929680160.0,22.70701058495822,4.477380153789821,-9.68340938428034,-6.785641065482797,1.6188961787339675,1.6188961787339675,10.495093445624311,34.60039257582616,-22.69815893882399,-15.905715982241954,0.0110098156278487,-0.147370011226618,2.4576748034753826,0.3701751106125756,19.839293798098687,1.0407700261088837,0.0,-8.199675324675324,0.0120116372912927,1.0909935004642526,0.0,0.0,0.0290222471489998,-0.427044149673332,0.1974551446356646,0.0,0.0,7.3697487424910575,0.0090222120219825,0.0027648562890853,-56.41529474754634,548100000.0,5079500000.0,-19881900000.0,18760500000.0,3183200000.0,2709350000.0,861050000.0,133.15864152325156,0.0,0.0,0.6758855375096674,0.0,0.0,0.0178237484484898,0.8308552763354544,2002-04-25,0.42,bmo,1047447058.0,2025-04-25,2002-03-31,0.2142857142857143,16.503,6798158.266666667
2001-12-31,WMB,USD,107263,2002-03-07,2002-03-07 00:00:00,2001,Q4,2315700000.0,0.0,2315700000.0,1.0,0,0.0,0.0,180100000.0,1906800000.0,2086900000.0,2086900000.0,0.0,0.0,235500000.0,464300000.0,0.2005009284,228800000.0,0.0988038174,-356600000.0,-127800000.0,-0.0551884959,-24100000.0,-1237700000.0,-0.5344820141,-2.38,-2.37,519224000,521240000,https://www.sec.gov/Archives/edgar/data/107263/000095013402001868/0000950134-02-001868-index.htm,https://www.sec.gov/Archives/edgar/data/107263/000095013402001868/d93687e10-k.txt,4.459924810871608,-2.3837495955502828,1.419040722308676,0.2349660262237493,2.505854891145248,12.027564211207494,9.753786419734064,11.640448053248694,23.03822627613516,10514286000.0,21175186000.0,-2.12375494869516,4.540435289545278,14.270203583061887,86.18267213114754,1.739623759099934,1.739623759099934,9.14418361618517,45.60668964031876,28.739394679695984,173.5670983606557,-0.1177160294098905,0.0116032605542592,1.9791528788881536,0.3074574232384555,22.961231962093475,0.9587609766942088,0.0,-7.105110896817743,0.0154646734928077,-0.1313727074412216,0.0,0.0,0.0303447779531282,0.8344191096634094,0.2654920758302025,0.0,0.0,,0.0066696544754129,-0.0328079606421104,-55.08754410427869,-556500000.0,5064400000.0,-19723200000.0,18343300000.0,3661750000.0,2971200000.0,837700000.0,121.7994558880684,0.0,0.0,0.7389195571013752,0.0,0.0,-0.2047816015883521,1.1840746960849269,2002-01-29,0.39,bmo,2612584615.0,2025-04-25,2001-12-31,-0.1282051282051281,21.8571875,4729873.34375
2001-09-30,WMB,USD,107263,2001-11-13,2001-11-13 00:00:00,2001,Q3,2810400000.0,0.0,2810400000.0,1.0,0,0.0,0.0,276100000.0,1831000000.0,2107100000.0,2107100000.0,0.0,0.0,204100000.0,915900000.0,0.3258966695,703300000.0,0.2502490749,-284300000.0,419000000.0,0.1490890976,197700000.0,221300000.0,0.0787432394,0.44,0.44,502877000,506165000,https://www.sec.gov/Archives/edgar/data/107263/000095013401508405/0000950134-01-508405-index.htm,https://www.sec.gov/Archives/edgar/data/107263/000095013401508405/d91921e10-q.txt,5.588642948474478,0.4400678495934393,-0.3607243918492991,-1.4685499635099637,0.8230640892305673,16.962398359837493,14.690669885478954,14.824698683773567,22.426557587640715,10771625340.0,21635525340.0,12.168578106642569,3.8327730358667806,-59.380514553473,-14.585816303317536,1.444886028169014,1.444886028169014,7.698379355251921,23.622147985587947,-119.26970970231532,-29.296581367637103,0.0205447175347077,-0.068559755532678,1.5127833668678738,0.2951291572785249,11.861447756305273,0.9317247357074596,0.0,-0.8197017623136015,0.0085966599354448,0.4184365115228197,0.0,0.0,0.0298955070381623,-3.0711135611907387,0.1982280102476515,0.0,0.0,12.1155746289384,0.013670965558366,0.0059696741631531,-51.09837992192922,-921600000.0,7387600000.0,-17106400000.0,17918000000.0,4022600000.0,3542750000.0,806450000.0,134.1673783091375,0.0,0.0,0.6708038953599389,0.0,0.0,0.0296847753185781,1.1078255716606646,2001-10-25,0.53,bmo,2223798461.0,2025-04-25,2001-09-30,0.2264150943396226,25.04677966101695,2379441.2033898304
2001-06-30,WMB,USD,107263,2001-08-13,2001-08-13 00:00:00,2001,Q2,2820600000.0,0.0,2820600000.0,1.0,0,0.0,0.0,223200000.0,1888500000.0,2111700000.0,2111700000.0,0.0,0.0,179500000.0,755900000.0,0.2679926257,708900000.0,0.2513295044,-40900000.0,556500000.0,0.1972984471,217000000.0,339500000.0,0.1203644615,0.7,0.7,487211000,491698000,https://www.sec.gov/Archives/edgar/data/107263/000095013401505186/0000950134-01-505186-index.htm,https://www.sec.gov/Archives/edgar/data/107263/000095013401505186/d89684e10-q.txt,5.789278156691864,0.6968233475845168,2.519031795259138,1.6142903177473416,2.0824652973762907,14.318231731221177,14.318231731221177,12.113027004726904,20.77416150292173,12735695540.0,21842495540.0,9.378273593519882,4.515243402113025,10.377002802900677,16.19287417673236,2.1580072421038365,2.1580072421038365,7.743918152166206,28.896012091546503,17.797193465330402,27.771768010171648,0.0266573583620702,0.0617555592099212,1.7150264335095566,0.3010019122278495,12.047625347268156,0.8643873636300733,0.0,3.615022091310751,0.0051430249564524,0.1929307805596465,0.0,0.0,0.0,0.3591623889839485,0.1562788059278168,0.0,0.0,13.78094338582623,0.0182040486974643,0.0100964440888962,-45.90978036210184,-1763900000.0,6976000000.0,-15406700000.0,13049300000.0,3553150000.0,3503600000.0,712050000.0,123.0248883216337,0.0,0.0,0.7315592903828197,0.0,0.0,0.0575267724007049,0.9047414775117968,2001-07-30,0.54,bmo,2130026086.0,2025-04-25,2001-06-30,0.2777777777777775,30.837619047619047,3381812.412698413
2001-03-31,WMB,USD,107263,2001-05-15,2001-05-15 00:00:00,2001,Q1,3088000000.0,0.0,3088000000.0,1.0,0,0.0,0.0,255500000.0,2041400000.0,2296900000.0,2296900000.0,0.0,0.0,178600000.0,969800000.0,0.3140544041,791100000.0,0.2561852332,-195700000.0,617900000.0,0.2000971503,239600000.0,199200000.0,0.064507772,0.42,0.41,479090000,483310000,https://www.sec.gov/Archives/edgar/data/107263/000095013401501933/0000950134-01-501933-index.htm,https://www.sec.gov/Archives/edgar/data/107263/000095013401501933/d86940e10-q.txt,6.445553027614853,0.4157882652528752,-0.4097351228370452,-1.0557515289402826,0.4963576780980609,16.978438289256715,16.978438289256715,14.74691602830366,18.680206224300235,15378789000.0,24090489000.0,19.300689006024097,4.980177784974093,-78.34329597554763,-30.40488137603796,2.1767263025293344,2.1767263025293344,7.801324158031088,24.84067745926995,-122.72281711665818,-47.62848754448399,0.0129529054595911,-0.0328894557302268,1.2667195085702962,0.2452415010166444,8.982986182718086,0.9487151116151696,0.0,-0.5189003436426117,0.0051889651389325,0.4006024096385542,0.0,0.0,0.0,-1.576668364747835,0.1002266839378238,0.0,0.0,11.745674916660152,0.020072072116785,0.0054586409299419,-52.90482999018973,-741600000.0,8134200000.0,-14639600000.0,13805300000.0,3415600000.0,3190550000.0,760650000.0,94.74190414507773,0.0,0.0,0.9499492417017872,0.0,0.0,0.0281949300080678,0.6460164061032374,2001-04-26,0.73,bmo,3003669230.0,2025-04-25,2001-03-31,0.0684931506849315,30.60322580645161,3281871.419354839
2000-12-31,WMB,USD,107263,2001-03-12,2001-03-12 00:00:00,2000,Q4,2252400000.0,0.0,2252400000.0,1.0,0,0.0,0.0,5300000.0,1560000000.0,1565300000.0,1565300000.0,0.0,0.0,200400000.0,887500000.0,0.394024152,687100000.0,0.3050523886,-228500000.0,458600000.0,0.2036050435,179600000.0,-48300000.0,-0.0214437933,-0.1,-0.0999,479090000,483310000,https://www.sec.gov/Archives/edgar/data/107263/000095013401002063/0000950134-01-002063-index.htm,https://www.sec.gov/Archives/edgar/data/107263/000095013401002063/d84653e10-k405.txt,4.701413095660523,-0.1008161305808929,-0.0139848462710555,-2.4442171617023942,2.527082594084619,15.701225239516583,15.612515393767351,12.298315556576007,29.331440856624017,14334372800.0,27176072800.0,-74.1944761904762,6.364044041910851,-2139.458626865672,-12.241138172502136,2.4328534962661235,2.4328534962661235,12.065384833954893,30.62092709859155,-4056.130268656717,-23.20757711357814,-0.0033695230809121,-0.0816917500568982,2.3849966055668705,0.349588277732169,14.469521126760563,0.9210402594697532,0.0,0.0958512160228898,0.0046531509212597,-1.380952380952381,0.0,0.0,0.0010572928327984,-173.77611940298507,0.5169152903569526,0.0,0.0,,0.0154451916861674,-0.0012028539765157,-59.18381723684485,-1326800000.0,7479800000.0,-17198000000.0,18383500000.0,3302500000.0,2896700000.0,896100000.0,143.0673947789025,0.0,0.0,0.6290741516547969,0.0,0.0,-0.0081975560081466,2.4302323154313386,2001-02-05,0.22,bmo,2196089998.0,2025-04-25,2000-12-31,1.5909090909090908,29.75761904761905,2095849.047619048
2000-09-30,WMB,USD,107263,2000-11-14,2000-11-14 00:00:00,2000,Q3,2858800000.0,0.0,2858800000.0,1.0,0,0.0,0.0,361000000.0,2170200000.0,2531200000.0,2531200000.0,0.0,0.0,221700000.0,645200000.0,0.2256891003,327600000.0,0.1145935357,-143600000.0,184000000.0,0.0643626697,62900000.0,121100000.0,0.042360431,0.27,0.27,445066000,450294000,https://www.sec.gov/Archives/edgar/data/107263/000095013400009723/0000950134-00-009723-index.htm,https://www.sec.gov/Archives/edgar/data/107263/000095013400009723/d81831e10-q.txt,6.423316991187824,0.2720944758754881,0.8778473305082841,-2.665672057627408,2.3086463580682417,15.076640318514558,14.191603043144164,13.920182624599498,30.292810504509443,14086338900.0,26541138900.0,29.07997295623452,4.927360745767455,36.05410519580241,-11.873178438975051,2.273677066856054,2.273677066856054,9.284013886945573,41.13629711717297,67.93227258766316,-22.371155512474715,0.0085969818602049,-0.0842234457386226,2.176179100623043,0.4183372998265499,19.30378177309361,0.8873080194106758,0.0,3.226259289843105,0.0047208859925981,0.5491329479768786,0.0,0.0,0.0122221774030898,4.036600972613258,0.5516650342801175,0.0,0.0,9.231527928515312,0.0083887361559197,0.0038040610157565,-48.87022374209668,-1126300000.0,6316200000.0,-16650000000.0,17529100000.0,2896750000.0,2579900000.0,877450000.0,95.21652441583882,0.0,0.0,0.9452140849727227,0.0,0.0,0.0195467604997256,3.5435193881356923,2000-10-26,0.11,bmo,949014814.0,2025-04-25,2000-09-30,1.4545454545454548,33.09047619047619,1802443.492063492
2000-06-30,WMB,USD,107263,2000-08-11,2000-08-11 00:00:00,2000,Q2,2859100000.0,0.0,2859100000.0,1.0,0,0.0,0.0,414700000.0,1970500000.0,2385200000.0,2385200000.0,0.0,0.0,210100000.0,768000000.0,0.268615998,473900000.0,0.1657514602,-4900000.0,589100000.0,0.20604386,237300000.0,351800000.0,0.1230457137,0.79,0.78,443778000,448617000,https://www.sec.gov/Archives/edgar/data/107263/000095013400006697/0000950134-00-006697-index.htm,https://www.sec.gov/Archives/edgar/data/107263/000095013400006697/e10-q.txt,6.4426357322805545,0.7927387116981914,0.2661240530174997,-2.4870543379798007,0.9630941596924588,14.671299613770849,13.747414247664372,13.503147970381589,24.767113286372915,13859186940.0,24422886940.0,9.848768433769187,4.847394963450037,117.3512865368332,-12.557023593367765,2.3127940291035314,2.3127940291035314,8.542159050050715,31.800634036458337,206.79836528365792,-22.12819329527952,0.0253838844603967,-0.0796367063073903,1.8341732861624724,0.3870500861003412,13.754817708333333,0.8874951556646428,0.0,0.3357021034678795,0.0047838304142248,0.1884593519044912,0.0,0.0,0.0144380940307284,10.345469940728195,0.4273372739673324,0.0,0.0,15.519359936317697,0.012686182024139,0.0125700769282991,-42.76135815655576,-870900000.0,6100800000.0,-15016200000.0,16561300000.0,2670500000.0,2313200000.0,759300000.0,87.16379280193068,0.0,0.0,1.0325388226796677,0.0,0.0,0.0587076964154595,2.7531783909973004,2000-07-28,0.3,bmo,2830508998.0,2025-04-25,2000-06-30,0.7333333333333335,30.002380952380957,2330637.9523809524
2000-03-31,WMB,USD,107263,2000-05-15,2000-05-15 00:00:00,2000,Q1,2394300000.0,0.0,2394300000.0,1.0,0,0.0,0.0,357300000.0,1802600000.0,2159900000.0,2159900000.0,0.0,0.0,199700000.0,540300000.0,0.2256609447,234400000.0,0.0978991772,4800000.0,195500000.0,0.0816522574,74200000.0,99700000.0,0.041640563,0.22,0.22,442884000,448105000,https://www.sec.gov/Archives/edgar/data/107263/000095013400004450/0000950134-00-004450-index.html,https://www.sec.gov/Archives/edgar/data/107263/000095013400004450/,5.406156013764327,0.2251153800995294,0.0083543320598621,-2.114774974937004,1.413688460183705,14.055147623305425,13.097334742280143,12.885766927683097,24.561510463236424,14575312439.999998,24827112440.0,36.54792487462387,6.087504673599799,3939.273632432432,-15.561939397821908,2.553980697050938,2.553980697050938,10.36925716910997,45.95060603368499,6710.030389189189,-26.507700661968823,0.0068403336402166,-0.0642593429029779,1.9060961292470515,0.4216256652157567,18.97427355173052,0.9480102492724282,0.0,0.0305028854080791,0.0045487875661621,0.6649949849548646,0.0,0.0,0.0164419241935046,254.13513513513516,0.3927243870859959,0.0,0.0,8.078839470832728,0.0067928644858449,0.0039289556544252,-37.63129848899486,-328700000.0,5800600000.0,-13581400000.0,15964900000.0,2540100000.0,2110950000.0,669450000.0,96.6796140834482,0.0,0.0,0.930909797822706,0.0,0.0,0.0174700800785014,2.123129306996866,2000-05-03,0.15,bmo,1777767746.0,2025-04-25,2000-03-31,0.8000000000000002,30.52,2935478.873015873
1999-12-31,WMB,USD,107263,2000-03-28,2000-03-28 00:00:00,1999,Q4,2410100000.0,0.0,2410100000.0,1.0,0,0.0,0.0,386700000.0,1792000000.0,2178700000.0,2178700000.0,0.0,0.0,140300000.0,371700000.0,0.1542259657,231400000.0,0.0960126136,-118500000.0,112900000.0,0.0468445293,39700000.0,138000000.0,0.0572590349,0.31,0.31,442884000,448105000,https://www.sec.gov/Archives/edgar/data/107263/000095013400002540/0000950134-00-002540-index.html,https://www.sec.gov/Archives/edgar/data/107263/000095013400002540/,5.441831269587522,0.3115940065570217,1.7745052880664012,-1.4812004949377264,2.4656569214512154,13.87880347901482,12.89525022353483,12.610977140741142,24.408422973058407,10142043600.0,19860143600.0,18.37326739130435,4.208142234762043,12.90500521694872,-15.46043231707317,1.8158783212776624,1.8158783212776624,8.240381560931082,53.43057196663976,25.270573355388727,-30.274609146341465,0.0136067251771625,-0.0646812443204247,1.9354902241638616,0.427470984835004,26.14500941619585,1.1289629603963829,0.0,10.736338797814208,0.0064385445947008,0.4731884057971015,0.0,0.0,0.0172252209502342,1.834711795393816,0.5982739305423012,0.0,0.0,9.402864463149369,0.0071134660467126,0.0055526719215866,-35.79470019237543,744400000.0,5711100000.0,-12625200000.0,16335500000.0,2454100000.0,1857350000.0,643600000.0,93.6633334716402,0.0,0.0,0.9608882864205406,0.0,0.0,0.0247081572727923,3.255705783004128,2000-02-08,0.15,bmo,2892120000.0,2025-04-25,1999-12-31,-0.2,25.60546875,2397979.203125
1999-09-30,WMB,USD,107263,1999-11-12,1999-11-12 00:00:00,1999,Q3,2212700000.0,0.0,2212700000.0,1.0,0,0.0,0.0,323900000.0,1692400000.0,2016300000.0,2016300000.0,0.0,0.0,181100000.0,377500000.0,0.1706060469,196400000.0,0.088760338,-127900000.0,48500000.0,0.0219189226,32800000.0,15700000.0,0.0070954038,0.0339,0.0339,463333333,463333333,https://www.sec.gov/Archives/edgar/data/107263/000095013499009940/0000950134-99-009940-index.html,https://www.sec.gov/Archives/edgar/data/107263/000095013499009940/,4.775611514227059,0.0338848921107085,0.0714388489722581,-1.877482015739196,0.6213669069218467,10.279424467826924,9.094748207981834,9.13035971879882,20.721582748720564,13061366657.27,22374466657.27,207.98354549792995,5.902908960667962,394.60322227401815,-15.014790961340385,3.0875015736738844,3.0875015736738844,10.111839226858589,59.27011035038411,675.9657600383686,-25.720734173203816,0.0012020181663961,-0.0666009938183467,2.2695253403933435,0.4493251464834609,24.67046357615894,0.8028857035081102,0.0,2.1082802547770703,0.0050760384988577,4.222929936305732,0.0,0.0,0.0256884254665942,27.2809667673716,0.4080987029421069,0.0,0.0,2.6383855319262555,0.0035530131786705,0.0007541297007017,-30.623848942894856,-1045100000.0,4213900000.0,-12347900000.0,13606600000.0,2155250000.0,1439500000.0,612400000.0,97.61829439146744,0.0,0.0,0.9219583333333332,0.0,0.0,0.0037112329803328,1.948920864711453,1999-11-03,0.07,bmo,5150133333.0,2025-04-25,1999-09-30,-0.5714285714285715,31.09171875,1840983.0
1999-06-30,WMB,USD,107263,1999-08-16,1999-08-16 00:00:00,1999,Q2,1986300000.0,0.0,1986300000.0,1.0,0,0.0,0.0,340400000.0,1431000000.0,1771400000.0,1771400000.0,0.0,0.0,206700000.0,421600000.0,0.2122539395,214900000.0,0.1081911091,-149100000.0,65800000.0,0.0331269194,48800000.0,16100000.0,0.0081055228,0.04,0.04,402500000,402500000,https://www.sec.gov/Archives/edgar/data/107263/000095013499007473/0000950134-99-007473-index.html,https://www.sec.gov/Archives/edgar/data/107263/000095013499007473/,4.934906832298137,0.04,1.5704347826086955,-0.3965217391304347,0.4971428571428571,12.041739130434784,10.654409937888198,10.763975155279503,21.35329192546584,12831700000.0,21226300000.0,199.25,6.46010169662186,20.300110741971206,-80.39912280701755,2.9617311021350257,2.9617311021350257,10.686351507828626,50.34701138519924,33.58060433475716,-132.9968671679198,0.001254705144291,-0.0124379466477551,1.9837738026543563,0.4294665833853841,19.911290322580644,0.6614570765661253,0.0,37.18235294117647,0.0051279253723201,4.086956521739131,0.0,0.0,0.0279025608994378,1.2524916943521596,0.3985802748829481,0.0,0.0,3.1124873718220214,0.0032602041453754,0.0008275890429266,-32.91472049689441,-1823900000.0,4288400000.0,-11602100000.0,12173400000.0,1782450000.0,1096250000.0,551500000.0,86.56547349342999,0.0,0.0,1.0396754776236588,0.0,0.0,0.0037160992498557,1.9669565217391305,1999-07-28,0.12,bmo,1993000000.0,2025-04-25,1999-06-30,0.0,35.25698412698413,2482087.8571428573
1999-03-31,WMB,USD,107263,1999-05-14,1999-05-14 00:00:00,1999,Q1,1984000000.0,0.0,1984000000.0,1.0,0,0.0,0.0,321600000.0,1442600000.0,1764200000.0,1764200000.0,0.0,0.0,162400000.0,382200000.0,0.192641129,219800000.0,0.1107862903,-124000000.0,95800000.0,0.0482862903,39900000.0,48700000.0,0.024546371,0.12,0.12,405833333,405833333,https://www.sec.gov/Archives/edgar/data/107263/000095013499004247/0000950134-99-004247-index.html,https://www.sec.gov/Archives/edgar/data/107263/,4.888706369518444,0.1200000000985626,0.0901848050022051,-0.8375359349794956,0.8133880910171566,11.913757709990763,10.34907598385961,10.670636559072392,21.112115007073605,12008608323.47,20246508323.47,61.64583328270021,6.052725969490927,328.1040525538252,-35.32982737119741,2.7730304407043067,2.7730304407043067,10.204893308200605,52.97359582278912,553.1832875265028,-59.56607332588997,0.0040554241331045,-0.0283046953355693,1.9785244198129543,0.4468970697155256,21.55389848246991,0.6701806312972611,0.0,0.6547406082289803,0.0055210394255611,1.3613963039014374,0.0,0.0,0.0331208729305974,10.28688524590164,0.1897681451612903,0.0,0.0,5.367561712096032,0.0077191774984369,0.002627149731351,-30.799219737822767,-1626900000.0,4200000000.0,-11031400000.0,11918600000.0,1689500000.0,1068250000.0,515700000.0,75.04838709677419,0.0,0.0,1.1992263056092842,0.0,0.0,0.0112458145710656,0.9277207399817008,1999-04-26,0.18,bmo,3181254545.0,2025-04-25,1999-03-31,-0.3888888888888888,25.86754098360656,2330761.7377049183
1998-12-31,WMB,USD,107263,1999-03-30,1999-03-30 00:00:00,1998,Q4,2016900000.0,0.0,2016900000.0,1.0,0,0.0,0.0,374400000.0,1473000000.0,1847400000.0,1847400000.0,0.0,0.0,242200000.0,411700000.0,0.2041251425,169500000.0,0.0840398632,-189700000.0,-20200000.0,-0.0100153701,-1100000.0,-33400000.0,-0.0165600674,-0.0823,-0.0823,405833333,405833333,https://www.sec.gov/Archives/edgar/data/107263/000095013499002181/0000950134-99-002181-index.html,https://www.sec.gov/Archives/edgar/data/107263/,4.969774131392011,-0.0822997947287883,0.4142094459254287,-0.4819712529626047,1.2401642720658437,11.742997956257083,10.304969207642683,10.490513355639026,19.24361397884486,9480266658.88,16786666658.88,-70.96007978203593,4.700414824175715,56.39658928542534,-48.46762095541922,2.226773772462066,2.226773772462066,8.323003946095493,40.77402637571047,99.86119368756692,-85.82140418650306,-0.0035231076510611,-0.020632331034358,1.8343824869638747,0.4188113024405678,17.746903084770462,0.7956613804289061,0.0,-5.032934131736527,0.00691963658412,-1.964071856287425,0.0,0.0,0.0312967560987381,2.163593099345628,0.1803262432445832,0.0,0.0,,0.0102399658803811,-0.0018490121071541,-29.164928155371605,-907100000.0,4182100000.0,-10349500000.0,12281100000.0,1740250000.0,1104750000.0,466200000.0,76.95671575189647,0.0,0.0,1.1694885770613477,0.0,0.0,-0.0078451637149433,0.8961806988880334,1999-01-21,0.21,bmo,2497114285.0,2025-04-25,1998-12-31,-0.238095238095238,21.1684375,1746392.0625
1998-09-30,WMB,USD,107263,1998-11-13,1998-11-13 00:00:00,1998,Q3,1901000000.0,0.0,1901000000.0,1.0,0,0.0,0.0,292200000.0,1377200000.0,1669400000.0,1669400000.0,0.0,0.0,223000000.0,454600000.0,0.2391372962,231600000.0,0.1218306155,-156800000.0,55800000.0,0.0293529721,23700000.0,30200000.0,0.0158863756,0.07,0.07,431428571,431428571,https://www.sec.gov/Archives/edgar/data/107263/000095013498008869/0000950134-98-008869-index.html,https://www.sec.gov/Archives/edgar/data/107263/,4.406291395105588,0.0700000000695364,0.2127814571650147,-0.9674834446696856,0.2123178810056138,10.676622527162207,9.311854313885949,10.016953652334722,16.841953659114523,9292971419.34,16467471419.34,76.92857135215232,4.888464712961599,101.23062548300652,-22.2639468599425,2.150354363971677,2.150354363971677,8.662530993866387,36.2240902317202,179.38422025424836,-39.452495015189264,0.0032497678769515,-0.0449156659549529,1.68134487226953,0.409729388346613,15.782006159260888,0.8026884042323472,0.0,2.8598130841121496,0.0070913808970565,2.1821192052980134,0.0,0.0,0.0332019465543394,5.546840958605665,0.267859021567596,0.0,0.0,3.9719896800091776,0.0088988804328481,0.0017614362120955,-26.659627509926786,-731000000.0,4017400000.0,-10153900000.0,12245800000.0,1668250000.0,1050100000.0,458550000.0,83.13045765386639,0.0,0.0,1.0826356854034969,0.0,0.0,0.0069881525360977,1.1802649018347002,1998-10-21,0.21,bmo,2330752941.0,2025-04-25,1998-09-30,-0.1904761904761903,22.46078125,1609714.875
1998-06-30,WMB,USD,107263,1998-08-14,1998-08-14 00:00:00,1998,Q2,1780600000.0,0.0,1780600000.0,1.0,0,0.0,0.0,263600000.0,1259100000.0,1522700000.0,1522700000.0,0.0,0.0,183400000.0,441300000.0,0.2478378075,257900000.0,0.1448388184,-145200000.0,103000000.0,0.05784567,42300000.0,59100000.0,0.0331910592,0.14,0.14,422142857,422142857,https://www.sec.gov/Archives/edgar/data/107263/000095013498006922/0000950134-98-006922-index.html,https://www.sec.gov/Archives/edgar/data/107263/,4.218003385522167,0.1400000000473773,0.3354314721947314,-0.7551945857039576,0.3209813875874726,10.780947550179675,9.362470392339246,10.347208125329004,16.427140445491418,10671771424.96,17470871424.96,45.14285712758037,5.993356972346401,75.36561740790961,-33.474816263989965,2.4431711137728938,2.4431711137728938,9.811788961563517,39.58955682066621,123.3818603457627,-54.801980630363865,0.0055379746854184,-0.029873203548416,1.587591575091575,0.3946391987252447,15.406979379107185,0.7803873797052016,0.0,2.3327841845140034,0.0061189466490325,1.104906937394247,0.0,0.0,0.0340769405872979,3.251412429378531,0.2585645288105133,0.0,0.0,5.709089735309508,0.0104392255122459,0.0034819597954422,-27.144483934735867,-901400000.0,3952300000.0,-9817800000.0,11765000000.0,1533350000.0,1026850000.0,452250000.0,79.89104796136134,0.0,0.0,1.126534227508541,0.0,0.0,0.0135302197802197,1.090626057898689,1998-07-22,0.22,bmo,2296152941.0,2025-04-25,1998-06-30,-0.2272727272727272,23.866666666666664,1721391.507936508
1998-03-31,WMB,USD,107263,1998-05-15,1998-05-15 00:00:00,1998,Q1,1959800000.0,0.0,1959800000.0,1.0,0,0.0,0.0,274700000.0,1423100000.0,1697800000.0,1697800000.0,0.0,0.0,186800000.0,448800000.0,0.2290029595,262000000.0,0.1336871109,-140900000.0,118400000.0,0.060414328,45500000.0,65900000.0,0.0336258802,0.16,0.16,411875000,411875000,https://www.sec.gov/Archives/edgar/data/107263/000095013498004532/0000950134-98-004532-index.html,https://www.sec.gov/Archives/edgar/data/107263/,4.758239757207891,0.16,0.5127769347496206,-0.3974506828528072,0.4205159332321699,10.974203338391504,9.504097116843704,10.55320182094082,15.449833080424886,9872643750.0,16062843750.0,37.453125,5.037577176242474,46.74547230113637,-60.30936927306048,2.27134858280035,2.27134858280035,8.196164787223186,35.79065006684492,76.05513139204545,-98.12366371411116,0.0066750104297037,-0.0165811715833461,1.463994846546726,0.3876977816770546,13.792780748663102,0.774242773235057,0.0,2.897119341563786,0.0065433334409539,0.9802731411229136,0.0,0.0,0.0368908141568118,1.775094696969697,0.1912950301051127,0.0,0.0,6.163726677537458,0.0116160721218939,0.0041688280469135,-25.23672230652504,-784100000.0,3914500000.0,-9204200000.0,11571400000.0,1408500000.0,1146650000.0,361400000.0,68.24624961730788,0.0,0.0,1.3187537850750286,0.0,0.0,0.0151612754796852,0.910227617602428,1998-04-21,0.28,bmo,2109476923.0,2025-04-25,1998-03-31,-0.0714285714285714,22.88983606557377,1736262.2295081967
1997-12-31,WMB,USD,107263,1998-03-30,1998-03-30 00:00:00,1997,Q4,1266600000.0,0.0,1266600000.0,1.0,0,0.0,0.0,247700000.0,752800000.0,1000500000.0,1000500000.0,0.0,0.0,178200000.0,444300000.0,0.3507816201,266100000.0,0.2100900047,-150200000.0,115900000.0,0.091504816,44400000.0,63900000.0,0.0504500237,0.16,0.16,411875000,411875000,https://www.sec.gov/Archives/edgar/data/107263/000095013498002643/0000950134-98-002643-index.html,https://www.sec.gov/Archives/edgar/data/107263/,3.075204855842185,0.155144157814871,0.7407587253414264,-0.1109559939301972,0.1973899848254931,8.956115326251897,7.89948406676783,8.671805766312595,12.866525037936269,8793531250.0,14011631250.0,34.403486893583725,6.942626914574452,28.821800229432977,-192.4186269146608,2.4620016378755216,2.4620016378755216,11.06239637612506,31.53641964888589,45.92471730580138,-306.6002461706784,0.0072667052840688,-0.0051970020576204,1.4837192373379624,0.3818286620073492,11.744541976142246,0.7451608641078152,0.0,4.267132867132867,0.0057087418663577,0.7856025039123631,0.0,0.0,0.0313567259889041,1.1497869550966895,0.2769619453655456,0.0,0.0,5.501913308372458,0.0141214162503562,0.0047531203975066,-21.75532625189681,-771500000.0,3253600000.0,-7934300000.0,9719300000.0,1165800000.0,981750000.0,293150000.0,94.56892468024633,0.0,0.0,0.9516868284619432,0.0,0.0,0.0178906403113363,0.8517147192716237,1998-01-22,0.32,bmo,1227018750.0,2025-04-25,1997-12-31,0.03125,19.41515625,1669713.71875
1997-09-30,WMB,USD,107263,1997-11-14,1997-11-14 00:00:00,1997,Q3,1121000000.0,0.0,1121000000.0,1.0,0,0.0,0.0,216600000.0,705300000.0,921900000.0,921900000.0,0.0,0.0,113400000.0,312500000.0,0.2787689563,199100000.0,0.1776092774,-54600000.0,106700000.0,0.0951828724,41400000.0,-8400000.0,-0.0074933095,-0.0258,-0.0254,325781250,330952381,https://www.sec.gov/Archives/edgar/data/107263/000095013497008515/0000950134-97-008515-index.html,https://www.sec.gov/Archives/edgar/data/107263/,3.440959232613909,-0.0257841726618705,0.3103309352517985,-0.8984556354916067,0.2885371702637889,11.155952038369303,9.814561151079136,10.830887290167864,16.08748201438849,5710945312.5,10857945312.5,-169.96861049107144,5.094509645405887,56.48808419881306,-19.511258327639226,1.6185192893580844,1.6185192893580844,9.685945863068689,34.745425,107.39807430761624,-37.09581589511445,-0.0014708598209851,-0.0512524606669484,1.4853337112087288,0.3954367459652776,16.4704,0.6180385231694954,0.0,1.548238897396631,0.0091403431732651,-6.214285714285714,0.0,0.0,0.0329719248209933,3.895153313550939,0.351293487957181,0.0,0.0,,0.0106948402212062,-0.0006553949144475,-26.49592326139089,-1168000000.0,3197400000.0,-7729400000.0,9129600000.0,925800000.0,575400000.0,278650000.0,80.34165923282782,0.0,0.0,1.120215848905766,0.0,0.0,-0.0023806149922063,1.2087865707434051,1997-10-17,0.19,bmo,1994050000.0,2025-04-25,1997-09-30,0.0526315789473684,17.26984375,1642814.4375
1997-06-30,WMB,USD,107263,1997-08-14,1997-08-14 00:00:00,1997,Q2,1020600000.0,0.0,1020600000.0,1.0,0,0.0,0.0,197600000.0,580600000.0,778200000.0,778200000.0,0.0,0.0,126600000.0,369000000.0,0.3615520282,242400000.0,0.2375073486,-82700000.0,142700000.0,0.1398197139,34900000.0,115900000.0,0.1135606506,0.33,0.32,351212121,362187500,https://www.sec.gov/Archives/edgar/data/107263/000095013497006154/0000950134-97-006154-index.html,https://www.sec.gov/Archives/edgar/data/107263/,2.9059361536101425,0.3300000001993097,0.3208886973465246,-0.4248144955111045,0.4088697155187306,10.457782577498229,9.203554794169532,10.214055226186227,14.132484909312112,5756366663.190001,10576266663.19,12.416666659167388,5.64017897627866,51.07690029449868,-38.58154599993298,1.604651594009422,1.604651594009422,10.362793124818737,28.661969276937672,93.84442469556345,-70.88650578545577,0.0201342282000799,-0.0259191272428983,1.3836311431996209,0.3893429763735057,13.062059620596203,0.8874134249856793,0.0,1.0454545454545454,0.0089987318443842,0.4469370146678171,0.0,0.0,0.034553355715227,2.323868677905945,0.2566137566137566,0.0,0.0,8.708579683291493,0.0164443867015335,0.0094167160929159,-23.228056528265437,-216200000.0,3232400000.0,-7371400000.0,9814200000.0,775300000.0,473100000.0,259200000.0,75.0352733686067,0.0,0.0,1.1994358914090963,0.0,0.0,0.0323084213754076,0.7457031928576292,1997-07-18,0.19,bmo,1777355000.0,2025-04-25,1997-06-30,0.0526315789473684,16.294843750000002,1902764.421875
1997-03-31,WMB,USD,107263,1997-05-15,1997-05-15 00:00:00,1997,Q1,1001400000.0,0.0,1001400000.0,1.0,0,0.0,0.0,169100000.0,581300000.0,750400000.0,750400000.0,0.0,0.0,108800000.0,359800000.0,0.3592969842,251000000.0,0.2506490913,32700000.0,163200000.0,0.1629718394,57300000.0,105900000.0,0.1057519473,0.33,0.33,316884000,316884000,https://www.sec.gov/Archives/edgar/data/107263/000095013497003933/0000950134-97-003933-index.html,https://www.sec.gov/Archives/edgar/data/107263/,3.160146930738062,0.3341916915969251,1.2645005743426616,0.773469155905631,0.2511960212569899,11.08891581777559,11.08891581777559,11.08891581777559,14.2951363906035,5295131640.0,9745431640.0,12.500310764872522,5.287728819652487,13.214703369104068,21.603964259485924,1.5069101681891917,1.5069101681891917,9.731807110045937,27.08569105058366,24.32101731969054,39.76104300285598,0.0199995027885652,0.0462878010715518,1.289137425652409,0.3741307256479294,12.36881600889383,0.7609858416360776,0.0,3.783758262511803,0.009914767671385,0.4957507082152974,0.0,0.0,0.0,0.3883204392313451,0.1553824645496305,0.0,0.0,9.131321346889631,0.0155201549188326,0.0087464279224962,-24.823200287802475,-455800000.0,3513900000.0,-7142700000.0,8956800000.0,885150000.0,576850000.0,225750000.0,62.88496105452367,0.0,0.0,1.4311847934829212,0.0,0.0,0.030137454110817,0.4910314184370306,1997-04-17,0.34,bmo,2049137500.0,2025-04-25,1997-03-31,-0.0588235294117647,15.699016393442625,1421660.786885246
1996-12-31,WMB,USD,107263,1997-03-26,1997-03-26 00:00:00,1996,Q4,957800000.0,0.0,957800000.0,1.0,0,0.0,0.0,181700000.0,561500000.0,743200000.0,743200000.0,0.0,0.0,41300000.0,255900000.0,0.2671747755,214600000.0,0.2240551263,-48200000.0,166400000.0,0.1737314679,60400000.0,103400000.0,0.1079557319,0.33,0.33,314954000,322812500,https://www.sec.gov/Archives/edgar/data/107263/000095013497002224/0000950134-97-002224-index.html,https://www.sec.gov/Archives/edgar/data/107263/,3.04107901471326,0.3283019107552214,0.6305682734621564,-0.2924236555179486,0.3660852060935882,10.861903643071686,10.861903643071686,10.861903643071686,14.941864526248278,4425103700.0,9015803700.0,10.698993471953578,4.620070682814784,22.2814889224572,-48.04672855591748,1.2935117509500147,1.2935117509500147,9.413033723115474,35.23174560375146,45.39679607250755,-97.89146254071662,0.0233666840395175,-0.0208130715671137,1.375621163402514,0.3789416046638966,17.939429464634625,0.8594098122129769,0.0,1.8735849056603773,0.009852876442195,0.4216634429400386,0.0,0.0,0.0,1.4637462235649548,0.3035080392566298,0.0,0.0,8.957378729870673,0.0129594758473235,0.008326086256321,-25.328301910755226,-309200000.0,3421000000.0,-7107700000.0,9077100000.0,905050000.0,545850000.0,200950000.0,100.59929003967426,0.0,0.0,0.8946385204558192,0.0,0.0,0.030225080385852,0.9229919289801052,1997-01-22,0.31,bmo,926903225.0,2025-04-25,1996-12-31,0.032258064516129,13.349375,1398676.609375
1996-09-30,WMB,USD,107263,1996-11-14,1996-11-14 00:00:00,1996,Q3,842200000.0,0.0,842200000.0,1.0,0,0.0,0.0,149600000.0,509300000.0,658900000.0,658900000.0,0.0,0.0,95700000.0,279000000.0,0.3312752315,183300000.0,0.217644265,-79700000.0,103600000.0,0.1230111612,32600000.0,68400000.0,0.0812158632,0.21,0.21,325714286,325714286,https://www.sec.gov/Archives/edgar/data/107263/000095013496006212/0000950134-96-006212-index.html,https://www.sec.gov/Archives/edgar/data/107263/,2.5857017521178056,0.2099999998157894,0.5391228065446291,-0.2419298243491843,0.1243421051540858,10.26697367520441,10.26697367520441,10.26697367520441,13.7903070054471,4149600003.64,8600800003.64,15.16666667997076,4.927095706055568,23.63097951958997,-52.65989852335025,1.2408719845818008,1.2408719845818008,10.21230112044645,30.82724015641577,48.97949888177676,-109.1472081680203,0.0164835164690572,-0.0189897821310191,1.3431715558745252,0.3808494221589126,15.954121863799283,0.7754696725711219,0.0,2.473239436619718,0.0092298052743405,0.5599415204678363,0.0,0.0,0.0,1.44874715261959,0.302066017573023,0.0,0.0,6.9650161932896415,0.0122136113064914,0.0057996082720728,-23.81235743525232,-418300000.0,3344100000.0,-7005100000.0,8792500000.0,748800000.0,423950000.0,201500000.0,79.02517216813108,0.0,0.0,1.1388776200135229,0.0,0.0,0.0204539337938458,0.7810526308938135,1996-10-17,0.17,bmo,1327376190.0,2025-04-25,1996-09-30,0.2352941176470586,12.39984375,1044557.8125
1996-06-30,WMB,USD,107263,1996-08-14,1996-08-14 00:00:00,1996,Q2,837500000.0,0.0,837500000.0,1.0,0,0.0,0.0,149100000.0,493900000.0,643000000.0,643000000.0,0.0,0.0,101800000.0,296300000.0,0.3537910448,194500000.0,0.232238806,-85000000.0,109500000.0,0.1307462687,29100000.0,75200000.0,0.0897910448,0.24,0.24,324166667,324166667,https://www.sec.gov/Archives/edgar/data/107263/000095013496004293/0000950134-96-004293-index.html,https://www.sec.gov/Archives/edgar/data/107263/,2.583547555184013,0.2319794342087615,0.4679691511897489,-0.0200514138611296,0.2020565550621526,10.292853459853108,10.292853459853108,10.292853459853108,13.199691503136563,3987250004.1,8200650004.1,13.255485385970744,4.760895527283583,26.28378381081081,-613.4230775538462,1.1950038974105377,1.1950038974105377,9.79182090041791,27.67684780323996,54.05833885365854,-1261.638462169231,0.0188601166023383,-0.0016301962488723,1.2824132350296709,0.3694950088079859,14.220047249409385,0.7592352054865693,0.0,1.88681592039801,0.0096056178972015,0.5093085106382979,0.0,0.0,0.0,1.042847725774555,0.1888955223880597,0.0,0.0,7.329661127585258,0.0142094801106532,0.0064937307865013,-23.157454989041177,-463400000.0,3336600000.0,-6782500000.0,8596500000.0,793900000.0,463400000.0,206300000.0,81.46746268656716,0.0,0.0,1.1047355230180715,0.0,0.0,0.0225379128454114,0.4880205650508786,1996-07-18,0.23,amc,,2025-04-25,1996-06-30,0.0434782608695651,12.485555555555557,1031725.1428571428
1996-03-31,WMB,USD,107263,1996-05-15,1996-05-15 00:00:00,1996,Q1,893700000.0,0.0,893700000.0,1.0,0,0.0,0.0,146500000.0,499400000.0,645900000.0,645900000.0,0.0,0.0,114400000.0,362200000.0,0.4052814143,247800000.0,0.2772742531,-81900000.0,165900000.0,0.1856327627,61000000.0,102300000.0,0.1144679423,0.32,0.32,319687500,319687500,https://www.sec.gov/Archives/edgar/data/107263/000095013496002149/0000950134-96-002149-index.html,https://www.sec.gov/Archives/edgar/data/107263/,2.7955425219941348,0.32,0.5771260997067449,0.2155229716520039,0.2740175953079179,10.267839687194526,10.267839687194526,10.267839687194526,13.211652003910068,4092000000.0,8228000000.0,10.0,4.578717690500167,22.178861788617887,59.39042089985486,1.2466108149276467,1.2466108149276467,9.2066689045541,22.7167310877968,44.59620596205962,119.41944847605224,0.0249999999999999,0.0168377321603128,1.2867022086824067,0.3668421144058227,11.419105466593043,0.7258260220272541,0.0,1.7588179218303146,0.0093352883675464,0.3734115347018573,0.0,0.0,0.0,0.6265582655826558,0.1293498937003468,0.0,0.0,8.598165254738976,0.0158279955097195,0.0088852988691437,-23.20258064516129,-587500000.0,3282500000.0,-6675600000.0,8399600000.0,753500000.0,479650000.0,197950000.0,83.55488418932528,0.0,0.0,1.0771363143304808,0.0,0.0,0.0311652703731911,0.361603128054741,1996-04-18,0.27,amc,,2025-04-25,1996-03-31,0.1851851851851851,11.79873015873016,1197657.6984126985
1995-12-31,WMB,USD,107263,1996-03-27,1996-03-27 00:00:00,1995,Q4,837000000.0,0.0,837000000.0,1.0,0,0.0,0.0,146900000.0,552000000.0,698900000.0,698900000.0,0.0,0.0,83100000.0,221200000.0,0.2642771804,138100000.0,0.1649940263,-56200000.0,81900000.0,0.0978494624,17500000.0,74800000.0,0.0893667861,0.24,0.24,319687500,319687500,https://www.sec.gov/Archives/edgar/data/107263/000095013496000927/0000950134-96-000927-index.html,https://www.sec.gov/Archives/edgar/data/107263/,2.618181818181818,0.2339784946236559,0.866158357771261,0.1470185728250244,0.2827761485826002,9.969423264907135,9.969423264907135,9.969423264907135,9.99069403714565,3503775000.0000005,6607275000.0,11.710477941176473,4.186111111111112,12.653575297941495,74.54840425531916,1.0993614885005178,1.0993614885005178,7.8939964157706095,29.870140144665463,23.861592632719397,140.58031914893618,0.0213484027941291,0.0134141033599474,1.0021336010793511,0.304331669017037,14.030289330922242,0.6555441728864823,0.0,3.5729032258064515,0.0087619781521359,0.410427807486631,0.0,0.0,0.0,0.8302636330805345,0.2746714456391875,0.0,0.0,7.244597267982054,0.0123894958232307,0.0071273392537256,-20.69153470185728,-706100000.0,3187100000.0,-5963900000.0,7308600000.0,665450000.0,410400000.0,200900000.0,72.82795698924731,0.0,0.0,1.2357891628525026,0.0,0.0,0.0234696118728624,0.7191397849462365,1996-01-24,0.23,amc,,2025-04-25,1995-12-31,0.1739130434782609,10.227460317460318,1023122.1428571428
1995-09-30,WMB,USD,107263,1995-11-14,1995-11-14 00:00:00,1995,Q3,712400000.0,0.0,712400000.0,1.0,0,0.0,0.0,126500000.0,438900000.0,565400000.0,565400000.0,0.0,0.0,78500000.0,225500000.0,0.3165356541,147000000.0,0.2063447501,-41800000.0,105200000.0,0.1476698484,36700000.0,61400000.0,0.0861875351,0.2,0.2,307000000,307000000,https://www.sec.gov/Archives/edgar/data/107263/000095013495002896/0000950134-95-002896-index.html,https://www.sec.gov/Archives/edgar/data/107263/,2.3205211726384363,0.2,0.5811074918566775,-0.2270358306188925,0.2071661237785016,10.037459283387625,10.037459283387625,10.037459283387625,10.226058631921823,2990180000.0,6065980000.0,12.175,4.197332959011791,16.76109865470852,-42.900717360114776,0.9703650819406132,0.9703650819406132,8.514851207186974,26.90013303769401,34.00213004484305,-87.02984218077475,0.0205338809034907,-0.0233096335337671,1.0187895505435665,0.3108624616298643,13.639911308203992,0.6491309266687236,0.0,2.604379562043796,0.0104341544656174,0.50814332247557,0.0,0.0,0.0,1.390695067264574,0.3482594048287479,0.0,0.0,6.720756413919813,0.0114141213952426,0.0060798098821665,-20.707817589576543,-682300000.0,3081500000.0,-5755200000.0,7132400000.0,638600000.0,360250000.0,199550000.0,82.57158899494665,0.0,0.0,1.0899632802937576,0.0,0.0,0.0199253610254746,0.8081433224755701,1995-10-25,0.14,amc,,2025-04-25,1995-09-30,-0.1428571428571429,9.207301587301588,1012113.8412698412
1995-06-30,WMB,USD,107263,1995-08-14,1995-08-14 00:00:00,1995,Q2,947400000.0,0.0,947400000.0,1.0,0,0.0,0.0,127500000.0,683600000.0,811100000.0,811100000.0,0.0,0.0,81100000.0,217400000.0,0.2294701288,136300000.0,0.1438674266,-54900000.0,81400000.0,0.0859193582,-1900000.0,79900000.0,0.0843360777,0.27,0.26,295925926,307307692,https://www.sec.gov/Archives/edgar/data/107263/000095013495001985/0000950134-95-001985-index.html,https://www.sec.gov/Archives/edgar/data/107263/,3.201476845256201,0.2699999999324155,0.6420525655464199,-0.0797496870889237,1.2939048807774955,10.521214014888306,10.521214014888306,10.521214014888306,10.23093867078074,2577514815.46,5222214815.46,8.064814816833543,2.7206193956723665,13.565867449789476,-109.21672946864408,0.8278512334864302,0.8278512334864302,5.51215412229259,24.02122730202392,27.485341134,-221.280288790678,0.0309988518866148,-0.0091561064396008,0.9724104705315562,0.3064186385442179,12.165133394664212,0.808897078178468,0.0,2.2809123649459786,0.0120270889672723,0.3879849812265332,0.0,0.0,0.0,1.1242105263157895,0.2254591513616212,0.0,0.0,7.994771736856992,0.0170786640910309,0.0080865534481711,-19.678404250393392,-363000000.0,3113500000.0,-5230600000.0,6974200000.0,669850000.0,391750000.0,198550000.0,59.24002533248892,0.0,0.0,1.5192431045542014,0.0,0.0,0.0256624377709972,0.7218022526353436,1995-07-24,0.19,amc,,2025-04-25,1995-06-30,0.368421052631579,8.251746031746032,1289739.174603175
1995-03-31,WMB,USD,107263,1995-05-15,1995-05-15 00:00:00,1995,Q1,958000000.0,0.0,958000000.0,1.0,0,0.0,0.0,125600000.0,666700000.0,792300000.0,792300000.0,0.0,0.0,49000000.0,214700000.0,0.2241127349,165700000.0,0.1729645094,-32800000.0,132900000.0,0.1387265136,49700000.0,1086800000.0,1.1344467641,3.86,3.86,281554404,281554404,https://www.sec.gov/Archives/edgar/data/107263/000095013495001152/0000950134-95-001152-index.html,https://www.sec.gov/Archives/edgar/data/107263/,3.402539567450701,3.860000001988958,0.6513838796142575,0.1687062937932237,2.184302540691212,10.29392529054527,10.29392529054527,9.119374314599604,10.781220101249064,2153891190.6,4574391190.6,0.4954663209882223,2.2483206582463464,11.744226775354417,45.3450776968421,0.838873341096744,0.838873341096744,4.774938612317328,21.305967352585004,24.94215480152672,96.30297243368422,0.5045751636586874,0.0220531102997678,1.1822324349587163,0.2988079183360075,11.273870517000466,0.9752843198710486,0.0,0.1684268527872164,0.0121640313653456,0.0241074714758925,0.0,0.0,0.0,0.7410032715376227,0.1418580375782881,0.0,0.0,28.14280831102472,0.0127867681495071,0.1069821926033842,-21.32065744565658,-55200000.0,2898300000.0,-5082200000.0,6986800000.0,584200000.0,317150000.0,161550000.0,67.27453027139875,0.0,0.0,1.3378019829632732,0.0,0.0,0.4232746533727995,0.4826775858210337,1995-04-24,0.19,amc,,2025-04-25,1995-03-31,0.5263157894736841,7.074126984126984,1453800.9047619049
1994-12-31,WMB,USD,107263,1995-03-02,1995-03-02 00:00:00,1994,Q4,477300000.0,0.0,477300000.0,1.0,0,0.0,0.0,68900000.0,329800000.0,398700000.0,398700000.0,0.0,0.0,28400000.0,107000000.0,0.224177666,78600000.0,0.1646763042,-28000000.0,50600000.0,0.1060129897,16400000.0,73200000.0,0.153362665,0.27,0.27,281554404,281554404,https://www.sec.gov/Archives/edgar/data/107263/000095013495000291/0000950134-95-000291-index.html,https://www.sec.gov/Archives/edgar/data/107263/,1.6952318742632777,0.2599852780139784,0.1257305852690551,-0.4965292604693194,0.12821678328285,5.347101585383122,5.347101585383122,5.347101585383122,7.805951421026254,1765346113.08,3927046113.08,6.029187544672131,3.698609078315525,49.868534267796605,-12.6276546,1.1725978831484556,1.1725978831484556,8.22762646779803,36.701365542803735,110.93350601920903,-28.09045860572246,0.0414649566210491,-0.0791912696123316,1.4598472268349385,0.4205430435697748,20.20280373831776,0.9883981274170568,0.0,0.4627450980392157,0.0228850307034205,0.5519125683060109,0.0,0.0,0.0,4.9491525423728815,0.3670647391577624,0.0,0.0,5.5927428937426,0.0114439061621151,0.0140066206157555,-11.682022917318672,-17100000.0,1505500000.0,-2263800000.0,3106900000.0,423050000.0,215500000.0,118050000.0,85.28598365807669,0.0,0.0,1.0552730488613753,0.0,0.0,0.0486217203586848,0.6222598457383746,1995-01-25,0.18,amc,,2025-04-25,1994-12-31,-0.3888888888888888,6.957142857142857,2076743.0
1994-09-30,WMB,USD,107263,1994-11-14,1994-11-14 00:00:00,1994,Q3,467300000.0,0.0,467300000.0,1.0,0,0.0,0.0,61400000.0,335400000.0,396800000.0,396800000.0,0.0,0.0,-10500000.0,60000000.0,0.1283971753,70500000.0,0.1508666809,-21900000.0,48600000.0,0.104001712,16400000.0,53400000.0,0.114273486,0.18,0.18,296666667,296666667,https://www.sec.gov/Archives/edgar/data/107263/000095013494001380/0000950134-94-001380-index.html,https://www.sec.gov/Archives/edgar/data/107263/,1.5751685375559903,0.1799999997977528,0.1638202245350334,-0.2848314603541219,0.0943820223658628,5.891460667537685,5.891460667537685,5.891460667537685,5.76910111711337,2222033335.83,3905533335.83,10.402777789466294,4.755046727648192,45.72085053148148,-26.296252495029584,1.271331580175077,1.271331580175077,8.357657470211855,65.09222226383334,80.36076822695473,-46.21932941810651,0.0240320426966292,-0.0380282323570256,0.9792310332990044,0.3487661239378069,28.058333333333337,1.7187880427431357,0.0,0.8741007194244604,0.0108009180659007,0.449438202247191,0.0,0.0,0.0,2.7386831275720165,0.2848277337898566,0.0,0.0,4.884712445653087,0.0107738153715165,0.0108817476005135,-9.351404483874829,531400000.0,1747800000.0,-1888800000.0,3580200000.0,364900000.0,264300000.0,126350000.0,75.8442114273486,0.0,0.0,1.186642965972575,0.0,0.0,0.0305526948163405,0.4486516848891554,1994-10-19,0.14,amc,,2025-04-25,1994-09-30,0.2142857142857142,7.74953125,2641999.75
1994-06-30,WMB,USD,107263,1994-08-15,1994-08-15 00:00:00,1994,Q2,633900000.0,0.0,633900000.0,1.0,0,0.0,0.0,95400000.0,428800000.0,524200000.0,524200000.0,0.0,0.0,12900000.0,116900000.0,0.1844139454,109700000.0,0.173055687,8500000.0,117000000.0,0.184571699,43000000.0,60700000.0,0.0957564285,0.19,0.19,319473684,319473684,https://www.sec.gov/Archives/edgar/data/107263/000095013494001009/0000950134-94-001009-index.html,https://www.sec.gov/Archives/edgar/data/107263/,1.9842009897754207,0.1900000001252059,0.5023887976951491,0.2075288304497718,0.0920263592039712,5.686540366185529,5.686540366185529,5.686540366185529,4.736227350732275,2284236840.6,3767936840.6,9.407894730642504,3.603465594888783,14.23200523738318,34.45304435294118,1.2573550066604284,1.2573550066604284,5.944055593311248,32.23213721642429,23.47624199750779,56.83162655505279,0.0265734265909378,0.0290250112517163,0.8328838002972423,0.3018412495760936,12.692044482463643,0.7249631811487481,0.0,2.168918918918919,0.0105505697008501,0.3970345963756178,0.0,0.0,0.0,0.5869158878504673,0.1486038807382868,0.0,0.0,4.930513166138275,0.0162166427446315,0.012108759400746,-8.922018127790457,-224100000.0,1816700000.0,-2605500000.0,3512800000.0,356250000.0,160050000.0,116900000.0,47.70468528159016,0.0,0.0,1.886607142857143,0.0,0.0,0.0334122309682391,0.2948599672453772,1994-07-18,0.14,amc,,2025-04-25,1994-06-30,0.357142857142857,6.71516129032258,1570531.4516129033
1994-03-31,WMB,USD,107263,1994-05-12,1994-05-12 00:00:00,1994,Q1,582000000.0,0.0,582000000.0,1.0,0,0.0,0.0,93100000.0,390500000.0,483600000.0,483600000.0,0.0,0.0,38300000.0,111700000.0,0.1919243986,98400000.0,0.1690721649,2100000.0,77600000.0,0.1333333333,24800000.0,50600000.0,0.0869415808,0.16,0.16,316250000,316250000,https://www.sec.gov/Archives/edgar/data/107263/000095013494000543/0000950134-94-000543-index.html,https://www.sec.gov/Archives/edgar/data/107263/,1.8403162055335969,0.16,0.3892490118577075,0.1811857707509881,0.1410276679841897,5.574387351778656,5.574387351778656,5.574387351778656,6.027193675889328,1894337500.0,3755837500.0,9.359375,3.2548754295532647,15.388606823720554,33.05999127399651,1.0745575472233253,1.0745575472233253,6.453329037800687,33.62432855863921,30.51045897644192,65.5469022687609,0.026711185308848,0.0302480418616006,1.081229791820296,0.3770871251088075,16.665174574753806,0.8598156555234557,0.0,2.331439393939394,0.0126693369053824,0.4743083003952569,0.0,0.0,0.0,0.5345247766043867,0.1130584192439862,0.0,0.0,4.4797091944012575,0.01442570398164,0.0100102872517211,-9.209407114624506,-101900000.0,1762900000.0,-2666900000.0,3596100000.0,,,,58.22164948453608,0.0,0.0,1.545816733067729,0.0,0.0,0.0287027057689035,0.2080632411067193,1994-04-20,0.16,amc,,2025-04-25,1994-03-31,0.0,6.2871428571428565,2050424.9365079368
1993-12-31,WMB,USD,107263,1994-03-29,1994-03-29 00:00:00,1993,Q4,573300000.0,0.0,573300000.0,1.0,0,0.0,0.0,0.0,0.0,0.0,0.0,0.0,0.0,0.0,573300000.0,1.0,573300000.0,1.0,-573300000.0,0.0,0.0,-52100000.0,49800000.0,0.0868655154,0.16,0.16,316250000,316250000,https://www.sec.gov/Archives/edgar/data/107263/000095013494000275/0000950134-94-000275-index.html,https://www.sec.gov/Archives/edgar/data/107263/,1.812806324110672,0.1574703557312253,,,,,,,,1925962500.0,,9.668486445783133,3.3594322344322345,0.0,0.0,0.0,0.0,,,0.0,0.0,0.0258572012694951,,0.0,0.0,,0.0,0.0,0.0,0.0086018062397372,0.3326657881526104,0.0,0.0,0.0,0.0,,0.0,,,0.0,0.0,,,,,,,,,,0.0,0.0,0.0,0.0,0.0,0.0,,1994-01-26,0.16,amc,,2025-04-25,1993-12-31,0.0,6.925625,1678941.84375
1993-09-30,WMB,USD,107263,1993-09-30,1993-09-29 20:00:00,1993,Q3,572200000.0,0.0,572200000.0,1.0,0,0.0,0.0,0.0,0.0,0.0,0.0,0.0,0.0,0.0,572200000.0,1.0,572200000.0,1.0,-572200000.0,0.0,0.0,-18000000.0,15800000.0,0.0276127228,0.05,0.05,316000000,316000000,,,1.8107594936708864,0.05,,,,,,,,2480600000.0,,39.24999999999999,4.335197483397414,0.0,0.0,0.0,0.0,,,0.0,0.0,0.0063694267515923,,0.0,0.0,,0.0,0.0,0.0,0.0060377070063694,0.94792,0.0,0.0,0.0,0.0,,0.0,,,0.0,0.0,,,,,,,,,,0.0,0.0,0.0,0.0,0.0,0.0,,1993-10-25,0.08,amc,,2025-04-25,1993-09-30,0.25,7.2984375,1638396.59375
1993-06-30,WMB,USD,107263,1993-06-30,1993-06-29 20:00:00,1993,Q2,541900000.0,0.0,541900000.0,1.0,0,0.0,0.0,0.0,0.0,0.0,0.0,0.0,0.0,0.0,541900000.0,1.0,541900000.0,1.0,-541900000.0,0.0,0.0,-36100000.0,33900000.0,0.0625576675,0.11,0.11,308181818,308181818,,,1.758377582158335,0.1100000000648967,,,,,,,,2107963635.12,,15.545454536283186,3.889949501974534,0.0,0.0,0.0,0.0,,,0.0,0.0,0.016081871354517,,0.0,0.0,,0.0,0.0,0.0,0.0069292397660818,0.4308727270185251,0.0,0.0,0.0,0.0,,0.0,,,0.0,0.0,,,,,,,,,,0.0,0.0,0.0,0.0,0.0,0.0,,1993-07-26,0.09,amc,,2025-04-25,1993-06-30,0.2222222222222222,6.149206349206349,1464739.253968254
1993-03-31,WMB,USD,107263,1993-03-31,1993-03-30 19:00:00,1993,Q1,750800000.0,0.0,750800000.0,1.0,0,0.0,0.0,0.0,0.0,0.0,0.0,0.0,0.0,0.0,750800000.0,1.0,750800000.0,1.0,-750800000.0,0.0,0.0,-125600000.0,120500000.0,0.1604954715,0.43,0.41,280232558,293902439,,,2.679203320836118,0.4300000002141079,,,,,,,,1686999999.1599998,,3.499999998257261,2.2469365998401702,0.0,0.0,0.0,0.0,,,0.0,0.0,0.0714285714641375,,0.0,0.0,,0.0,0.0,0.0,0.0078730897009966,0.1102232557590705,0.0,0.0,0.0,0.0,,0.0,,,0.0,0.0,,,,,,,,,,0.0,0.0,0.0,0.0,0.0,0.0,,1993-04-27,0.19,amc,,2025-04-25,1993-03-31,0.1578947368421052,5.316290322580645,1714551.0322580645
1992-12-31,WMB,USD,107263,1992-12-31,1992-12-30 19:00:00,1992,Q4,763600000.0,0.0,763600000.0,1.0,0,0.0,0.0,0.0,0.0,0.0,0.0,0.0,0.0,0.0,763600000.0,1.0,763600000.0,1.0,-763600000.0,0.0,0.0,-64000000.0,58900000.0,0.0771346255,0.23,0.22,280232558,293902439,,,2.724879669406579,0.2101825727187631,,,,,,,,1373139534.2,,5.828266274193549,1.79824454452593,0.0,0.0,0.0,0.0,,,0.0,0.0,0.0428944025956659,,0.0,0.0,,0.0,0.0,0.0,0.0096726530612244,0.2254991904748387,0.0,0.0,0.0,0.0,,0.0,,,0.0,0.0,,,,,,,,,,0.0,0.0,0.0,0.0,0.0,0.0,,1992-12-30,,amc,,2025-04-25,1992-12-31,,4.7121875,1190525.921875
1992-09-30,WMB,USD,107263,1992-09-30,1992-09-29 20:00:00,1992,Q3,554900000.0,0.0,554900000.0,1.0,0,0.0,0.0,0.0,0.0,0.0,0.0,0.0,0.0,0.0,554900000.0,1.0,554900000.0,1.0,-554900000.0,0.0,0.0,-18600000.0,15000000.0,0.0270318976,0.06,0.06,250000000,250000000,,,2.2196,0.06,,,,,,,,1092500000.0,,18.208333333333336,1.9688232113894395,0.0,0.0,0.0,0.0,,,0.0,0.0,0.0137299771167048,,0.0,0.0,,0.0,0.0,0.0,0.010845766590389,0.7899333333333334,0.0,0.0,0.0,0.0,,0.0,,,0.0,0.0,,,,,,,,,,0.0,0.0,0.0,0.0,0.0,0.0,,1993-02-03,0.18,amc,,2025-04-25,1992-09-30,0.1666666666666666,4.05765625,1654757.546875
1992-06-30,WMB,USD,107263,1992-06-30,1992-06-29 20:00:00,1992,Q2,546400000.0,0.0,546400000.0,1.0,0,0.0,0.0,0.0,0.0,0.0,0.0,0.0,0.0,0.0,546400000.0,1.0,546400000.0,1.0,-546400000.0,0.0,0.0,-16100000.0,13200000.0,0.0241581259,0.05,0.05,264000000,264000000,,,2.06969696969697,0.05,,,,,,,,955680000.0,,18.1,1.7490483162518302,0.0,0.0,0.0,0.0,,,0.0,0.0,0.0138121546961325,,0.0,0.0,,0.0,0.0,0.0,0.013092817679558,0.94792,0.0,0.0,0.0,0.0,,0.0,,,0.0,0.0,,,,,,,,,,0.0,0.0,0.0,0.0,0.0,0.0,,1992-06-29,,amc,,2025-04-25,1992-06-30,,3.912063492063492,1867362.746031746
1992-03-31,WMB,USD,107263,1992-03-31,1992-03-30 19:00:00,1992,Q1,583200000.0,0.0,583200000.0,1.0,0,0.0,0.0,0.0,0.0,0.0,0.0,0.0,0.0,0.0,583200000.0,1.0,583200000.0,1.0,-583200000.0,0.0,0.0,-39500000.0,36600000.0,0.0627572016,0.15,0.15,244000000,244000000,,,2.390163934426229,0.15,,,,,,,,1088240000.0,,7.433333333333334,1.8659807956104253,0.0,0.0,0.0,0.0,,,0.0,0.0,0.0336322869955156,,0.0,0.0,,0.0,0.0,0.0,0.0106269058295964,0.3159733333333333,0.0,0.0,0.0,0.0,,0.0,,,0.0,0.0,,,,,,,,,,0.0,0.0,0.0,0.0,0.0,0.0,,1992-03-30,,amc,,2025-04-25,1992-03-31,,4.61968253968254,1395724.1587301588
1991-12-31,WMB,USD,107263,1991-12-31,1991-12-30 19:00:00,1991,Q4,619100000.0,0.0,619100000.0,1.0,0,0.0,0.0,0.0,0.0,0.0,0.0,0.0,0.0,0.0,619100000.0,1.0,619100000.0,1.0,-619100000.0,0.0,0.0,-47500000.0,44600000.0,0.0720400581,0.19,0.19,244000000,244000000,,,2.5372950819672133,0.1827868852459016,,,,,,,,1168760000.0,,6.55134529147982,1.8878371830075915,0.0,0.0,0.0,0.0,,,0.0,0.0,0.038160101303946,,0.0,0.0,,0.0,0.0,0.0,0.0091135699373695,0.2388245739910313,0.0,0.0,0.0,0.0,,0.0,,,0.0,0.0,,,,,,,,,,0.0,0.0,0.0,0.0,0.0,0.0,,1991-12-30,,amc,,2025-04-25,1991-12-31,,4.4059375,786714.5
1991-09-30,WMB,USD,107263,1991-09-30,1991-09-29 20:00:00,1991,Q3,430000000.0,0.0,430000000.0,1.0,0,0.0,0.0,0.0,0.0,0.0,0.0,0.0,0.0,0.0,430000000.0,1.0,430000000.0,1.0,-430000000.0,0.0,0.0,-5700000.0,5700000.0,0.013255814,0.0235,0.0235,242857143,242857143,,,1.7705882342525952,0.0234705882214878,,,,,,,,1083142857.78,,47.50626569210527,2.51893687855814,0.0,0.0,0.0,0.0,,,0.0,0.0,0.005262463726791,,0.0,0.0,,0.0,0.0,0.0,0.0097878923766816,1.8599448632494733,0.0,0.0,0.0,0.0,,0.0,,,0.0,0.0,,,,,,,,,,0.0,0.0,0.0,0.0,0.0,0.0,,1991-09-29,,amc,,2025-04-25,1991-09-30,,4.223125,980521.390625
1991-06-30,WMB,USD,107263,1991-06-30,1991-06-29 20:00:00,1991,Q2,448000000.0,0.0,448000000.0,1.0,0,0.0,0.0,0.0,0.0,0.0,0.0,0.0,0.0,0.0,448000000.0,1.0,448000000.0,1.0,-448000000.0,0.0,0.0,-14000000.0,11100000.0,0.0247767857,0.05,0.05,222000000,222000000,,,2.018018018018018,0.05,,,,,,,,883560000.0,,19.9,1.9722321428571428,0.0,0.0,0.0,0.0,,,0.0,0.0,0.0125628140703517,,0.0,0.0,,0.0,0.0,0.0,0.0109683417085427,0.87308,0.0,0.0,0.0,0.0,,0.0,,,0.0,0.0,,,,,,,,,,0.0,0.0,0.0,0.0,0.0,0.0,,1991-06-29,,amc,,2025-04-25,1991-06-30,,4.18578125,1025814.390625
1991-03-31,WMB,USD,107263,1991-03-31,1991-03-30 19:00:00,1991,Q1,607600000.0,0.0,607600000.0,1.0,0,0.0,0.0,0.0,0.0,0.0,0.0,0.0,0.0,0.0,607600000.0,1.0,607600000.0,1.0,-607600000.0,0.0,0.0,-42800000.0,39900000.0,0.0656682028,0.16,0.16,249375000,249375000,,,2.436491228070176,0.16,,,,,,,,985031250.0,,6.171875,1.6211837557603688,0.0,0.0,0.0,0.0,,,0.0,0.0,0.040506329113924,,0.0,0.0,,0.0,0.0,0.0,0.0110516455696202,0.2728375,0.0,0.0,0.0,0.0,,0.0,,,0.0,0.0,,,,,,,,,,0.0,0.0,0.0,0.0,0.0,0.0,,1991-03-30,,amc,,2025-04-25,1991-03-31,,3.616065573770492,917660.3606557376
1990-12-31,WMB,USD,107263,1990-12-31,1990-12-30 19:00:00,1990,Q4,542000000.0,0.0,542000000.0,1.0,0,0.0,0.0,0.0,0.0,0.0,0.0,0.0,0.0,0.0,542000000.0,1.0,542000000.0,1.0,-542000000.0,0.0,0.0,-52200000.0,49300000.0,0.0909594096,0.21,0.21,249375000,249375000,,,2.1734335839599,0.1976942355889724,,,,,,,,805481250.0,,4.08459051724138,1.4861277675276752,0.0,0.0,0.0,0.0,,,0.0,0.0,0.0612056456931803,,0.0,0.0,,0.0,0.0,0.0,0.0135151702786377,0.2208157454361054,0.0,0.0,0.0,0.0,,0.0,,,0.0,0.0,,,,,,,,,,0.0,0.0,0.0,0.0,0.0,0.0,,1990-12-30,,amc,,2025-04-25,1990-12-31,,3.44171875,728950.203125
1990-09-30,WMB,USD,107263,1990-09-30,1990-09-29 20:00:00,1990,Q3,348900000.0,0.0,348900000.0,1.0,0,0.0,0.0,0.0,0.0,0.0,0.0,0.0,0.0,0.0,348900000.0,1.0,348900000.0,1.0,-348900000.0,0.0,0.0,15300000.0,-15300000.0,-0.0438521066,-0.0673,-0.0673,227500000,227500000,,,1.5336263736263736,-0.0672527472527472,,,,,,,,746200000.0,,-12.19281045751634,2.138721696761249,0.0,0.0,0.0,0.0,,,0.0,0.0,-0.0205038863575448,,0.0,0.0,,0.0,0.0,0.0,0.0133091463414634,-0.6491035947712418,0.0,0.0,0.0,0.0,,0.0,,,0.0,0.0,,,,,,,,,,0.0,0.0,0.0,0.0,0.0,0.0,,1990-09-29,,amc,,2025-04-25,1990-09-30,,3.340952380952381,1192382.6825396826
1990-06-30,WMB,USD,107263,1990-06-30,1990-06-29 20:00:00,1990,Q2,383000000.0,0.0,383000000.0,1.0,0,0.0,0.0,0.0,0.0,0.0,0.0,0.0,0.0,0.0,383000000.0,1.0,383000000.0,1.0,-383000000.0,0.0,0.0,-8100000.0,8100000.0,0.0211488251,0.0312,0.0312,260000000,260000000,,,1.4730769230769232,0.0311538461538461,,,,,,,,975000000.0,,30.09259259259259,2.545691906005222,0.0,0.0,0.0,0.0,,,0.0,0.0,0.0083076923076923,,0.0,0.0,,0.0,0.0,0.0,0.0116410666666666,1.4012395061728395,0.0,0.0,0.0,0.0,,0.0,,,0.0,0.0,,,,,,,,,,0.0,0.0,0.0,0.0,0.0,0.0,,1990-06-29,,amc,,2025-04-25,1990-06-30,,3.962380952380952,1470104.984126984
1990-03-31,WMB,USD,107263,1990-03-31,1990-03-30 19:00:00,1990,Q1,548200000.0,0.0,548200000.0,1.0,0,0.0,0.0,0.0,0.0,0.0,0.0,0.0,0.0,0.0,548200000.0,1.0,548200000.0,1.0,-548200000.0,0.0,0.0,-32000000.0,29100000.0,0.0530828165,0.12,0.12,242500000,242500000,,,2.260618556701031,0.12,,,,,,,,977275000.0,,8.395833333333334,1.782697920466983,0.0,0.0,0.0,0.0,,,0.0,0.0,0.0297766749379652,,0.0,0.0,,0.0,0.0,0.0,0.0108322580645161,0.3637833333333333,0.0,0.0,0.0,0.0,,0.0,,,0.0,0.0,,,,,,,,,,0.0,0.0,0.0,0.0,0.0,0.0,,1990-03-30,,amc,,2025-04-25,1990-03-31,,4.209206349206349,1217580.507936508
1989-12-31,WMB,USD,107263,1989-12-31,1989-12-30 19:00:00,1989,Q4,538800000.0,0.0,538800000.0,1.0,0,0.0,0.0,0.0,0.0,0.0,0.0,0.0,0.0,0.0,538800000.0,1.0,538800000.0,1.0,-538800000.0,0.0,0.0,0.0,0.0,0.0,0.0,0.0,242500000,242500000,,,2.2218556701030927,0.0,,,,,,,,1202800000.0,,0.0,2.2323682256867112,0.0,0.0,0.0,0.0,,,0.0,0.0,0.0,,0.0,0.0,,0.0,0.0,0.0,0.0088012096774193,0.0,0.0,0.0,0.0,0.0,,0.0,,,0.0,0.0,,,,,,,,,,0.0,0.0,0.0,0.0,0.0,0.0,,1989-12-30,,amc,,2025-04-25,1989-12-31,,,
1989-09-30,WMB,USD,107263,1989-09-30,1989-09-29 20:00:00,1989,Q3,325500000.0,0.0,325500000.0,1.0,0,0.0,0.0,0.0,0.0,0.0,0.0,0.0,0.0,0.0,325500000.0,1.0,325500000.0,1.0,-325500000.0,0.0,0.0,0.0,0.0,0.0,0.01,0.01,228846000,228846000,,,1.4223538973807714,0.0,,,,,,,,1192287660.0,,0.0,3.662942119815668,0.0,0.0,0.0,0.0,,,0.0,0.0,0.0,,0.0,0.0,,0.0,0.0,0.0,0.008378886756238,0.0,0.0,0.0,0.0,0.0,,0.0,,,0.0,0.0,,,,,,,,,,0.0,0.0,0.0,0.0,0.0,0.0,,1989-09-29,,amc,,2025-04-25,1989-09-30,,,
1989-06-30,WMB,USD,107263,1989-06-30,1989-06-29 20:00:00,1989,Q2,338000000.0,0.0,338000000.0,1.0,0,0.0,0.0,0.0,0.0,0.0,0.0,0.0,0.0,0.0,338000000.0,1.0,338000000.0,1.0,-338000000.0,0.0,0.0,0.0,0.0,0.0,-0.03,-0.03,228090000,228090000,,,1.4818711911964575,0.0,,,,,,,,1065180300.0,,0.0,3.15142100591716,0.0,0.0,0.0,0.0,,,0.0,0.0,0.0,,0.0,0.0,,0.0,0.0,0.0,0.0093477516059957,0.0,0.0,0.0,0.0,0.0,,0.0,,,0.0,0.0,,,,,,,,,,0.0,0.0,0.0,0.0,0.0,0.0,,1989-06-29,,amc,,2025-04-25,1989-06-30,,,
1989-03-31,WMB,USD,107263,1989-03-31,1989-03-30 19:00:00,1989,Q1,515000000.0,0.0,515000000.0,1.0,0,0.0,0.0,0.0,0.0,0.0,0.0,0.0,0.0,0.0,515000000.0,1.0,515000000.0,1.0,-515000000.0,0.0,0.0,0.0,0.0,0.0,0.13,0.13,227982000,227982000,,,2.2589502680036144,0.0,,,,,,,,857212320.0,,0.0,1.664489941747573,0.0,0.0,0.0,0.0,,,0.0,0.0,0.0,,0.0,0.0,,0.0,0.0,0.0,0.0116101063829787,0.0,0.0,0.0,0.0,0.0,,0.0,,,0.0,0.0,,,,,,,,,,0.0,0.0,0.0,0.0,0.0,0.0,,1989-03-30,,amc,,2025-04-25,1989-03-31,,,
1988-12-31,WMB,USD,107263,1988-12-31,1988-12-30 19:00:00,1988,Q4,449700000.0,0.0,449700000.0,1.0,0,0.0,0.0,0.0,0.0,0.0,0.0,0.0,0.0,0.0,449700000.0,1.0,449700000.0,1.0,-449700000.0,0.0,0.0,0.0,0.0,0.0,0.0,0.0,227982000,227982000,,,1.972524146643156,0.0,,,,,,,,868611420.0,,0.0,1.9315352901934624,0.0,0.0,0.0,0.0,,,0.0,0.0,0.0,,0.0,0.0,,0.0,0.0,0.0,0.0114577427821522,0.0,0.0,0.0,0.0,0.0,,0.0,,,0.0,0.0,,,,,,,,,,0.0,0.0,0.0,0.0,0.0,0.0,,1988-12-30,,amc,,2025-04-25,1988-12-31,,,
1988-09-30,WMB,USD,107263,1988-09-30,1988-09-29 20:00:00,1988,Q3,292000000.0,0.0,292000000.0,1.0,0,0.0,0.0,0.0,0.0,0.0,0.0,0.0,0.0,0.0,292000000.0,1.0,292000000.0,1.0,-292000000.0,0.0,0.0,0.0,0.0,0.0,-0.05,-0.05,227760000,227760000,,,1.2820512820512822,0.0,,,,,,,,924705600.0,,0.0,3.1667999999999994,0.0,0.0,0.0,0.0,,,0.0,0.0,0.0,,0.0,0.0,,0.0,0.0,0.0,0.0107522167487684,0.0,0.0,0.0,0.0,0.0,,0.0,,,0.0,0.0,,,,,,,,,,0.0,0.0,0.0,0.0,0.0,0.0,,1988-09-29,,amc,,2025-04-25,1988-09-30,,,
1988-06-30,WMB,USD,107263,1988-06-30,1988-06-29 20:00:00,1988,Q2,304000000.0,0.0,304000000.0,1.0,0,0.0,0.0,0.0,0.0,0.0,0.0,0.0,0.0,0.0,304000000.0,1.0,304000000.0,1.0,-304000000.0,0.0,0.0,0.0,0.0,0.0,-0.01,-0.01,227622000,227622000,,,1.335547530555043,0.0,,,,,,,,887725800.0,,0.0,2.920150657894737,0.0,0.0,0.0,0.0,,,0.0,0.0,0.0,,0.0,0.0,,0.0,0.0,0.0,0.0111933333333333,0.0,0.0,0.0,0.0,0.0,,0.0,,,0.0,0.0,,,,,,,,,,0.0,0.0,0.0,0.0,0.0,0.0,,1988-06-29,,amc,,2025-04-25,1988-06-30,,,
1988-03-31,WMB,USD,107263,1988-03-31,1988-03-30 19:00:00,1988,Q1,627400000.0,0.0,627400000.0,1.0,0,0.0,0.0,0.0,0.0,0.0,0.0,0.0,0.0,0.0,627400000.0,1.0,627400000.0,1.0,-627400000.0,0.0,0.0,0.0,0.0,0.0,0.57,0.57,227610000,227610000,,,2.756469399411274,0.0,,,,,,,,780702300.0,,0.0,1.2443453936882372,0.0,0.0,0.0,0.0,,,0.0,0.0,0.0,,0.0,0.0,,0.0,0.0,0.0,0.0127271137026239,0.0,0.0,0.0,0.0,0.0,,0.0,,,0.0,0.0,,,,,,,,,,0.0,0.0,0.0,0.0,0.0,0.0,,1988-03-30,,amc,,2025-04-25,1988-03-31,,,
1987-12-31,WMB,USD,107263,1987-12-31,1987-12-30 19:00:00,1987,Q4,559700000.0,0.0,559700000.0,1.0,0,0.0,0.0,0.0,0.0,0.0,0.0,0.0,0.0,0.0,559700000.0,1.0,559700000.0,1.0,-559700000.0,0.0,0.0,0.0,0.0,0.0,0.0,0.0,227610000,227610000,,,2.4590307982953297,0.0,,,,,,,,664621200.0,,0.0,1.1874597105592282,0.0,0.0,0.0,0.0,,,0.0,0.0,0.0,,0.0,0.0,,0.0,0.0,0.0,0.01495,0.0,0.0,0.0,0.0,0.0,,0.0,,,0.0,0.0,,,,,,,,,,0.0,0.0,0.0,0.0,0.0,0.0,,1987-12-30,,amc,,2025-04-25,1987-12-31,,,
1987-09-30,WMB,USD,107263,1987-09-30,1987-09-29 20:00:00,1987,Q3,335700000.0,0.0,335700000.0,1.0,0,0.0,0.0,0.0,0.0,0.0,0.0,0.0,0.0,0.0,335700000.0,1.0,335700000.0,1.0,-335700000.0,0.0,0.0,0.0,0.0,0.0,0.03,0.03,225068000,225068000,,,1.4915492206799723,0.0,,,,,,,,988048520.0,,0.0,2.943248495680667,0.0,0.0,0.0,0.0,,,0.0,0.0,0.0,,0.0,0.0,,0.0,0.0,0.0,0.0099439635535307,0.0,0.0,0.0,0.0,0.0,,0.0,,,0.0,0.0,,,,,,,,,,0.0,0.0,0.0,0.0,0.0,0.0,,1987-09-29,,amc,,2025-04-25,1987-09-30,,,
1987-06-30,WMB,USD,107263,1987-06-30,1987-06-29 20:00:00,1987,Q2,340800000.0,0.0,340800000.0,1.0,0,0.0,0.0,0.0,0.0,0.0,0.0,0.0,0.0,0.0,340800000.0,1.0,340800000.0,1.0,-340800000.0,0.0,0.0,0.0,0.0,0.0,0.07,0.07,211094000,211094000,,,1.6144466446227748,0.0,,,,,,,,905593260.0,,0.0,2.657257218309859,0.0,0.0,0.0,0.0,,,0.0,0.0,0.0,,0.0,0.0,,0.0,0.0,0.0,0.0101757575757575,0.0,0.0,0.0,0.0,0.0,,0.0,,,0.0,0.0,,,,,,,,,,0.0,0.0,0.0,0.0,0.0,0.0,,1987-06-29,,amc,,2025-04-25,1987-06-30,,,
1987-03-31,WMB,USD,107263,1987-03-31,1987-03-30 19:00:00,1987,Q1,543600000.0,0.0,543600000.0,1.0,0,0.0,0.0,0.0,0.0,0.0,0.0,0.0,0.0,0.0,543600000.0,1.0,543600000.0,1.0,-543600000.0,0.0,0.0,0.0,0.0,0.0,0.26,0.26,206044000,206044000,,,2.63827143716876,0.0,,,,,,,,824176000.0,,0.0,1.516144223693893,0.0,0.0,0.0,0.0,,,0.0,0.0,0.0,,0.0,0.0,,0.0,0.0,0.0,0.0109135,0.0,0.0,0.0,0.0,0.0,,0.0,,,0.0,0.0,,,,,,,,,,0.0,0.0,0.0,0.0,0.0,0.0,,1987-03-30,,amc,,2025-04-25,1987-03-31,,,
1986-12-31,WMB,USD,107263,1986-12-31,1986-12-30 19:00:00,1986,Q4,130200000.0,0.0,130200000.0,1.0,0,0.0,0.0,0.0,0.0,0.0,0.0,0.0,0.0,0.0,130200000.0,1.0,130200000.0,1.0,-130200000.0,0.0,0.0,0.0,0.0,0.0,0.0,0.0,206044000,206044000,,,0.6319038651938421,0.0,,,,,,,,597527600.0,,0.0,4.589305683563748,0.0,0.0,0.0,0.0,,,0.0,0.0,0.0,,0.0,0.0,,0.0,0.0,0.0,0.0150531034482758,0.0,0.0,0.0,0.0,0.0,,0.0,,,0.0,0.0,,,,,,,,,,0.0,0.0,0.0,0.0,0.0,0.0,,1986-12-30,,amc,,2025-04-25,1986-12-31,,,
1986-09-30,WMB,USD,107263,1986-09-30,1986-09-29 20:00:00,1986,Q3,425000000.0,0.0,425000000.0,1.0,0,0.0,0.0,0.0,0.0,0.0,0.0,0.0,0.0,0.0,425000000.0,1.0,425000000.0,1.0,-425000000.0,0.0,0.0,0.0,0.0,0.0,-0.15,-0.15,206032000,206032000,,,2.0627863632833736,0.0,,,,,,,,475933920.0,,0.0,1.1198445176470588,0.0,0.0,0.0,0.0,,,0.0,0.0,0.0,,0.0,0.0,,0.0,0.0,0.0,0.0188978354978354,0.0,0.0,0.0,0.0,0.0,,0.0,,,0.0,0.0,,,,,,,,,,0.0,0.0,0.0,0.0,0.0,0.0,,1986-09-29,,amc,,2025-04-25,1986-09-30,,,
1986-06-30,WMB,USD,107263,1986-06-30,1986-06-29 20:00:00,1986,Q2,507000000.0,0.0,507000000.0,1.0,0,0.0,0.0,0.0,0.0,0.0,0.0,0.0,0.0,0.0,507000000.0,1.0,507000000.0,1.0,-507000000.0,0.0,0.0,0.0,0.0,0.0,0.05,0.05,206008000,206008000,,,2.461069473030173,0.0,,,,,,,,603603440.0,,0.0,1.1905393293885602,0.0,0.0,0.0,0.0,,,0.0,0.0,0.0,,0.0,0.0,,0.0,0.0,0.0,0.014898976109215,0.0,0.0,0.0,0.0,0.0,,0.0,,,0.0,0.0,,,,,,,,,,0.0,0.0,0.0,0.0,0.0,0.0,,1986-06-29,,amc,,2025-04-25,1986-06-30,,,
1986-03-31,WMB,USD,107263,1986-03-31,1986-03-30 19:00:00,1986,Q1,796400000.0,0.0,796400000.0,1.0,0,0.0,0.0,0.0,0.0,0.0,0.0,0.0,0.0,0.0,796400000.0,1.0,796400000.0,1.0,-796400000.0,0.0,0.0,0.0,0.0,0.0,0.07,0.07,205854000,205854000,,,3.868761355135193,0.0,,,,,,,,603152220.0,,0.0,0.7573483425414365,0.0,0.0,0.0,0.0,,,0.0,0.0,0.0,,0.0,0.0,,0.0,0.0,0.0,0.014898976109215,0.0,0.0,0.0,0.0,0.0,,0.0,,,0.0,0.0,,,,,,,,,,0.0,0.0,0.0,0.0,0.0,0.0,,1986-03-30,,amc,,2025-04-25,1986-03-31,,,
1985-12-31,WMB,USD,107263,1985-12-31,1985-12-30 19:00:00,1985,Q4,816000000.0,0.0,816000000.0,1.0,0,0.0,0.0,0.0,0.0,0.0,0.0,0.0,0.0,0.0,816000000.0,1.0,816000000.0,1.0,-816000000.0,0.0,0.0,0.0,0.0,0.0,0.0,0.0,205854000,205854000,,,3.9639744673409294,0.0,,,,,,,,763718340.0,,0.0,0.935929338235294,0.0,0.0,0.0,0.0,,,0.0,0.0,0.0,,0.0,0.0,,0.0,0.0,0.0,0.011766576819407,0.0,0.0,0.0,0.0,0.0,,0.0,,,0.0,0.0,,,,,,,,,,0.0,0.0,0.0,0.0,0.0,0.0,,1985-12-30,,amc,,2025-04-25,1985-12-31,,,
1985-09-30,WMB,USD,107263,1985-09-30,1985-09-29 20:00:00,1985,Q3,552500000.0,0.0,552500000.0,1.0,0,0.0,0.0,0.0,0.0,0.0,0.0,0.0,0.0,0.0,552500000.0,1.0,552500000.0,1.0,-552500000.0,0.0,0.0,0.0,0.0,0.0,-0.13,-0.13,205764000,205764000,,,2.685114986100581,0.0,,,,,,,,726346920.0,,0.0,1.3146550588235295,0.0,0.0,0.0,0.0,,,0.0,0.0,0.0,,0.0,0.0,,0.0,0.0,0.0,0.0123665722379603,0.0,0.0,0.0,0.0,0.0,,0.0,,,0.0,0.0,,,,,,,,,,0.0,0.0,0.0,0.0,0.0,0.0,,1985-09-29,,amc,,2025-04-25,1985-09-30,,,
