date,symbol,reportedCurrency,cik,fillingDate,acceptedDate,calendarYear,period,revenue,costOfRevenue,grossProfit,grossProfitRatio,researchAndDevelopmentExpenses,generalAndAdministrativeExpenses,sellingAndMarketingExpenses,sellingGeneralAndAdministrativeExpenses,otherExpenses,operatingExpenses,costAndExpenses,interestIncome,interestExpense,depreciationAndAmortization,ebitda,ebitdaratio,operatingIncome,operatingIncomeRatio,totalOtherIncomeExpensesNet,incomeBeforeTax,incomeBeforeTaxRatio,incomeTaxExpense,netIncome,netIncomeRatio,eps,epsdiluted,weightedAverageShsOut,weightedAverageShsOutDil,link,finalLink,revenuePerShare,netIncomePerShare,operatingCashFlowPerShare,freeCashFlowPerShare,cashPerShare,bookValuePerShare,tangibleBookValuePerShare,shareholdersEquityPerShare,interestDebtPerShare,marketCap,enterpriseValue,peRatio,priceToSalesRatio,pocfratio,pfcfRatio,pbRatio,ptbRatio,evToSales,enterpriseValueOverEBITDA,evToOperatingCashFlow,evToFreeCashFlow,earningsYield,freeCashFlowYield,debtToEquity,debtToAssets,netDebtToEBITDA,currentRatio,interestCoverage,incomeQuality,dividendYield,payoutRatio,salesGeneralAndAdministrativeToRevenue,researchAndDdevelopementToRevenue,intangiblesToTotalAssets,capexToOperatingCashFlow,capexToRevenue,capexToDepreciation,stockBasedCompensationToRevenue,grahamNumber,roic,returnOnTangibleAssets,grahamNetNet,workingCapital,tangibleAssetValue,netCurrentAssetValue,investedCapital,averageReceivables,averagePayables,averageInventory,daysSalesOutstanding,daysPayablesOutstanding,daysOfInventoryOnHand,receivablesTurnover,payablesTurnover,inventoryTurnover,roe,capexPerShare,report_date,epsEstimated,time,revenueEstimated,updatedFromDate,fiscalDateEnding,surprise(%),QuarterAvgPrice,QuarterAvgVolume
2025-03-31,WST,USD,105770,2025-04-24,2025-04-24 16:19:45,2025,Q1,698000000.0,466100000.0,231900000.0,0.332234957,16300000,0.0,0.0,88000000.0,20600000.0,124900000.0,570400000.0,4100000.0,400000.0,40000000.0,150900000.0,0.2161891117,107000000.0,0.1532951289,3500000.0,110500000.0,0.1583094556,24100000.0,89800000.0,0.1286532951,1.24,1.23,72500000,73000000,https://www.sec.gov/Archives/edgar/data/105770/000010577025000036/0000105770-25-000036-index.htm,https://www.sec.gov/Archives/edgar/data/105770/000010577025000036/wst-20250331.htm,9.627586206896552,1.2386206896551724,1.7848275862068963,0.8013793103448276,5.575172413793103,37.00827586206896,35.38758620689655,37.00827586206896,4.187586206896552,16231300000.0,16130300000.0,45.187360801781736,23.25401146131805,125.43508500772798,279.368330464716,6.049457716820096,6.049457716820096,23.109312320916903,106.89396951623591,124.65455950540958,277.6299483648881,0.0055325205005144,0.003579503798217,0.1130036152211993,0.0837985738765131,-0.6693174287607687,2.767229922156825,267.5,1.44097995545657,0.0009364622673476,0.1692650334075723,0.0,0.0233524355300859,0.0324747111823558,0.5510046367851623,0.1021489971346704,1.8235294117647056,0.001862464183381,32.11514228292561,0.0270623802090537,0.0256520124546519,0.9813793103448276,930800000.0,2565600000.0,522400000.0,2783400000.0,548050000.0,233850000.0,382850000.0,70.0916905444126,44.10212400772367,75.05470928985196,1.2840323767476085,2.0407180385288965,1.1991252894262927,0.0334687488353024,0.983448275862069,2025-03-31,,,,,,,275.60516666666666,960750.8
2024-12-31,WST,USD,105770,2025-02-18,2025-02-18 16:44:56,2024,Q4,748800000.0,475200000.0,273600000.0,0.3653846154,18500000,0.0,0.0,85300000.0,10200000.0,114000000.0,589200000.0,4800000.0,-800000.0,40700000.0,204800000.0,0.2735042735,159600000.0,0.2131410256,5300000.0,164900000.0,0.2202190171,36800000.0,130100000.0,0.1737446581,1.78,1.77,73000000,73700000,https://www.sec.gov/Archives/edgar/data/105770/000010577025000013/0000105770-25-000013-index.htm,https://www.sec.gov/Archives/edgar/data/105770/000010577025000013/wst-20241231.htm,10.257534246575345,1.782191780821918,2.604109589041096,1.167123287671233,6.638356164383562,36.74383561643835,35.14246575342466,36.74383561643835,4.13013698630137,23911880000.0,23729580000.0,45.94903920061491,31.933600427350427,125.78579694897424,280.65586854460093,8.914692614547217,8.914692614547217,31.69014423076923,115.86708984375,124.82682798527092,278.5161971830986,0.0054408101746914,0.0035630824510661,0.1127017857808597,0.0829719492781467,-0.89013671875,2.794513081395349,-199.5,1.461183704842429,0.0006398493133956,0.1176018447348193,0.0,0.0247061965811965,0.0320854147225119,0.551814834297738,0.1400908119658119,2.577395577395577,0.0057425213675213,38.38492726590064,0.0398530303570791,0.036892102651354,1.731164383561644,987700000.0,2565400000.0,577000000.0,2790700000.0,538399999.5,231800000.0,389100000.0,66.40625,45.321969696969695,71.40151515151516,1.3552941176470588,1.985791893021312,1.2604774535809018,0.0485031502814748,1.436986301369863,2025-02-13,1.71,bmo,740471025.0,2025-05-11,2024-12-31,0.064327485380117,314.70703125,628492.5625
2024-09-30,WST,USD,105770,2024-10-24,2024-10-24 16:21:38,2024,Q3,746900000.0,482200000.0,264700000.0,0.3543981791,15500000,0.0,0.0,83500000.0,0.0,99000000.0,581200000.0,4600000.0,700000.0,40200000.0,205400000.0,0.2750033472,161300000.0,0.2159592984,3200000.0,164500000.0,0.2202436739,32400000.0,136000000.0,0.1820859553,1.87,1.85,72800000,73400000,https://www.sec.gov/Archives/edgar/data/105770/000010577024000081/0000105770-24-000081-index.htm,https://www.sec.gov/Archives/edgar/data/105770/000010577024000081/wst-20240930.htm,10.259615384615383,1.868131868131868,2.473901098901099,1.3571428571428572,6.743131868131868,37.80357142857143,36.14010989010989,37.80357142857143,4.196428571428571,21851648000.0,21665548000.0,40.168470588235294,29.256457357075917,121.3306385341477,221.1705263157895,7.939990552668871,7.939990552668871,29.007294149149818,105.47978578383642,120.29732370905052,219.28692307692307,0.0062237868741067,0.0045213981114833,0.1107517895425311,0.0829365187341841,-0.90603700097371,3.002129719264279,230.42857142857144,1.324264705882353,0.0006635655123128,0.1066176470588235,0.0,0.0207524434328558,0.032951484313352,0.4514158800666296,0.1088499129736243,2.0223880597014925,0.0068282233230686,39.8622160897454,0.0407520130741642,0.0382667416994935,2.221497242445055,1034100000.0,2631000000.0,627600000.0,2866100000.0,513149999.5,218000000.0,410200000.0,63.17713202570625,41.86437163002904,74.88179178763998,1.424566090834572,2.149799375835934,1.2018943170488534,0.0494168089822317,1.1167582417582418,2024-10-24,1.5,bmo,709620989.0,2025-04-25,2024-09-30,0.2333333333333334,306.2475,546795.28125
2024-06-30,WST,USD,105770,2024-07-25,2024-07-25 16:10:57,2024,Q2,702000000.0,470700000.0,231300000.0,0.3294871795,17500000,0.0,0.0,83000000.0,3300000.0,100500000.0,571200000.0,4000000.0,1500000.0,38900000.0,168400000.0,0.2398860399,130800000.0,0.1863247863,7000000.0,128700000.0,0.1833333319,21900000.0,111300000.0,0.1585470085,1.52,1.51,73000000,73700000,https://www.sec.gov/Archives/edgar/data/105770/000010577024000066/0000105770-24-000066-index.htm,https://www.sec.gov/Archives/edgar/data/105770/000010577024000066/wst-20240630.htm,9.616438356164384,1.5246575342465754,2.26027397260274,0.8876712328767123,6.112328767123287,35.298630136986304,33.652054794520545,35.298630136986304,4.321917808219178,23692150000.0,23559950000.0,53.2168688230009,33.749501424501425,143.58878787878788,365.6195987654321,9.19440779261099,9.19440779261099,33.561182336182334,139.90469121140143,142.78757575757575,363.579475308642,0.0046977585402759,0.002735083139352,0.1218565662837628,0.0899868172178598,-0.7850356294536817,2.340224080795329,87.2,1.482479784366577,0.0006162378678169,0.1311769991015274,0.0,0.0249287749287749,0.034447182896773,0.6072727272727273,0.1427350427350427,2.575835475578406,0.0061253561253561,34.79816451633816,0.0360630796630067,0.0330345482607147,1.6397260273972605,849300000.0,2456600000.0,570400000.0,2604500000.0,522950000.0,225900000.0,424550000.0,64.35897435897436,40.47801147227533,80.1529636711281,1.398406374501992,2.223429381199811,1.1228530534351144,0.0431931077305184,1.3726027397260274,2024-07-25,1.74,bmo,729361454.0,2025-04-25,2024-06-30,-0.1264367816091954,353.40095238095233,531334.3174603175
2024-03-31,WST,USD,105770,2024-04-25,2024-04-25 16:24:24,2024,Q1,695400000.0,465200000.0,230200000.0,0.3310324993,17600000,0.0,0.0,86700000.0,-3100000.0,107400000.0,572600000.0,6200000.0,1600000.0,35600000.0,161200000.0,0.2318090308,122800000.0,0.1765890135,4600000.0,127400000.0,0.1832039114,16400000.0,115300000.0,0.1658038539,1.57,1.55,73500000,74300000,https://www.sec.gov/Archives/edgar/data/105770/000010577024000031/0000105770-24-000031-index.htm,https://www.sec.gov/Archives/edgar/data/105770/000010577024000031/wst-20240331.htm,9.46122448979592,1.5687074829931973,1.6081632653061224,0.3755102040816326,8.187755102040816,36.47074829931973,34.817687074829934,36.47074829931973,4.193197278911565,29101590000.0,28806390000.0,63.09971812662619,41.84870578084555,246.206345177665,1054.4054347826086,10.856371707826606,10.856371707826606,41.424201898188095,178.69968982630272,243.70888324873096,1043.7097826086956,0.0039619828332403,0.0009484017883558,0.1143773781989107,0.0851122893706798,-1.831265508684864,2.6108883405305368,76.75,1.0251517779705115,0.0005051270394504,0.1274934952298352,0.0,0.0253091745757837,0.0337284512672459,0.766497461928934,0.1302847282139775,2.544943820224719,0.0071901064135749,35.878524980395255,0.0344546909059767,0.0331245690645828,4.122108843537415,1044500000.0,2559100000.0,771200000.0,2711400000.0,527950000.0,241250000.0,432300000.0,70.39257981018119,46.45098882201203,83.17067927773,1.278543849972421,1.9375260308204911,1.0821121190974643,0.0430127583376855,1.2326530612244897,2024-04-25,1.26,bmo,670624058.0,2025-04-25,2024-03-31,0.2380952380952381,369.9139344262295,551486.8852459016
2023-12-31,WST,USD,105770,2024-02-20,2024-02-20 16:44:29,2023,Q4,732000000.0,453800000.0,278200000.0,0.3800546448,18400000,0.0,0.0,90000000.0,-1100000.0,108400000.0,562200000.0,9400000.0,1200000.0,35900000.0,208900000.0,0.2853825137,160900000.0,0.2198087432,7300000.0,168200000.0,0.2297814208,34500000.0,137000000.0,0.1871584699,1.85,1.83,74100000,75000000,https://www.sec.gov/Archives/edgar/data/105770/000010577024000015/0000105770-24-000015-index.htm,https://www.sec.gov/Archives/edgar/data/105770/000010577024000015/wst-20231231.htm,9.878542510121456,1.8488529014844803,3.2267206477732797,1.7597840755735492,11.523616734143047,38.87989203778677,37.21187584345479,38.87989203778677,4.186234817813765,26092092000.0,25547192000.0,47.61330656934307,35.64493442622951,109.12627352572146,200.0927300613497,9.056609510586602,9.056609510586602,34.90053551912568,122.29388224030636,106.84731074864074,195.9140490797546,0.0052506330270489,0.0049976828228261,0.1072544255466851,0.0806893850372111,-2.60842508377214,2.88240547782078,134.08333333333334,1.7452554744525548,0.0005672216700753,0.1080291970802919,0.0,0.0251366120218579,0.0322757540148844,0.4546214972814721,0.1484972677595628,3.027855153203342,0.0019125683060109,40.21656408841974,0.0384410822077951,0.0369680779297876,6.838731443994602,1264600000.0,2757400000.0,987900000.0,2900700000.0,515550000.0,231100000.0,433250000.0,62.95081967213115,48.07404142794183,86.21198765976202,1.4296875,1.872112211221122,1.0439383482861744,0.0475529330093717,1.46693657219973,2024-02-15,1.78,bmo,739470000.0,2025-04-25,2023-12-31,0.0280898876404494,353.8988888888889,412988.4285714286
2023-09-30,WST,USD,105770,2023-10-26,2023-10-26 16:26:21,2023,Q3,747400000.0,459100000.0,288300000.0,0.3857372224,16400000,0.0,0.0,89000000.0,-1800000.0,105400000.0,564500000.0,8800000.0,2900000.0,35700000.0,219000000.0,0.2930157881,177300000.0,0.2372223709,9700000.0,187000000.0,0.2502006957,29400000.0,161300000.0,0.2158148247,2.17,2.14,74300000,75300000,https://www.sec.gov/Archives/edgar/data/105770/000010577023000068/0000105770-23-000068-index.htm,https://www.sec.gov/Archives/edgar/data/105770/000010577023000068/wst-20230930.htm,10.05921938088829,2.17092866756393,3.0969044414535665,1.8075370121130552,12.094212651413187,38.60296096904442,36.95423956931359,38.60296096904442,4.168236877523553,27878103000.0,27286303000.0,43.20846714197148,37.30011105164571,121.1564667535854,207.5808116157856,9.719720730771911,9.719720730771911,36.50829943805192,124.59499086757992,118.58454150369404,203.17425912137008,0.0057859030078194,0.0048174009544336,0.1069660414197057,0.0817109223107039,-2.702283105022831,3.6969072164948455,61.13793103448276,1.4265344079355238,0.0005021862499037,0.0867947923124612,0.0,0.0219427348140219,0.0326257756944629,0.4163407214254672,0.1281776826331281,2.683473389355742,0.0078940326465078,43.42345194664255,0.045151697207339,0.0444083475579538,8.308546433378197,1438800000.0,2745700000.0,1085800000.0,2969700000.0,526750000.0,218900000.0,440600000.0,62.50869681562751,43.08865170986713,84.64822478762797,1.439799653246003,2.088717015468608,1.0632237146827237,0.0562373614113381,1.2893674293405115,2023-10-26,1.86,bmo,750310000.0,2025-04-25,2023-09-30,0.1612903225806451,386.72222222222223,334547.4126984127
2023-06-30,WST,USD,105770,2023-07-27,2023-07-27 16:16:35,2023,Q2,753800000.0,462400000.0,291400000.0,0.3865746882,16500000,0.0,0.0,88400000.0,-3900000.0,104900000.0,567300000.0,5000000.0,2700000.0,34100000.0,221200000.0,0.2934465375,182500000.0,0.2421066596,2400000.0,184900000.0,0.245290528,34800000.0,155100000.0,0.2057574954,2.09,2.06,74300000,75400000,https://www.sec.gov/Archives/edgar/data/105770/000010577023000048/0000105770-23-000048-index.htm,https://www.sec.gov/Archives/edgar/data/105770/000010577023000048/wst-20230630.htm,10.14535666218035,2.087483176312248,2.277254374158816,1.262449528936743,10.717362045760431,36.96769851951548,35.28802153432032,36.96769851951548,4.226110363391656,28417521000.000004,27932521000.000004,45.805159574468085,37.69901963385514,167.95225177304965,302.9586460554372,10.34605927112535,10.34605927112535,37.05561289466703,126.2772197106691,165.0858215130024,297.7880703624734,0.0054579004269936,0.0033007805290264,0.1133360032038446,0.0848321342925659,-2.1925858951175408,3.663408913213448,67.5925925925926,1.0909090909090908,0.0004961727660903,0.0909090909090909,0.0,0.0218890952507296,0.0340091563113145,0.4456264775413711,0.1000265322366675,2.2111436950146626,0.0099495887503316,41.66908441933437,0.0464047182934223,0.04375423155044,6.714670255720054,1362600000.0,2621900000.0,951300000.0,2847900000.0,523900000.0,225900000.0,448200000.0,63.80472273812682,42.43079584775087,87.469723183391,1.410553892215569,2.121100917431193,1.028927458834001,0.0564677613135762,1.0148048452220726,2023-07-27,1.93,bmo,756530000.0,2025-04-25,2023-06-30,0.0932642487046631,357.2370967741936,411040.5967741936
2023-03-31,WST,USD,105770,2023-04-27,2023-04-27 16:10:11,2023,Q1,716600000.0,445300000.0,271300000.0,0.3785933575,17100000,0.0,0.0,86000000.0,12900000.0,116000000.0,561300000.0,4800000.0,2200000.0,31600000.0,191700000.0,0.267513257,155300000.0,0.2167178342,2600000.0,157900000.0,0.2203460787,23600000.0,140000000.0,0.1953670109,1.88,1.85,74500000,75700000,https://www.sec.gov/Archives/edgar/data/105770/000010577023000023/0000105770-23-000023-index.htm,https://www.sec.gov/Archives/edgar/data/105770/000010577023000023/wst-20230331.htm,9.618791946308724,1.8791946308724832,1.8536912751677848,0.7516778523489933,11.896644295302014,37.26442953020134,35.578523489932884,37.26442953020134,4.249664429530202,25812015000.000004,25240115000.000004,46.09288392857143,36.02011582472789,186.90814627081824,460.92883928571433,9.297606440458182,9.297606440458182,35.22204158526375,131.66465832029215,182.766944243302,450.7163392857143,0.0054238307237927,0.0021695322895171,0.1132483250486276,0.0844344183048662,-2.9833072509128846,3.6216115161712463,70.5909090909091,0.9864285714285714,0.0005462572371819,0.1007142857142857,0.0,0.023862684900921,0.0337307981523257,0.5944967414916728,0.1145687970974044,2.598101265822785,0.0118615685180016,39.69395555563603,0.0411863055034103,0.0389105058365758,7.3483221476510066,1402300000.0,2650600000.0,989800000.0,2844200000.0,510400000.0,224600000.0,430900000.0,64.4794864638571,47.25353694138783,90.34358859196048,1.3957927541877675,1.9046193327630456,0.9961968680089486,0.0504286434694906,1.102013422818792,2023-04-27,1.67,bmo,698190000.0,2025-04-25,2023-03-31,0.1856287425149701,292.19338709677425,598858.7580645161
2022-12-31,WST,USD,105770,2023-02-21,2023-02-21 16:18:23,2022,Q4,708700000.0,446600000.0,262100000.0,0.3698320869,15900000,0.0,0.0,85700000.0,30800000.0,132400000.0,579000000.0,2900000.0,1700000.0,31100000.0,245200000.0,0.3459856075,98600000.0,0.1391279808,2200000.0,128700000.0,0.1816001129,28900000.0,103000000.0,0.1453365317,1.38,1.36,74400000,75600000,https://www.sec.gov/Archives/edgar/data/105770/000010577023000012/0000105770-23-000012-index.htm,https://www.sec.gov/Archives/edgar/data/105770/000010577023000012/wst-20221231.htm,9.525537634408602,1.3844086021505375,3.1021505376344085,1.8266129032258065,12.02016129032258,36.08736559139785,34.39784946236559,36.08736559139785,4.295698924731183,17510040000.0,16933640000.0,42.50009708737864,24.707266826583886,75.86672443674176,128.84503311258277,6.521673060449179,6.521673060449179,23.893946662903907,69.0605220228385,73.36932409012131,124.6036791758646,0.0058823395035077,0.0077612615390941,0.1184029200342657,0.0878953771289537,-2.3507340946166395,3.698458574181118,58.0,2.240776699029126,0.0008052523009656,0.1368932038834951,0.0,0.0224354451813179,0.0347544790975447,0.4111785095320623,0.1339071539438408,3.0514469453376205,0.0094539297304924,33.52748626810332,0.0244122133011021,0.0295035948554896,7.397177419354839,1400500000.0,2559200000.0,987600000.0,2788900000.0,496350000.0,202150000.0,413950000.0,64.43629180189079,43.40797133900583,83.59158083296015,1.396728419392984,2.073351903435469,1.0766634522661525,0.0383626950724421,1.2755376344086022,2023-02-16,1.38,bmo,657165746.0,2025-04-25,2022-12-31,0.282608695652174,236.9646031746032,753235.4761904762
2022-09-30,WST,USD,105770,2022-10-27,2022-10-27 16:21:38,2022,Q3,686900000.0,418900000.0,268000000.0,0.3901586839,13600000,0.0,0.0,66300000.0,-50500000.0,79900000.0,498800000.0,1500000.0,2200000.0,29800000.0,167400000.0,0.2437035959,139100000.0,0.2025040035,-50000000.0,136200000.0,0.1982821371,20400000.0,120600000.0,0.1755714078,1.62,1.59,74400000,75700000,https://www.sec.gov/Archives/edgar/data/105770/000010577022000054/0000105770-22-000054-index.htm,https://www.sec.gov/Archives/edgar/data/105770/000010577022000054/wst-20220930.htm,9.23252688172043,1.6209677419354838,2.2701612903225805,1.493279569892473,9.798387096774194,33.20967741935484,31.568548387096776,33.20967741935484,4.060483870967742,18308352000.0,17879252000.0,37.9526368159204,26.653591498034647,108.3975843694494,164.7916471647165,7.409888295288975,7.409888295288975,26.028900858931436,106.80556750298686,105.85702782711664,160.92936093609362,0.0065871575988925,0.0060682687333081,0.1213776914359721,0.0904184756391702,-2.563321385902031,3.795927304576309,63.22727272727273,1.400497512437811,0.0007373683879357,0.1119402985074626,0.0,0.0197990973940893,0.0368125904486251,0.3422143280047365,0.0841461639248798,1.9395973154362416,0.008734895909157,34.80252657321437,0.040937948273225,0.0377500234763827,6.095766129032258,1276900000.0,2348700000.0,887600000.0,2554600000.0,506850000.0,204450000.0,412350000.0,63.58567477070898,40.58486512294104,88.75387920744808,1.415413146507315,2.2175754367390152,1.0140401839748243,0.0488101019912578,0.7768817204301075,2022-10-27,2.12,bmo,727416982.0,2025-04-25,2022-09-30,-0.0424528301886793,304.63890625,394731.25
2022-06-30,WST,USD,105770,2022-07-28,2022-07-28 16:04:56,2022,Q2,771300000.0,449800000.0,321500000.0,0.4168287307,14400000,0.0,0.0,81500000.0,600000.0,95900000.0,545700000.0,400000.0,2200000.0,30100000.0,256300000.0,0.3322961234,228400000.0,0.296123428,-1200000.0,227200000.0,0.2945676131,44200000.0,188500000.0,0.2443925839,2.53,2.49,74400000,75800000,https://www.sec.gov/Archives/edgar/data/105770/000010577022000047/0000105770-22-000047-index.htm,https://www.sec.gov/Archives/edgar/data/105770/000010577022000047/wst-20220630.htm,10.366935483870968,2.5336021505376345,2.3266129032258065,1.4381720430107527,9.65725806451613,32.586021505376344,30.884408602150536,32.586021505376344,4.498655913978495,22496328000.0,22110328000.0,29.835978779840847,29.16676779463244,129.96145580589254,210.2460560747664,9.279132156409831,9.279132156409831,28.666314015298845,86.26737417089349,127.73153090699016,206.6385794392523,0.0083791452542832,0.0047563317889035,0.1371473354231975,0.0989082904482851,-1.5060476004682013,3.1341355512298708,103.8181818181818,0.9183023872679044,0.0005823172563984,0.0694960212201591,0.0,0.0186697782963827,0.0376595175060237,0.3818601964182553,0.0856994684299235,2.1960132890365447,0.0071308180993128,43.09988768753882,0.0642924964338347,0.0582671323915798,5.151881720430108,1206000000.0,2297800000.0,833800000.0,2486900000.0,513550000.0,234100000.0,414050000.0,61.656942823803966,44.01956425077813,82.3566029346376,1.4596896290688872,2.0445454545454544,1.0928085519922257,0.0777511961722488,0.8884408602150538,2022-07-28,2.21,bmo,754251233.0,2025-04-25,2022-06-30,0.1176470588235295,325.3908064516129,448525.8225806452
2022-03-31,WST,USD,105770,2022-04-28,2022-04-28 16:04:01,2022,Q1,720000000.0,435400000.0,284600000.0,0.3952777778,14600000,0.0,0.0,83400000.0,0.0,98000000.0,533400000.0,300000.0,2200000.0,29600000.0,219000000.0,0.3041666667,189700000.0,0.2634722222,-1900000.0,187800000.0,0.2608333333,21200000.0,173800000.0,0.2413888889,2.34,2.29,74400000,76000000,https://www.sec.gov/Archives/edgar/data/105770/000010577022000017/0000105770-22-000017-index.htm,https://www.sec.gov/Archives/edgar/data/105770/000010577022000017/wst-20220331.htm,9.67741935483871,2.336021505376344,2.032258064516129,1.1478494623655917,8.974462365591398,31.266129032258064,29.510752688172044,31.266129032258064,4.481182795698925,30556824000.0,30220324000.0,43.95400460299194,42.44003333333333,202.0953968253968,357.80824355971896,13.135940159917462,13.135940159917462,41.97267222222222,137.99234703196348,199.86986772486773,353.867962529274,0.005687763885409,0.0027947930714265,0.1423781274181068,0.1005250857437703,-1.5365296803652968,2.8907318741450068,86.22727272727273,0.8699654775604143,0.0004385272500833,0.0771001150747986,0.0,0.0202777777777777,0.039639420888093,0.4351851851851852,0.0913888888888889,2.222972972972973,0.0076388888888888,40.53841228646722,0.0606718522215532,0.0549287317088587,3.783266129032258,1105700000.0,2195600000.0,722000000.0,2377800000.0,493850000.0,240200000.0,397450000.0,62.3375,51.30454754248967,86.09324758842443,1.443753759775416,1.7542304593070104,1.0453781512605045,0.0747141260424727,0.8844086021505376,2022-04-28,2.12,bmo,720922500.0,2025-04-25,2022-03-31,0.0849056603773583,391.48306451612905,441529.4032258064
2021-12-31,WST,USD,105770,2022-02-22,2022-02-22 16:22:31,2021,Q4,730800000.0,430200000.0,300600000.0,0.4113300493,13700000,0.0,0.0,98000000.0,200000.0,116600000.0,546800000.0,300000.0,2300000.0,34400000.0,226000000.0,0.3092501368,184000000.0,0.2517788725,-2100000.0,181900000.0,0.2489053093,34200000.0,147700000.0,0.2021072797,1.98,1.93,74500000,76400000,https://www.sec.gov/Archives/edgar/data/105770/000162828022003342/0001628280-22-003342-index.htm,https://www.sec.gov/Archives/edgar/data/105770/000162828022003342/wst-20211231.htm,9.809395973154365,1.98255033557047,2.1583892617449663,1.131543624161074,10.236241610738254,31.34765100671141,29.563758389261743,31.34765100671141,4.397315436241611,34941245000.0,34503945000.0,59.14225626269464,47.81232211275314,217.2962997512438,414.48689205219455,14.96156761154406,14.96156761154406,47.21393678160919,152.67232300884956,214.5767723880597,409.2994661921708,0.0042270960865876,0.0024126215308012,0.1392909137620964,0.0981652483553624,-1.9349557522123897,2.9321663019693656,80.0,1.088693297224103,0.0003806389841003,0.0900473933649289,0.0,0.0187465790914066,0.0401050153901864,0.4757462686567164,0.104679802955665,2.2238372093023258,0.0136836343732895,37.39433995286971,0.0536945795775548,0.0464333993523845,4.565771812080537,1147900000.0,2202500000.0,763600000.0,2407600000.0,482700000.0,219950000.0,366100000.0,60.22167487684729,48.57740585774059,79.16317991631799,1.494478527607362,1.8527131782945736,1.136892177589852,0.0632439838999743,1.0268456375838926,2022-02-17,1.92,bmo,710196000.0,2025-04-25,2021-12-31,0.0625,430.4434375,376103.765625
2021-09-30,WST,USD,105770,2021-10-28,2021-10-28 16:01:25,2021,Q3,706500000.0,418300000.0,288200000.0,0.4079263977,13100000,0.0,0.0,91900000.0,400000.0,105000000.0,523300000.0,400000.0,1800000.0,30000000.0,214600000.0,0.3037508846,181400000.0,0.2567586695,-300000.0,181100000.0,0.256334041,12000000.0,175600000.0,0.2485491861,2.37,2.31,74100000,76000000,https://www.sec.gov/Archives/edgar/data/105770/000010577021000083/0000105770-21-000083-index.htm,https://www.sec.gov/Archives/edgar/data/105770/000010577021000083/wst-20210930.htm,9.534412955465587,2.369770580296896,2.565452091767882,1.6842105263157894,9.284750337381915,29.720647773279357,27.898785425101213,29.720647773279357,4.283400809716599,31458414000.0,31086014000.0,44.787035876993166,44.52712526539278,165.48350341925303,252.070625,14.284345457022203,14.284345457022203,44.000019815994335,144.85561043802423,163.5245344555497,249.08665064102564,0.0055819724414587,0.0039671421451825,0.1433047268764473,0.1004263985235155,-1.7353215284249768,2.8612602935911204,100.77777777777776,1.0825740318906605,0.0004005287742732,0.071753986332574,0.0,0.0185421089879688,0.0429580602049258,0.3435034192530247,0.0924274593064402,2.1766666666666667,0.0159943382873319,39.80829217902832,0.0640523829525961,0.0583854235935629,3.804318488529015,1039700000.0,2067300000.0,658000000.0,2239700000.0,478450000.0,206400000.0,349500000.0,60.68789808917197,44.68802295003586,76.12240019125029,1.4829974811083124,2.01396244583534,1.1823063877897118,0.0797348226853743,0.8812415654520918,2021-10-28,1.8,bmo,687090000.0,2025-04-25,2021-09-30,0.1444444444444444,421.55421875,330944.9375
2021-06-30,WST,USD,105770,2021-07-30,2021-07-30 07:58:00,2021,Q2,723600000.0,408500000.0,315100000.0,0.435461581,13800000,0.0,0.0,92700000.0,1400000.0,103800000.0,512300000.0,200000.0,1700000.0,28800000.0,238900000.0,0.3301547816,211300000.0,0.2920121614,-300000.0,211000000.0,0.2915975677,32300000.0,187300000.0,0.2588446656,2.53,2.47,74000000,75700000,https://www.sec.gov/Archives/edgar/data/105770/000010577021000055/0000105770-21-000055-index.htm,https://www.sec.gov/Archives/edgar/data/105770/000010577021000055/wst-20210630.htm,9.778378378378378,2.531081081081081,1.9513513513513512,1.1824324324324325,7.786486486486487,27.467567567567567,25.605405405405406,27.467567567567567,4.339189189189189,26573400000.0,26316600000.0,35.46903363587828,36.723880597014926,184.0263157894737,303.696,13.073600314867658,13.073600314867658,36.36898839137645,110.1573880284638,182.2479224376731,300.76114285714283,0.0070484017852438,0.0032927664506611,0.1571386401653055,0.1088801772626555,-1.0749267475931352,3.125264494286923,124.29411764705884,0.7709556860651361,0.0004741583688952,0.0672717565403096,0.0,0.0190713101160862,0.0469746037156979,0.3940443213296399,0.0786346047540077,1.9756944444444444,0.0142343836373687,39.55071951059421,0.0721065661332032,0.0669957434631755,2.814527027027027,1004400000.0,1894800000.0,576100000.0,2178100000.0,473100000.0,204700000.0,327700000.0,59.7636815920398,45.18727050183598,76.05385556915544,1.5059313215400625,1.9917113603120429,1.1833719582850522,0.0921479877988782,0.768918918918919,2021-07-29,1.74,bmo,669380000.0,2025-04-25,2021-06-30,0.4137931034482758,330.40222222222224,379888.07936507935
2021-03-31,WST,USD,105770,2021-04-30,2021-04-30 16:03:41,2021,Q1,670700000.0,398800000.0,271900000.0,0.4053973461,12200000,0.0,0.0,80200000.0,-2800000.0,92400000.0,491200000.0,100000.0,1800000.0,29100000.0,209600000.0,0.3125093186,175600000.0,0.2618160131,-700000.0,174900000.0,0.2607723274,28700000.0,151200000.0,0.2254361115,2.04,1.99,73900000,75800000,https://www.sec.gov/Archives/edgar/data/105770/000010577021000026/0000105770-21-000026-index.htm,https://www.sec.gov/Archives/edgar/data/105770/000010577021000026/wst-20210331.htm,9.075778078484438,2.0460081190798376,1.2002706359945874,0.4600811907983761,6.545331529093369,24.74966170500677,22.87956698240866,24.74966170500677,4.373477672530447,20823542000.0,20661242000.0,34.43045965608465,31.04747577158192,234.7637204058624,612.4571176470587,11.385206123564789,11.385206123564789,30.80548978678992,98.5746278625954,232.9339571589628,607.683588235294,0.0072610125597268,0.0016327673745417,0.1757244395844724,0.1173121144650874,-0.7743320610687023,2.748550124275062,97.55555555555556,0.5866402116402116,0.0006050843799772,0.0833333333333333,0.0,0.018189950797674,0.0504434792130525,0.616685456595265,0.0815565826748173,1.879725085910653,0.008796779484121,33.754335985777765,0.064435967674492,0.0581203152027676,1.04702300405954,844200000.0,1690800000.0,416300000.0,1977700000.0,425500000.0,208700000.0,315750000.0,62.49142686745192,46.10581745235707,70.00501504513541,1.4401975520721495,1.9520313264806657,1.2856221792392004,0.0826681246582832,0.7401894451962111,2021-04-29,1.43,bmo,611390000.0,2025-04-25,2021-03-31,0.4335664335664335,286.1965573770492,491508.1639344262
2020-12-31,WST,USD,105770,2021-02-23,2021-02-23 16:49:23,2020,Q4,580200000.0,369100000.0,211100000.0,0.3638400552,12900000,0.0,0.0,76300000.0,900000.0,95000000.0,464100000.0,200000.0,1900000.0,28500000.0,146100000.0,0.2518097208,116100000.0,0.2001034126,-1000000.0,115100000.0,0.198379869,20400000.0,98400000.0,0.1695966908,1.33,1.29,74000000,76100000,https://www.sec.gov/Archives/edgar/data/105770/000010577021000008/0000105770-21-000008-index.htm,https://www.sec.gov/Archives/edgar/data/105770/000010577021000008/wst-20201231.htm,7.84054054054054,1.3297297297297297,2.0094594594594595,1.281081081081081,8.317567567567568,25.06081081081081,23.147297297297296,25.06081081081081,4.427027027027027,20964940000.0,20675140000.0,53.26458333333333,36.13398827990349,140.98816408876934,221.14915611814345,11.304901590725263,11.304901590725263,35.63450534298518,141.51362080766597,139.0392737054472,218.092194092827,0.0046935502796573,0.0045218350255235,0.1756268535993529,0.1165795690457441,-1.9835728952772071,2.7288438617401667,61.10526315789474,1.511178861788618,0.0006010033894683,0.1280487804878048,0.0,0.0222337125129265,0.050683656668337,0.3624747814391392,0.0928990003447087,1.8912280701754387,0.0110306790761806,27.382336764619183,0.0412999968934858,0.0371012744136942,1.7003378378378378,870300000.0,1712900000.0,434400000.0,2023400000.0,379150000.0,196700000.0,308100000.0,59.76732161323681,51.96152804118125,78.344622053644,1.505839605502206,1.7320506804317222,1.1487706193588547,0.0530601240226476,0.7283783783783784,2021-02-18,1.13,bmo,543670000.0,2025-04-25,2020-12-31,0.1858407079646019,280.61453125,414633.375
2020-09-30,WST,USD,105770,2020-10-23,2020-10-23 16:03:57,2020,Q3,548000000.0,353400000.0,194600000.0,0.3551094891,12500000,0.0,0.0,76200000.0,-6300000.0,88700000.0,442100000.0,200000.0,1900000.0,28400000.0,136200000.0,0.248540146,99200000.0,0.1810218978,-1500000.0,97700000.0,0.1782846715,21100000.0,82300000.0,0.1501824818,1.11,1.09,73900000,75800000,https://www.sec.gov/Archives/edgar/data/105770/000010577020000057/0000105770-20-000057-index.htm,https://www.sec.gov/Archives/edgar/data/105770/000010577020000057/wst-20200930.htm,7.415426251691475,1.1136671177266575,1.604871447902571,0.9621109607577808,7.028416779431664,23.25981055480379,21.366711772665763,23.25981055480379,4.430311231393776,20315110000.0,20121210000.0,61.710540704738754,37.07136861313869,171.29097807757165,285.72587904360057,11.818668916167317,11.818668916167317,36.71753649635036,147.7328193832599,169.65607082630692,282.9987341772152,0.0040511717632835,0.0034998579874782,0.1893652917563558,0.1260260182747405,-1.4236417033773865,2.7659146750055843,52.21052631578947,1.4410692588092344,0.0005857708867931,0.1445929526123937,0.0,0.0228102189781021,0.0541660213721542,0.4005059021922428,0.0866788321167883,1.6725352112676055,0.0180656934306569,24.14193320836837,0.0360541670359678,0.0336894674362438,1.1190798376184032,790600000.0,1579000000.0,374400000.0,1881400000.0,356800000.0,171300000.0,284850000.0,61.25912408759124,45.916808149405774,75.1018675721562,1.4691689008042896,1.9600665557404329,1.1983723296032551,0.0478794577927744,0.6427604871447903,2020-10-22,1.0,bmo,476521739.0,2025-04-25,2020-09-30,0.1499999999999999,264.63984375,505970.4375
2020-06-30,WST,USD,105770,2020-07-24,2020-07-24 16:55:47,2020,Q2,527200000.0,332100000.0,195100000.0,0.3700682853,10800000,77700000.0,0.0,77700000.0,-2800000.0,88500000.0,420600000.0,200000.0,1800000.0,26200000.0,134400000.0,0.2549317147,103600000.0,0.1965098634,-1600000.0,102000000.0,0.1934749621,16000000.0,91200000.0,0.1729893778,1.24,1.21,73800000,75500000,https://www.sec.gov/Archives/edgar/data/105770/000010577020000045/0000105770-20-000045-index.htm,https://www.sec.gov/Archives/edgar/data/105770/000010577020000045/wst-20200630.htm,7.143631436314363,1.2357723577235773,2.0067750677506777,1.4525745257452574,6.042005420054201,21.76558265582656,19.884823848238483,21.76558265582656,4.453929539295393,16765146000.0,16646146000.0,45.95708881578947,31.80035280728376,113.20152599594869,156.39128731343283,10.437120089647014,10.437120089647014,31.574632018209407,123.85525297619049,112.39801485482782,155.28121268656716,0.0054398571894333,0.0063942180998602,0.2035111747494241,0.1366467416293943,-0.8854166666666666,2.9600213219616203,57.55555555555556,1.6239035087719298,0.0007038411714398,0.1293859649122807,0.1473823975720789,0.0204855842185129,0.0580194791623124,0.2761647535449021,0.0775796661608497,1.5610687022900764,0.0233308042488619,24.60059697255148,0.042839146448182,0.0404703794098069,0.714769647696477,735400000.0,1467500000.0,324600000.0,1782500000.0,336800000.0,160100000.0,262900000.0,58.14491654021244,43.983739837398375,74.47154471544715,1.5478567234292424,2.0462107208872458,1.2085152838427948,0.0567764427566457,0.55420054200542,2020-07-23,0.91,bmo,383801600.0,2025-04-25,2020-06-30,0.3736263736263736,196.48206349206347,870440.0634920635
2020-03-31,WST,USD,105770,2020-04-24,2020-04-24 16:04:57,2020,Q1,491500000.0,324500000.0,167000000.0,0.3397761953,10700000,71800000.0,0.0,71800000.0,-300000.0,79000000.0,403500000.0,800000.0,1200000.0,26000000.0,110400000.0,0.2246185148,88000000.0,0.1790437436,-1500000.0,86500000.0,0.1759918616,15000000.0,74300000.0,0.1511698881,1.01,0.99,73900000,75500000,https://www.sec.gov/Archives/edgar/data/105770/000010577020000021/0000105770-20-000021-index.htm,https://www.sec.gov/Archives/edgar/data/105770/000010577020000021/wst-20200331.htm,6.650879566982408,1.0054127198917455,0.7726657645466847,0.3382949932341001,4.537212449255751,26.92557510148849,25.09878213802436,20.16508795669824,4.445196211096076,11251275000.0,11243275000.0,37.85758748317632,22.891709053916586,197.04509632224168,450.051,7.550177828479399,7.550177828479399,22.875432349949136,101.84125905797102,196.90499124343256,449.731,0.0066036960255615,0.0022219703989103,0.2196349483290833,0.1456933006899621,-0.072463768115942,2.838269454123113,73.33333333333333,0.7685060565275909,0.0010487700282856,0.1588156123822341,0.1460834181078331,0.0217700915564598,0.060093478744714,0.5621716287215411,0.0653102746693794,1.234615384615385,0.0109867751780264,21.358143842841443,0.0378223192559606,0.0351882547951693,6.141407307171854,633100000.0,1854800000.0,720800000.0,1664900000.0,326150000.0,157350000.0,243350000.0,60.9766022380468,43.79352850539291,69.61479198767334,1.475975975975976,2.055098163394553,1.292828685258964,0.0498590793182123,0.4343707713125845,2020-04-23,0.82,bmo,399039603.0,2025-04-25,2020-03-31,0.2317073170731708,153.92080645161292,513530.0483870968
2019-12-31,WST,USD,105770,2020-02-24,2020-02-21 18:56:52,2019,Q4,470600000.0,317400000.0,153200000.0,0.3255418615,10200000,69000000.0,0.0,69000000.0,4200000.0,79200000.0,396600000.0,1300000.0,800000.0,26300000.0,100000000.0,0.2124946876,78100000.0,0.165958351,-700000.0,77400000.0,0.1644708882,16500000.0,63900000.0,0.1357841054,0.86,0.84,74100000,75700000,https://www.sec.gov/Archives/edgar/data/105770/000010577020000015/0000105770-20-000015-index.htm,https://www.sec.gov/Archives/edgar/data/105770/000010577020000015/wst-20191231.htm,6.350877192982456,0.8623481781376519,1.435897435897436,0.9284750337381916,5.925775978407557,21.23076923076923,19.373819163292847,21.23076923076923,4.454790823211876,11139453000.0,11029653000.0,43.58158450704226,23.67074585635359,104.69410714285716,161.91065406976745,7.080760869565219,7.080760869565219,23.437426689332767,110.29653,103.6621522556391,160.3147238372093,0.005736367844992,0.0061762458174562,0.2093185863208746,0.1406423507303322,-1.098,3.0992388758782203,97.625,1.6651017214397497,0.0010592979745055,0.1846635367762128,0.1466213344666383,0.0216744581385465,0.0587682583069958,0.3533834586466165,0.0798980025499362,1.429657794676806,0.0118997025074373,20.29623342516616,0.030401610445653,0.0289953716308194,0.3809041835357625,717100000.0,1435600000.0,290500000.0,1764100000.0,317700000.0,151050000.0,233050000.0,61.06459838504037,44.461247637051045,66.83364839319471,1.4738490447854682,2.024234693877551,1.3466270683071702,0.0406178489702517,0.5074224021592443,2020-02-13,0.72,bmo,413209756.0,2025-04-25,2019-12-31,0.1388888888888888,145.5984375,424550.65625
2019-09-30,WST,USD,105770,2019-10-29,2019-10-28 18:56:03,2019,Q3,456100000.0,308300000.0,147800000.0,0.324051743,9300000,64800000.0,0.0,64800000.0,-7700000.0,74100000.0,382400000.0,1000000.0,1100000.0,25300000.0,100100000.0,0.2194694146,67300000.0,0.1475553607,-2400000.0,64900000.0,0.1422933567,10900000.0,56300000.0,0.1234378426,0.76,0.75,74000000,75500000,https://www.sec.gov/Archives/edgar/data/105770/000010577019000045/0000105770-19-000045-index.htm,https://www.sec.gov/Archives/edgar/data/105770/000010577019000045/wst10q93019.htm,6.1635135135135135,0.7608108108108108,1.4608108108108109,1.0324324324324323,5.351351351351352,26.741891891891893,24.91351351351351,20.102702702702704,3.641891891891892,10494680000.0,10367080000.0,46.60159857904085,23.009603157202367,97.08307123034228,137.3649214659686,7.054772788383973,7.054772788383973,22.72983994737996,103.56723276723277,95.9026827012026,135.69476439790577,0.0053646228374757,0.0072798789481908,0.1804248453885453,0.1234590616375344,-1.2747252747252746,2.997313432835821,61.18181818181818,1.9200710479573715,0.0010576787477083,0.1971580817051509,0.1420741065555799,0.0203902652926989,0.0622355105795768,0.2932469935245143,0.0695023021267265,1.2529644268774704,0.0118395088796316,18.550551331738586,0.03012854747439,0.0276156374160003,7.475337837837838,669100000.0,1843600000.0,809000000.0,1687800000.0,323450000.0,148700000.0,231350000.0,62.37447928085946,42.41647745702238,67.25916315277327,1.4428978171464726,2.1218169304886443,1.3381076388888888,0.0378461952137671,0.4283783783783784,2019-10-24,0.71,bmo,409912658.0,2025-04-25,2019-09-30,0.1126760563380282,137.684375,319002.6875
2019-06-30,WST,USD,105770,2019-07-29,2019-07-29 16:48:30,2019,Q2,469700000.0,311800000.0,157900000.0,0.3361720247,9600000,70300000.0,0.0,70300000.0,3000000.0,79900000.0,391700000.0,600000.0,1400000.0,26300000.0,105200000.0,0.2239727486,80500000.0,0.1713859911,-900000.0,79600000.0,0.1694698744,15500000.0,66100000.0,0.1407281243,0.9,0.88,73700000,75100000,https://www.sec.gov/Archives/edgar/data/105770/000010577019000033/0000105770-19-000033-index.htm,https://www.sec.gov/Archives/edgar/data/105770/000010577019000033/wst10q63019.htm,6.373134328358209,0.8968792401628223,1.4260515603799186,1.0420624151967437,4.432835820895522,26.149253731343283,24.27815468113976,19.6078697421981,3.717774762550882,9192601000.0,9138501000.0,34.767779878971254,19.571217798594848,87.46528068506184,119.69532552083334,6.361221368763407,6.361221368763407,19.4560378965297,86.86788022813688,86.95053282588012,118.9908984375,0.0071905655428751,0.0083545451390743,0.1886374645353263,0.1283911077618688,-0.5142585551330798,3.015006385696041,57.5,1.5900151285930408,0.0012074928521318,0.1679273827534039,0.1496700021290185,0.0204385778156269,0.0649491333835719,0.269267364414843,0.0602512241856504,1.0760456273764258,0.0153289333617202,19.891771027258237,0.0354156188503707,0.0332947161638039,6.715739484396201,631100000.0,1789300000.0,748300000.0,1666400000.0,324500000.0,144900000.0,229200000.0,63.38513945071322,43.90314304041052,67.05259781911482,1.4198911729141477,2.049967126890204,1.3422298751614292,0.0457407791848315,0.383989145183175,2019-07-25,0.72,bmo,379982022.0,2025-04-25,2019-06-30,0.2361111111111112,118.03571428571428,299871.1904761905
2019-03-31,WST,USD,105770,2019-05-08,2019-05-08 16:55:06,2019,Q1,443500000.0,296700000.0,146800000.0,0.3310033822,9800000,68600000.0,0.0,68600000.0,2900000.0,78400000.0,375100000.0,900000.0,1400000.0,25500000.0,93800000.0,0.2114994363,70700000.0,0.1594137542,-800000.0,69900000.0,0.1576099211,16100000.0,55400000.0,0.1249154453,0.75,0.73,74100000,75300000,https://www.sec.gov/Archives/edgar/data/105770/000010577019000020/0000105770-19-000020-index.htm,https://www.sec.gov/Archives/edgar/data/105770/000010577019000020/wst10q33119.htm,5.985155195681512,0.747638326585695,0.6423751686909581,0.2537112010796221,3.582995951417004,24.84075573549258,23.157894736842103,18.527665317139,3.704453441295547,8282898000.0,8290498000.0,37.37769855595669,18.676207440811726,174.01046218487397,440.5796808510638,6.033140068468207,6.033140068468207,18.69334385569335,88.38484008528785,174.17012605042018,440.9839361702128,0.0066884802879378,0.0022697369930186,0.1989219899482846,0.1341223848344956,0.0810234541577825,2.8814347392892725,50.5,0.8592057761732852,0.0013401106714099,0.2003610108303249,0.1546786922209695,0.022096956031567,0.0612415283370985,0.6050420168067226,0.0649379932356257,1.1294117647058823,0.0139797068771138,17.654173319587255,0.0309972866800397,0.0289824744964687,5.690958164642376,566500000.0,1716000000.0,672100000.0,1581100000.0,303200000.0,134050000.0,220300000.0,64.57271702367531,41.76946410515673,68.58442871587462,1.3937774984286613,2.154684095860566,1.312251216275984,0.0403525384223177,0.388663967611336,2019-04-25,0.66,bmo,395554054.0,2025-04-25,2019-03-31,0.1212121212121211,104.01508196721312,471001.0163934426
2018-12-31,WST,USD,105770,2019-02-28,2019-02-27 17:33:18,2018,Q4,422500000.0,289300000.0,133200000.0,0.3152662722,9800000,59700000.0,0.0,59700000.0,3700000.0,69500000.0,358800000.0,700000.0,1600000.0,26300000.0,82700000.0,0.195739645,65800000.0,0.155739645,0.0,65800000.0,0.155739645,14900000.0,52000000.0,0.1230769231,0.7,0.69,73900000,75500000,https://www.sec.gov/Archives/edgar/data/105770/000010577019000012/0000105770-19-000012-index.htm,https://www.sec.gov/Archives/edgar/data/105770/000010577019000012/wst10k12312018.htm,5.717185385656292,0.7036535859269283,0.9905277401894452,0.584573748308525,4.565629228687415,18.89445196211096,17.186738836265224,18.89445196211096,2.675236806495264,7244417000.0,7103117000.0,34.82892788461538,17.146549112426037,98.96744535519126,167.69483796296296,5.188295495237414,5.188295495237414,16.81211124260355,85.89016928657799,97.0371174863388,164.42400462962962,0.0071779413029371,0.0059632127747477,0.1404425982954952,0.1231474503893494,-1.708585247883918,3.1526260133944306,41.125,1.4076923076923078,0.0015322143935115,0.2134615384615384,0.141301775147929,0.0231952662721893,0.0792514443607134,0.4098360655737705,0.0710059171597633,1.1406844106463878,0.0009467455621301,17.295688761608424,0.0300224135897133,0.0354658300368299,6.2882273342354535,610700000.0,1270100000.0,698300000.0,1558900000.0,295550000.0,127800000.0,210650000.0,61.39171597633137,40.56688558589699,66.73003802281369,1.4659958362248438,2.2185582822085887,1.3487179487179488,0.0372412805271073,0.4059539918809202,2019-02-14,0.72,bmo,416712328.0,2025-04-25,2018-12-31,0.0138888888888889,108.50571428571428,358753.4285714286
2018-09-30,WST,USD,105770,2018-10-30,2018-10-30 17:03:08,2018,Q3,431700000.0,296100000.0,135600000.0,0.3141070188,10100000,64900000.0,0.0,64900000.0,2000000.0,75000000.0,371100000.0,500000.0,1500000.0,26200000.0,88600000.0,0.205235117,60800000.0,0.1408385453,300000.0,61100000.0,0.1415334723,8000000.0,55200000.0,0.127866574,0.75,0.73,73900000,75700000,https://www.sec.gov/Archives/edgar/data/105770/000010577018000038/0000105770-18-000038-index.htm,https://www.sec.gov/Archives/edgar/data/105770/000010577018000038/wst10q93018.htm,5.841677943166441,0.7469553450608931,1.196211096075778,0.8376184032476319,4.023004059539919,23.679296346414077,21.95669824086604,18.29228687415426,2.675236806495264,9089700000.0,8988600000.0,41.16711956521739,21.055594162612927,102.82466063348416,146.84491114701132,6.724145583666224,6.724145583666224,20.821403752605978,101.45146726862302,101.68099547511312,145.21163166397417,0.0060728076834218,0.0068099057174604,0.1451398135818908,0.10081701865269,-1.1410835214446953,2.943559556786703,40.53333333333333,1.6014492753623188,0.0011331507090443,0.1865942028985507,0.1503358813991197,0.0233958767662728,0.0654128770361235,0.2997737556561086,0.0613852212184387,1.0114503816793894,0.0122770442436877,17.53365999202182,0.0318827489706553,0.0303496811084231,5.841339648173207,561300000.0,1622600000.0,653900000.0,1510600000.0,299800000.0,125700000.0,207500000.0,63.14801945795691,38.05471124620061,62.85714285714285,1.4252228458237042,2.3650159744408947,1.431818181818182,0.0408344429649356,0.3585926928281461,2018-10-25,0.7,bmo,397618421.0,2025-04-25,2018-09-30,0.0857142857142858,112.1426984126984,355696.6507936508
2018-06-30,WST,USD,105770,2018-07-31,2018-07-31 16:44:31,2018,Q2,447500000.0,305300000.0,142200000.0,0.3177653631,10800000,70000000.0,0.0,70000000.0,600000.0,80800000.0,386100000.0,300000.0,1900000.0,25500000.0,88800000.0,0.1984357542,60300000.0,0.1347486034,-200000.0,60100000.0,0.134301676,6000000.0,56100000.0,0.1253631285,0.76,0.75,73600000,75000000,https://www.sec.gov/Archives/edgar/data/105770/000010577018000032/0000105770-18-000032-index.htm,https://www.sec.gov/Archives/edgar/data/105770/000010577018000032/wst10q63018.htm,6.080163043478261,0.7622282608695652,1.1141304347826086,0.8396739130434783,3.063858695652174,22.789402173913043,21.04619565217391,17.41711956521739,2.6942934782608696,7307744000.0,7278644000.0,32.56570409982175,16.330154189944135,89.11882926829269,118.24828478964402,5.700713004134489,5.700713004134489,16.26512625698324,81.96671171171171,88.7639512195122,117.77741100323624,0.0076767878020904,0.0084567822846558,0.1532100787892971,0.1048193414100443,-0.3277027027027027,2.666550764951322,31.73684210526316,1.461675579322638,0.0014094637141093,0.1836007130124777,0.1564245810055866,0.0241340782122905,0.0684741420718364,0.2463414634146341,0.0451396648044692,0.792156862745098,0.0134078212290502,17.283112190804665,0.0342223272667992,0.0321416294259195,4.833220108695652,479300000.0,1549000000.0,570500000.0,1434300000.0,293550000.0,126900000.0,211950000.0,59.67150837988827,37.202751392073374,61.375696036685234,1.508257499157398,2.419175911251981,1.4663784822286263,0.0437631640533583,0.2744565217391304,2018-07-26,0.67,bmo,428321428.0,2025-04-25,2018-06-30,0.0447761194029849,92.05,379418.09375
2018-03-31,WST,USD,105770,2018-05-08,2018-05-08 16:58:24,2018,Q1,415700000.0,281300000.0,134400000.0,0.3233100794,9600000,68300000.0,0.0,68300000.0,-1500000.0,77900000.0,359200000.0,600000.0,1300000.0,26400000.0,85400000.0,0.2054366129,53400000.0,0.1284580226,300000.0,53700000.0,0.1291796969,12500000.0,43600000.0,0.1048833293,0.59,0.58,73900000,75500000,https://www.sec.gov/Archives/edgar/data/105770/000010577018000015/0000105770-18-000015-index.htm,https://www.sec.gov/Archives/edgar/data/105770/000010577018000015/wst10q33118.htm,5.625169147496617,0.5899864682002707,0.6089309878213802,0.230040595399188,2.7036535859269284,22.619756427604877,20.83897158322057,17.663058186738837,2.6968876860622464,6524631000.0,6522831000.0,37.411875,15.695528025018042,144.9918,383.80182352941176,4.998568145253965,4.998568145253965,15.691197979312005,76.37975409836065,144.9518,383.69594117647057,0.0066823702367229,0.0026055113308323,0.1516892668352103,0.1059050064184852,-0.0210772833723653,2.822703113135915,41.07692307692308,1.0321100917431192,0.0015939598729797,0.2385321100917431,0.1643011787346644,0.0230935770988693,0.0703893881044073,0.6222222222222222,0.067356266538369,1.0606060606060606,0.0081789752225162,15.312469416695116,0.0255073044466658,0.0250863060989643,4.430987821380244,480100000.0,1540000000.0,545500000.0,1469500000.0,271800000.0,132850000.0,215450000.0,62.87226365167188,40.82474226804124,69.01173124777817,1.431473829201102,2.2045454545454546,1.3041261010662957,0.0334022830000766,0.3788903924221921,2018-04-26,0.64,bmo,429109677.0,2025-04-25,2018-03-31,-0.03125,93.54622950819672,407569.37704918033
2017-12-31,WST,USD,105770,2018-02-26,2018-02-26 17:13:48,2017,Q4,415600000.0,287100000.0,128500000.0,0.3091915303,9700000,58900000.0,0.0,58900000.0,1100000.0,68600000.0,355700000.0,400000.0,1700000.0,24900000.0,86700000.0,0.208614052,61000000.0,0.1467757459,-1100000.0,59300000.0,0.1426852743,61800000.0,-2500000.0,-0.0060153994,-0.0337,-0.0329,74200000,75900000,https://www.sec.gov/Archives/edgar/data/105770/000010577018000006/0000105770-18-000006-index.htm,https://www.sec.gov/Archives/edgar/data/105770/000010577018000006/wst10k12312017.htm,5.601078167115903,-0.0336927223719676,1.0983827493261455,0.7008086253369272,3.179245283018868,22.450134770889488,20.70619946091644,17.249326145552562,2.677897574123989,7321314000.0,7282414000.0,-732.1314000000001,17.616251203079884,89.8320736196319,140.7945,5.720223454957418,5.720223454957418,17.522651588065447,83.9955478662053,89.35477300613496,140.04642307692308,-0.0003414687582037,0.0071025501706387,0.1539182748652238,0.1057547777539188,-0.4486735870818916,2.6601073345259394,35.88235294117647,0.0,0.0014205100341277,-4.16,0.1417228103946102,0.023339749759384,0.0694653210221172,0.3619631901840491,0.0709817131857555,1.1847389558232932,0.0060153994225216,,-0.0016242464960742,-0.0014422522210684,4.533692722371968,464000000.0,1536400000.0,546500000.0,1448400000.0,252500000.0,130000000.0,215500000.0,54.831568816169394,43.291536050156736,67.46081504702194,1.641390205371248,2.0789283128167995,1.3341078066914498,-0.0019532775998124,0.3975741239892183,2018-02-15,0.62,bmo,409106250.0,2025-04-25,2017-12-31,0.032258064516129,98.04603174603174,356147.4285714286
2017-09-30,WST,USD,105770,2017-10-31,2017-10-31 16:04:04,2017,Q3,398200000.0,273200000.0,125000000.0,0.3139126067,9100000,61500000.0,0.0,61500000.0,9500000.0,70600000.0,343800000.0,300000.0,1000000.0,25000000.0,88800000.0,0.2230035158,63900000.0,0.1604721246,-1000000.0,62900000.0,0.1579608237,14000000.0,51000000.0,0.1280763435,0.69,0.67,74200000,75900000,https://www.sec.gov/Archives/edgar/data/105770/000010577017000050/0000105770-17-000050-index.htm,https://www.sec.gov/Archives/edgar/data/105770/000010577017000050/wst10q93017.htm,5.366576819407008,0.6873315363881402,1.0215633423180592,0.5592991913746631,3.629380053908356,22.91913746630728,21.17250673854447,17.747978436657682,3.1105121293800537,7142492000.0,7102992000.0,35.01221568627451,17.93694625816173,94.22812664907651,172.10824096385542,5.423716303439897,5.423716303439897,17.83774987443496,79.98864864864865,93.707018469657,171.15643373493975,0.0071403650154595,0.0058102970223837,0.1745007213911458,0.1190426854537919,-0.4448198198198198,2.5896666666666666,63.9,1.4862745098039216,0.0013440687087923,0.188235294117647,0.1544450025113008,0.0228528377699648,0.0671363447990053,0.4525065963060686,0.0861376192867905,1.372,0.0115519839276745,16.56718953080633,0.0298613996653683,0.0283207463349622,4.531671159029649,476900000.0,1571000000.0,547100000.0,1441900000.0,247100000.0,126400000.0,213550000.0,56.91109994977399,40.157393850658856,71.09077598828696,1.5814138204924544,2.2411812961443807,1.2659870250231695,0.03872731414686,0.4622641509433962,2017-10-26,0.53,bmo,314994029.0,2025-04-25,2017-09-30,0.2641509433962264,90.4826984126984,382475.77777777775
2017-06-30,WST,USD,105770,2017-08-01,2017-08-01 15:02:55,2017,Q2,397600000.0,272600000.0,125000000.0,0.3143863179,10000000,60600000.0,0.0,60600000.0,-11700000.0,70600000.0,343200000.0,300000.0,2000000.0,23500000.0,77600000.0,0.1951710262,42700000.0,0.1073943662,-1300000.0,40700000.0,0.1023641851,2900000.0,38800000.0,0.0975855131,0.53,0.51,73900000,75800000,https://www.sec.gov/Archives/edgar/data/105770/000010577017000042/0000105770-17-000042-index.htm,https://www.sec.gov/Archives/edgar/data/105770/000010577017000042/wst10q63017.htm,5.380243572395129,0.5250338294993234,1.1542625169147496,0.7550744248985115,3.066305818673884,21.833558863328825,20.09201623815968,16.81190798376184,3.1326116373477677,6985028000.0,6987928000.0,45.00662371134021,17.56797786720322,81.88778429073858,125.17971326164874,5.6222054088860265,5.6222054088860265,17.575271629778673,90.05061855670102,81.92178194607268,125.23168458781362,0.0055547379337634,0.0079885148635052,0.1847231165486156,0.1245252306022789,0.0373711340206185,2.483737024221454,21.35,2.198453608247423,0.00137436814856,0.2474226804123711,0.1524144869215291,0.0251509054325955,0.0698317959848073,0.3458382180539273,0.0741951710261569,1.25531914893617,0.0138329979879275,14.09267397170801,0.0249763785473572,0.0226331447237939,3.850473612990528,428800000.0,1484800000.0,488300000.0,1369300000.0,233600000.0,118500000.0,211800000.0,54.8692152917505,43.21716801173881,69.7615553925165,1.6402640264026402,2.082505729564553,1.290108849976337,0.0312298776561493,0.3991880920162381,2017-07-27,0.65,bmo,391575757.0,2025-04-25,2017-06-30,0.0153846153846153,91.9779365079365,341627.38095238095
2017-03-31,WST,USD,105770,2017-05-05,2017-05-05 15:44:55,2017,Q1,387700000.0,253600000.0,134100000.0,0.3458859943,10300000,61600000.0,0.0,61600000.0,-900000.0,71900000.0,325500000.0,300000.0,1800000.0,23300000.0,84900000.0,0.2189837503,61300000.0,0.1581119422,-1000000.0,59500000.0,0.1534691772,2200000.0,60900000.0,0.1570802167,0.83,0.81,73300000,74900000,https://www.sec.gov/Archives/edgar/data/105770/000010577017000019/0000105770-17-000019-index.htm,https://www.sec.gov/Archives/edgar/data/105770/000010577017000019/wst10q33117.htm,5.289222373806275,0.8308321964529332,0.2824010914051841,-0.2291950886766712,2.311050477489768,20.53069577080491,18.80354706684857,15.942701227830833,3.14324693042292,5982013000.0,6041213000.0,24.55670361247947,15.429489295847304,288.9861352657005,-356.0722023809524,5.118956871470135,5.118956871470135,15.58218467887542,71.15680800942285,291.846038647343,-359.5960119047619,0.0101805195007098,-0.0028084191726096,0.195618689029608,0.1318719353908278,0.6972909305064782,2.5442495126705653,34.05555555555556,0.3399014778325123,0.0015880941749875,0.1559934318555008,0.1588857363941191,0.0265669331957699,0.0730314392846841,1.8115942028985508,0.0967242713438225,1.609442060085837,0.0090275986587567,17.26350089832622,0.0390587834975196,0.0378990603024457,2.940654843110505,396100000.0,1378300000.0,424000000.0,1305500000.0,212650000.0,114050000.0,205800000.0,52.18467887541914,37.65378548895899,75.34305993690852,1.724644128113879,2.390197926484449,1.1945360339142723,0.0521136402532945,0.5115961800818554,2017-04-27,0.55,bmo,263253086.0,2025-04-25,2017-03-31,0.0909090909090907,83.61999999999999,346090.0
2016-12-31,WST,USD,105770,2017-02-28,2017-02-28 12:15:34,2016,Q4,382300000.0,258900000.0,123400000.0,0.3227831546,9600000,60900000.0,0.0,60900000.0,1400000.0,70500000.0,329400000.0,300000.0,1100000.0,22800000.0,78800000.0,0.2061208475,54300000.0,0.142035051,-1100000.0,53200000.0,0.1391577295,16100000.0,39100000.0,0.1022756997,0.53,0.52,73200000,74900000,https://www.sec.gov/Archives/edgar/data/105770/000010577017000011/0000105770-17-000011-index.htm,https://www.sec.gov/Archives/edgar/data/105770/000010577017000011/wst10k123116.htm,5.222677595628415,0.5341530054644809,0.9808743169398908,0.3319672131147541,2.773224043715847,20.3292349726776,18.603825136612024,15.26639344262295,3.137978142076503,6209556000.0,6235156000.0,39.70304347826087,16.242626209782895,86.48406685236769,255.53728395061728,5.55664966442953,5.55664966442953,16.309589327753073,79.12634517766497,86.84061281337047,256.59078189300413,0.0062967464984614,0.0039133232714223,0.2045637583892617,0.1331624628647987,0.3248730964467005,2.663485477178423,49.36363636363637,1.836317135549872,0.0015460042553767,0.2455242966751918,0.1592989798587496,0.0251111692388176,0.0735713869633599,0.6615598885793872,0.1242479727962333,2.083333333333333,0.0141250326968349,13.545415226177328,0.0256187708972044,0.0245850100603621,3.065915300546448,400900000.0,1361800000.0,413300000.0,1305500000.0,205000000.0,110500000.0,200200000.0,47.20115092859011,42.41019698725377,69.28157589803013,1.9067331670822945,2.1221311475409834,1.2990466633216258,0.0349888143176733,0.6489071038251366,2017-02-16,0.56,bmo,396459259.0,2025-04-25,2016-12-31,-0.0357142857142857,78.63619047619048,367620.28571428574
2016-09-30,WST,USD,105770,2016-10-31,2016-10-31 14:19:16,2016,Q3,376700000.0,255600000.0,121100000.0,0.3214759756,9000000,58300000.0,0.0,58300000.0,-2500000.0,67300000.0,322900000.0,200000.0,2000000.0,22900000.0,76500000.0,0.2030793735,51300000.0,0.1361826387,-2000000.0,49300000.0,0.130873374,14400000.0,37600000.0,0.0998141757,0.51,0.5,73300000,75000000,https://www.sec.gov/Archives/edgar/data/105770/000010577016000101/0000105770-16-000101-index.htm,https://www.sec.gov/Archives/edgar/data/105770/000010577016000101/wst10q93016.htm,5.139154160982264,0.5129604365620737,0.9331514324693042,0.2687585266030013,2.809004092769441,20.519781718963166,18.751705320600276,15.583901773533425,3.181446111869032,5460850000.0,5486150000.0,36.30884308510638,14.496548977966553,79.83698830409357,277.2005076142132,4.780574279961481,4.780574279961481,14.563711176002125,71.71437908496732,80.20687134502924,278.48477157360406,0.0068853749874103,0.0036074970013825,0.2023986693513087,0.1332334466662824,0.330718954248366,2.7791385135135136,25.65,1.819148936170213,0.0015931585742146,0.2313829787234042,0.1547650650384921,0.0238916910007963,0.0746844925949403,0.7119883040935673,0.1292805946376427,2.126637554585153,0.0122113087337403,13.411312903089469,0.0241928062760736,0.0234165784393099,3.1701909959072307,421300000.0,1374500000.0,426900000.0,1323600000.0,214250000.0,103150000.0,199400000.0,50.05309264666844,34.859154929577464,70.80985915492958,1.798090692124105,2.581818181818182,1.2710094480358032,0.0329160465727041,0.6643929058663028,2016-10-27,0.53,bmo,376700000.0,2025-04-25,2016-09-30,0.0,79.38828125,354743.9375
2016-06-30,WST,USD,105770,2016-08-01,2016-08-01 17:06:32,2016,Q2,388000000.0,254700000.0,133300000.0,0.343556701,8800000,62500000.0,0.0,62500000.0,-800000.0,71300000.0,326000000.0,300000.0,1700000.0,22700000.0,84100000.0,0.2167525773,61200000.0,0.1577319588,-1700000.0,59500000.0,0.1533505155,17000000.0,44700000.0,0.1152061856,0.61,0.6,73300000,74800000,https://www.sec.gov/Archives/edgar/data/105770/000010577016000086/0000105770-16-000086-index.htm,https://www.sec.gov/Archives/edgar/data/105770/000010577016000086/wst10q63016.htm,5.2933151432469305,0.6098226466575716,1.03956343792633,0.5620736698499318,2.765347885402456,20.10504774897681,18.33424283765348,15.13506139154161,3.180081855388813,5562004000.0,5590704000.0,31.107404921700223,14.335061855670103,72.99217847769029,135.00009708737863,5.013524427618532,5.013524427618532,14.409030927835053,66.47686087990488,73.3688188976378,135.69669902912622,0.008036671674454,0.0074074020802574,0.2085812150712096,0.1357105155122866,0.3412604042806183,2.753550543024227,36.0,1.7008928571428572,0.0015821635511229,0.1968680089485458,0.1610824742268041,0.022680412371134,0.0761245674740484,0.4593175853018372,0.0902061855670103,1.5418502202643172,0.0126288659793814,14.41070164461403,0.0297740673711249,0.028375547514759,3.197817189631651,419800000.0,1343900000.0,427800000.0,1290800000.0,214300000.0,102400000.0,195900000.0,50.79896907216495,37.91519434628975,69.85865724381625,1.7716894977168949,2.373718546132339,1.2883156297420333,0.0402920497566252,0.4774897680763983,2016-07-28,0.56,bmo,368271186.0,2025-04-25,2016-06-30,0.0535714285714284,72.77484375,454978.40625
2016-03-31,WST,USD,105770,2016-05-06,2016-05-06 15:25:12,2016,Q1,362100000.0,238800000.0,123300000.0,0.3405136703,9400000,58100000.0,0.0,58100000.0,-25800000.0,67500000.0,306300000.0,300000.0,2200000.0,22300000.0,78100000.0,0.2156862745,30000000.0,0.0828500414,-2200000.0,27800000.0,0.0767743717,6900000.0,22100000.0,0.0610328638,0.31,0.3,72500000,74100000,https://www.sec.gov/Archives/edgar/data/105770/000010577016000071/0000105770-16-000071-index.htm,https://www.sec.gov/Archives/edgar/data/105770/000010577016000071/wst10q33116.htm,4.9944827586206895,0.3048275862068965,0.0413793103448275,-0.496551724137931,2.456551724137931,19.809655172413795,17.99586206896552,14.813793103448276,3.230344827586207,5025699999.999999,5079599999.999999,56.851809954751126,13.879315106324215,1675.2333333333331,-139.60277777777776,4.679422718808193,4.679422718808193,14.028169014084504,65.03969270166452,1693.1999999999996,-141.09999999999997,0.0043973973774797,-0.0071631812483833,0.2160148975791433,0.1390720537105862,0.6901408450704225,2.615927001244297,13.636363636363637,0.1357466063348416,0.0017311021350259,0.3936651583710407,0.1604529135597901,0.0259596796465064,0.0788274787195779,13.0,0.1077050538525269,1.748878923766816,0.0127036730185031,10.079791062893191,0.0157764107684194,0.0143814667794624,2.763448275862069,389600000.0,1304700000.0,398700000.0,1253600000.0,195500000.0,108650000.0,187600000.0,52.096106048053024,36.746231155778894,73.15326633165829,1.7275763358778626,2.4492307692307693,1.230293663060278,0.0205772811918063,0.5379310344827586,2016-04-28,0.52,bmo,348435849.0,2025-04-25,2016-03-31,0.0192307692307692,60.16524590163935,386508.737704918
2015-12-31,WST,USD,105770,2016-02-26,2016-02-26 17:40:44,2015,Q4,359700000.0,240100000.0,119600000.0,0.332499305,10000000,62400000.0,0.0,62400000.0,-2000000.0,72400000.0,312500000.0,300000.0,2600000.0,23300000.0,69200000.0,0.192382541,45200000.0,0.1256602724,-2600000.0,42600000.0,0.1184320267,11200000.0,33400000.0,0.0928551571,0.46,0.45,72300000,74100000,https://www.sec.gov/Archives/edgar/data/105770/000010577016000060/0000105770-16-000060-index.htm,https://www.sec.gov/Archives/edgar/data/105770/000010577016000060/wst10k123115.htm,4.975103734439834,0.4619640387275242,0.9405255878284924,0.3208852005532503,3.7980636237897647,19.32088520055325,17.354080221300137,14.161825726141078,4.1604426002766255,4353906000.0,4377506000.0,32.589116766467065,12.104270225187657,64.0280294117647,187.6683620689655,4.252276589510695,4.252276589510695,12.169880455935502,63.25875722543353,64.37508823529411,188.68560344827583,0.0076712726457576,0.005328548664119,0.2912393788455903,0.1759188248480915,0.3410404624277456,2.1434934775692014,17.384615384615383,2.035928143712575,0.0019982057490446,0.2604790419161676,0.1734778982485404,0.0278009452321378,0.0838888561146835,0.6588235294117647,0.1245482346399777,1.92274678111588,0.0144564915207117,12.132630369568606,0.0229752651023257,0.021508146049327,2.8077455048409403,359400000.0,1254700000.0,375500000.0,1222600000.0,188000000.0,106700000.0,184400000.0,45.38782318598832,44.90628904623073,67.88421491045398,1.9829106945975743,2.004173622704508,1.3257868580894534,0.0326203730833089,0.6196403872752421,2016-02-18,0.47,bmo,359700000.0,2025-04-25,2015-12-31,0.0,60.1615625,257646.625
2015-09-30,WST,USD,105770,2015-11-02,2015-11-02 17:10:52,2015,Q3,344500000.0,236200000.0,108300000.0,0.3143686502,8500000,54600000.0,0.0,54600000.0,-48700000.0,63100000.0,299300000.0,500000.0,3200000.0,22400000.0,19400000.0,0.0563134978,-3500000.0,-0.0101596517,-3200000.0,-6700000.0,-0.0194484761,-6600000.0,1500000.0,0.0043541364,0.02,0.02,72200000,73900000,https://www.sec.gov/Archives/edgar/data/105770/000010577015000047/0000105770-15-000047-index.htm,https://www.sec.gov/Archives/edgar/data/105770/000010577015000047/wst10q93015.htm,4.771468144044321,0.020775623268698,0.9529085872576176,0.5415512465373962,3.556786703601108,18.89196675900277,16.893351800554015,13.785318559556789,4.234072022160665,3907464000.0,3953164000.0,651.244,11.34242089985486,56.79453488372093,99.93514066496164,3.925915804280116,3.925915804280116,11.475076923076925,203.7713402061856,57.458779069767445,101.10393861892584,0.0003838806960217,0.0100064901429674,0.3039284637797649,0.1815181518151815,2.355670103092784,2.2704234744914973,-1.09375,45.86666666666667,0.0020217716657146,5.266666666666667,0.1584905660377358,0.0246734397677793,0.0865886588658865,0.4316860465116279,0.0862119013062409,1.3258928571428572,0.0104499274310595,2.5384972253732565,-3.6334983633685335e-05,0.0009854158454867,2.688365650969529,381000000.0,1219700000.0,378400000.0,1214800000.0,196700000.0,92500000.0,187450000.0,50.8388969521045,35.66469093988145,71.5198983911939,1.7702980472764644,2.5235042735042734,1.2583910495471498,0.0015070832914699,0.4113573407202216,2015-10-29,0.43,bmo,336670454.0,2025-04-25,2015-09-30,0.0232558139534883,58.27640625,457675.03125
2015-06-30,WST,USD,105770,2015-08-03,2015-08-03 17:01:36,2015,Q2,359700000.0,241500000.0,118200000.0,0.3286071726,8100000,71700000.0,0.0,71700000.0,700000.0,79800000.0,321300000.0,400000.0,3000000.0,22200000.0,61400000.0,0.1706978037,39100000.0,0.1087016959,-3000000.0,36100000.0,0.1003614123,9200000.0,27800000.0,0.0772866277,0.39,0.38,72000000,73700000,https://www.sec.gov/Archives/edgar/data/105770/000010577015000036/0000105770-15-000036-index.htm,https://www.sec.gov/Archives/edgar/data/105770/000010577015000036/wst10q63015.htm,4.995833333333334,0.3861111111111111,1.0763888888888888,0.7055555555555556,3.5,18.569444444444443,16.559722222222224,13.741666666666667,4.579166666666667,4181760000.0,4256460000.0,37.60575539568345,11.625688073394496,53.9581935483871,82.31811023622048,4.226561552456034,4.226561552456034,11.833361134278563,69.32345276872964,54.92206451612903,83.78858267716535,0.0066479185797367,0.0121479951025405,0.3302001212856276,0.1963695377772435,1.216612377850163,2.1673573477845074,13.033333333333331,2.787769784172662,0.0018891567187021,0.2841726618705036,0.1993327773144287,0.0225187656380316,0.0869748151710043,0.3445161290322581,0.0742285237698081,1.2027027027027026,0.0430914651098137,10.926148871705283,0.0201615508018212,0.0183015141540487,2.333333333333333,366200000.0,1192300000.0,353200000.0,1196300000.0,194150000.0,89950000.0,185300000.0,49.74145120934112,34.06211180124223,69.7639751552795,1.8093561368209257,2.6422319474835887,1.2900641025641026,0.0280978370729735,0.3708333333333333,2015-07-30,0.45,bmo,344393617.0,2025-04-25,2015-06-30,0.0444444444444443,55.8163492063492,260560.88888888888
2015-03-31,WST,USD,105770,2015-05-06,2015-05-06 16:40:38,2015,Q1,335900000.0,226200000.0,109700000.0,0.3265852932,7500000,55200000.0,0.0,55200000.0,800000.0,62700000.0,288900000.0,400000.0,3700000.0,22000000.0,70000000.0,0.2083953558,47800000.0,0.1423042572,-3700000.0,44100000.0,0.1312890741,12500000.0,32900000.0,0.0979458172,0.46,0.45,71700000,73300000,https://www.sec.gov/Archives/edgar/data/105770/000010577015000015/0000105770-15-000015-index.htm,https://www.sec.gov/Archives/edgar/data/105770/000010577015000015/wst10q33115.htm,4.684797768479777,0.4588563458856345,-0.0264993026499302,-0.4504881450488145,2.888423988842399,17.647140864714085,15.630404463040446,13.125523012552302,4.663877266387726,4317057000.0,4440657000.0,32.804384498480246,12.852208990771064,-2272.1352631578948,-133.65501547987617,4.5872457762193175,4.5872457762193175,13.22017564751414,63.43795714285714,-2337.1878947368423,-137.48164086687308,0.007620932501007,-0.0074819489295601,0.3513973010307087,0.2072055137844611,1.7657142857142858,2.107552258934592,12.91891891891892,-0.0577507598784194,0.0018299503573846,0.2401215805471124,0.1643346233998213,0.0223280738314974,0.0906015037593985,-16.0,0.0905031259303364,1.3818181818181818,0.0157785055075915,11.640937005498955,0.0244949203786976,0.0226677690505718,1.5373082287308228,328500000.0,1120700000.0,294400000.0,1148900000.0,184250000.0,95800000.0,182450000.0,50.77403989282525,35.212201591511935,72.9708222811671,1.7725593667546171,2.55593220338983,1.2333696837513632,0.0349590904260971,0.4239888423988842,2015-04-30,0.4,bmo,298577777.0,2025-04-25,2015-03-31,0.1249999999999999,53.29163934426229,331944.81967213115
2014-12-31,WST,USD,105770,2015-02-25,2015-02-25 17:30:02,2014,Q4,349800000.0,240100000.0,109700000.0,0.3136077759,7800000,58800000.0,0.0,58800000.0,1500000.0,66600000.0,306700000.0,800000.0,2900000.0,22000000.0,66900000.0,0.1912521441,44600000.0,0.1275014294,-1500000.0,41700000.0,0.1192109777,11800000.0,31400000.0,0.0897655803,0.44,0.43,71300000,73200000,https://www.sec.gov/Archives/edgar/data/105770/000010577015000007/0000105770-15-000007-index.htm,https://www.sec.gov/Archives/edgar/data/105770/000010577015000007/wst10k123114.htm,4.906030855539972,0.4403927068723702,0.6451612903225806,0.2622720897615708,3.5806451612903225,18.7124824684432,16.600280504908834,13.420757363253855,4.762973352033661,3796012000.0,3877412000.0,30.223025477707008,10.851949685534592,82.522,202.99529411764703,3.966989236074825,3.966989236074825,11.084654088050314,57.95832585949178,84.29156521739131,207.34823529411764,0.008271838972058,0.0049262225725313,0.351865398683248,0.2015081692501047,1.2167414050822123,2.611089108910891,15.379310344827584,1.464968152866242,0.0020811314611228,0.2515923566878981,0.1680960548885077,0.0222984562607204,0.0901310670895924,0.5934782608695652,0.0780445969125214,1.240909090909091,0.0174385363064608,11.531872459766232,0.0221218708486448,0.0206538183253305,2.014025245441795,406800000.0,1183600000.0,322600000.0,1263200000.0,187450000.0,97250000.0,183600000.0,46.0548885077187,38.64639733444398,68.03415243648479,1.9541899441340784,2.328806983511154,1.3228650137741047,0.0328142961646985,0.3828892005610098,2015-02-19,0.46,bmo,357573333.0,2025-04-25,2014-12-31,-0.0217391304347826,50.019375,291676.40625
2014-09-30,WST,USD,105770,2014-11-03,2014-11-03 17:08:52,2014,Q3,355900000.0,246000000.0,109900000.0,0.3087946052,9600000,56000000.0,0.0,56000000.0,-300000.0,65600000.0,311600000.0,1800000.0,2700000.0,23100000.0,67400000.0,0.1893790391,44000000.0,0.1236302332,-2700000.0,41300000.0,0.1160438325,11700000.0,31000000.0,0.0871031189,0.44,0.43,71000000,72600000,https://www.sec.gov/Archives/edgar/data/105770/000010577014000065/0000105770-14-000065-index.htm,https://www.sec.gov/Archives/edgar/data/105770/000010577014000065/wst10q93014.htm,5.012676056338028,0.4366197183098591,0.9,0.4971830985915493,3.476056338028169,18.740845070422537,16.574647887323945,13.663380281690142,4.864788732394366,3177960000.0,3273860000.0,25.628709677419355,8.929362180387749,49.73333333333333,90.02719546742209,3.2759097000309243,3.2759097000309243,9.198819893228436,48.57359050445104,51.23411580594679,92.74390934844192,0.0097546853956626,0.0111077546602222,0.3532625502525512,0.2048048765911671,1.4228486646884273,2.802061855670103,16.296296296296298,2.061290322580646,0.0022341376228775,0.2290322580645161,0.1573475695420061,0.0269738690643439,0.0919141815574015,0.4475743348982786,0.0803596515875245,1.238095238095238,0.0101152008991289,11.585692820000917,0.0216290184902865,0.0204014478446857,2.026408450704225,437000000.0,1176800000.0,336800000.0,1285600000.0,202750000.0,92950000.0,186800000.0,49.53919640348413,33.4390243902439,67.9390243902439,1.816743236345074,2.691466083150985,1.3247172859450729,0.0319554685084012,0.4028169014084507,2014-10-30,0.43,bmo,347811363.0,2025-04-25,2014-09-30,0.0232558139534883,42.4896875,311484.609375
2014-06-30,WST,USD,105770,2014-08-01,2014-08-01 16:40:34,2014,Q2,368900000.0,247100000.0,121800000.0,0.330170778,9900000,57500000.0,0.0,57500000.0,-300000.0,67400000.0,314500000.0,500000.0,3700000.0,23100000.0,78200000.0,0.2119815668,54100000.0,0.1466522093,-3700000.0,50400000.0,0.1366223909,14000000.0,37600000.0,0.1019246408,0.53,0.52,70800000,72400000,https://www.sec.gov/Archives/edgar/data/105770/000010577014000046/0000105770-14-000046-index.htm,https://www.sec.gov/Archives/edgar/data/105770/000010577014000046/wst10q63014.htm,5.21045197740113,0.5310734463276836,0.9067796610169492,0.5607344632768362,3.3220338983050848,18.971751412429377,16.71045197740113,13.73728813559322,5.15819209039548,2986344000.0,3121144000.0,19.85601063829787,8.095267010029819,46.51626168224299,75.22277078085642,3.070475015422579,3.070475015422579,8.46067769043101,39.9123273657289,48.61595015576324,78.61823677581864,0.0125906459537146,0.0132938469245338,0.3716841455891425,0.2120607731565671,1.7237851662404091,3.098553345388789,14.62162162162162,1.7074468085106382,0.0023440032360638,0.1861702127659574,0.1558687991325562,0.0268365410680401,0.0939168182084824,0.381619937694704,0.0664136622390891,1.0606060606060606,0.0124695039306045,12.812062732079193,0.0262988639848032,0.0243428719409555,1.7634180790960452,464200000.0,1183100000.0,323900000.0,1333500000.0,209150000.0,96450000.0,187700000.0,51.13580916237463,34.419263456090654,68.4378794010522,1.7600190839694656,2.6148148148148147,1.3150612027674295,0.0386592638289121,0.346045197740113,2014-07-31,0.47,bmo,333428846.0,2025-04-25,2014-06-30,0.1063829787234043,42.82571428571429,282945.22222222225
2014-03-31,WST,USD,105770,2014-05-08,2014-05-08 11:54:44,2014,Q1,346800000.0,240400000.0,106400000.0,0.306805075,10000000,56400000.0,0.0,56400000.0,-700000.0,66400000.0,306800000.0,400000.0,3600000.0,21800000.0,62200000.0,0.1793540946,39300000.0,0.1133217993,-3600000.0,35700000.0,0.1029411765,9800000.0,27100000.0,0.0781430219,0.38,0.38,70600000,72300000,https://www.sec.gov/Archives/edgar/data/105770/000010577014000016/0000105770-14-000016-index.htm,https://www.sec.gov/Archives/edgar/data/105770/000010577014000016/wst10q33114.htm,4.912181303116148,0.3838526912181303,0.1246458923512747,-0.3243626062322946,3.423512747875354,18.460339943342778,16.175637393767705,13.237960339943342,5.786118980169972,3109930000.0,3284830000.0,28.68939114391144,8.967502883506343,353.40113636363634,-135.80480349344978,3.327551893858335,3.327551893858335,9.471828143021916,52.81077170418006,373.27613636363634,-143.4423580786026,0.0087140225021141,-0.0073635097896094,0.433233468863685,0.2370331342934082,2.811897106109325,3.016695957820738,10.916666666666666,0.3247232472324723,0.0022830095854247,0.2619926199261992,0.1626297577854671,0.0288350634371395,0.0944268820981149,3.602272727272727,0.0914071510957324,1.4541284403669723,0.01239907727797,10.692618987476262,0.0190739662201514,0.0175189087853125,1.233356940509915,459000000.0,1142000000.0,281700000.0,1332300000.0,197200000.0,103200000.0,182200000.0,54.16089965397923,36.838602329450914,70.1955074875208,1.661715380929564,2.4430894308943087,1.2821333333333331,0.0289963620800342,0.4490084985835694,2014-05-01,0.41,bmo,374178947.0,2025-04-25,2014-03-31,-0.073170731707317,47.072786885245904,335067.91803278687
2013-12-31,WST,USD,105770,2014-02-27,2014-02-27 15:10:33,2013,Q4,342700000.0,236100000.0,106600000.0,0.3110592355,9700000,60000000.0,0.0,60000000.0,0.0,69700000.0,305800000.0,500000.0,3400000.0,22100000.0,59800000.0,0.1744966443,36900000.0,0.1076743507,-3400000.0,33500000.0,0.0977531369,10700000.0,23600000.0,0.0688648964,0.34,0.33,70100000,72200000,https://www.sec.gov/Archives/edgar/data/105770/000010577014000005/0000105770-14-000005-index.htm,https://www.sec.gov/Archives/edgar/data/105770/000010577014000005/wst10k123113.htm,4.888730385164052,0.3366619115549215,0.9814550641940084,0.3723252496433666,3.3880171184022823,12.930099857346647,10.611982881597717,12.930099857346647,5.37660485021398,3439106000.0,3582606000.0,36.431207627118646,10.0353253574555,49.987005813953495,131.76651340996168,3.7942475728155354,3.7942475728155354,10.45405894368252,59.90979933110368,52.07276162790698,137.26459770114943,0.0068622485029539,0.0075891816070804,0.4120697263901147,0.2234386216798277,2.399665551839465,2.7467285774588435,10.852941176470589,2.915254237288136,0.0020644900157192,0.3008474576271186,0.1750802451123431,0.0283046396264954,0.0972122517348648,0.6206395348837209,0.1245987744382842,1.9321266968325792,0.016340822877152,9.896672320928518,0.0174779245951327,0.015638460009277,-4.279243937232525,413800000.0,743900000.0,-114500000.0,1288000000.0,191950000.0,97150000.0,176800000.0,48.76860227604318,41.16899618805591,67.43329097839899,1.8454496499730748,2.186111111111111,1.3346523459581685,0.0260370697263901,0.609129814550642,2014-02-20,0.38,bmo,342700000.0,2025-04-25,2013-12-31,0.0,46.79796875,245947.75
2013-09-30,WST,USD,105770,2013-11-04,2013-11-04 16:53:16,2013,Q3,341800000.0,236300000.0,105500000.0,0.3086600351,9600000,56100000.0,0.0,56100000.0,-100000.0,65700000.0,302000000.0,400000.0,4000000.0,21900000.0,62100000.0,0.181685196,39700000.0,0.1161497952,-4000000.0,35700000.0,0.1044470451,10600000.0,26800000.0,0.078408426,0.38,0.37,69800000,71400000,https://www.sec.gov/Archives/edgar/data/105770/000010577013000053/0000105770-13-000053-index.htm,https://www.sec.gov/Archives/edgar/data/105770/000010577013000053/wstq310q93013.htm,4.896848137535817,0.3839541547277937,0.7636103151862464,0.3438395415472779,3.2836676217765044,11.987106017191977,9.667621776504298,11.987106017191977,5.787965616045845,2872270000.0,3050570000.0,26.793563432835818,8.403364540667058,53.88874296435272,119.67791666666666,3.432855264730489,3.432855264730489,8.925014628437683,49.123510466988726,57.23395872420263,127.10708333333334,0.0093305991428382,0.0083557604264223,0.4780686028445082,0.2403124061279663,2.8711755233494363,2.6073743922204216,9.925,1.9888059701492533,0.0022978341172661,0.2462686567164179,0.1641310708016383,0.0280866003510825,0.0972664463802943,0.549718574108818,0.085722644821533,1.3378995433789955,0.0152135751901696,10.17625820552065,0.0194294340317221,0.0178357513643018,-5.180515759312321,396700000.0,674800000.0,-184300000.0,1240600000.0,196750000.0,87350000.0,176600000.0,52.18841427735518,32.86923402454507,67.3000423190859,1.7245206861755802,2.7381228273464657,1.3372948500282966,0.032030596390582,0.4197707736389685,2013-10-31,0.36,bmo,315507692.0,2025-04-25,2013-09-30,0.0833333333333334,38.148125,247148.46875
2013-06-30,WST,USD,105770,2013-08-05,2013-08-05 16:18:03,2013,Q2,344500000.0,233600000.0,110900000.0,0.32191582,9500000,59700000.0,0.0,59700000.0,800000.0,69200000.0,302800000.0,400000.0,3700000.0,20700000.0,63600000.0,0.1846153846,42500000.0,0.1233671988,-3700000.0,38800000.0,0.1126269956,10300000.0,30200000.0,0.0876632801,0.44,0.43,69400000,70800000,https://www.sec.gov/Archives/edgar/data/105770/000010577013000041/0000105770-13-000041-index.htm,https://www.sec.gov/Archives/edgar/data/105770/000010577013000041/wstq210q63013.htm,4.963976945244957,0.4351585014409221,1.1455331412103746,0.8371757925072046,2.854466858789625,11.29971181556196,8.982708933717579,11.29971181556196,5.74207492795389,2481050000.0,2685250000.0,20.538493377483444,7.201886792452831,31.20817610062893,42.70309810671257,3.1637975006375925,3.1637975006375925,7.794629898403484,42.22091194968554,33.776729559748425,46.21772805507745,0.0121722657745712,0.0234175046855162,0.5034429992348891,0.2448068456625534,3.210691823899371,2.80429812528578,11.486486486486486,2.632450331125828,0.0026601640434493,0.2185430463576159,0.1732946298984035,0.0275761973875181,0.0997085632789731,0.2691823899371069,0.0621190130624092,1.0338164251207729,0.0145137880986937,10.51837569962302,0.0223927863891791,0.020800330601281,-5.701368876080692,394600000.0,623400000.0,-215200000.0,1218800000.0,192150000.0,90000000.0,175000000.0,51.02177068214804,34.05821917808219,68.00085616438356,1.7639528929851511,2.642533936651584,1.323512747875354,0.038510584034685,0.30835734870317,2013-08-01,0.41,bmo,328476744.0,2025-04-25,2013-06-30,0.048780487804878,32.9078125,247077.78125
2013-03-31,WST,USD,105770,2013-05-06,2013-05-06 14:42:44,2013,Q1,339400000.0,227700000.0,111700000.0,0.3291101945,9100000,59100000.0,0.0,59100000.0,-200000.0,68200000.0,295900000.0,600000.0,4000000.0,20500000.0,64200000.0,0.1891573365,43300000.0,0.127578079,-4200000.0,39100000.0,0.1152032999,8600000.0,31700000.0,0.0934001179,0.46,0.45,69000000,70200000,https://www.sec.gov/Archives/edgar/data/105770/000010577013000017/0000105770-13-000017-index.htm,https://www.sec.gov/Archives/edgar/data/105770/000010577013000017/wstq110q33113.htm,4.918840579710145,0.4594202898550724,0.2739130434782608,-0.6304347826086957,2.655072463768116,10.810144927536232,8.478260869565217,10.810144927536232,6.291304347826087,2185230000.0,2440330000.0,17.233675078864355,6.438509133765469,115.62063492063494,-50.2351724137931,2.9296554497921976,2.9296554497921976,7.190129640542133,38.0113707165109,129.1179894179894,-56.09954022988506,0.0145064821551964,-0.0199063714117049,0.5766188497117576,0.2727157440872487,3.973520249221184,2.833733781835656,10.825,0.5962145110410094,0.0029745152684156,0.2050473186119873,0.1741308190925162,0.0268120212139068,0.1020226998922072,3.3015873015873014,0.1838538597525044,3.0439024390243903,0.0159104301708898,10.570903372448392,0.0246415808227617,0.0223838440898178,-6.079710144927536,381600000.0,585000000.0,-241500000.0,1201000000.0,182000000.0,97250000.0,167850000.0,50.11785503830289,36.205533596837945,68.57707509881423,1.7957671957671957,2.4858078602620086,1.3123919308357348,0.0424989945032846,0.9043478260869564,2013-05-02,0.43,bmo,331686363.0,2025-04-25,2013-03-31,0.0232558139534883,29.78983333333333,340142.1666666667
2012-12-31,WST,USD,105770,2013-02-27,2013-02-27 16:58:21,2012,Q4,321500000.0,224000000.0,97500000.0,0.3032659409,8600000,58600000.0,0.0,58600000.0,1700000.0,67200000.0,291200000.0,300000.0,3200000.0,20200000.0,52000000.0,0.1617418351,31500000.0,0.0979782271,-3200000.0,28300000.0,0.0880248834,7300000.0,21100000.0,0.06562986,0.31,0.3,68400000,70000000,https://www.sec.gov/Archives/edgar/data/105770/000010577013000007/0000105770-13-000007-index.htm,https://www.sec.gov/Archives/edgar/data/105770/000010577013000007/wst10k123112.htm,4.700292397660819,0.3084795321637427,1.02046783625731,0.5350877192982456,2.548245614035088,10.65643274853801,8.271929824561404,10.65643274853801,6.062865497076023,1872792000.0,2122392000.0,22.189478672985786,5.825169517884914,26.83083094555874,51.16918032786885,2.569340101522843,2.569340101522843,6.60153032659409,40.815230769230766,30.406762177650428,57.98885245901639,0.0112666008825326,0.0195430138531134,0.5645493208944986,0.2631074168797954,4.8,2.128724216959511,9.84375,3.308056872037915,0.003524150039086,0.3127962085308057,0.1822706065318818,0.0267496111975116,0.1042838874680306,0.4756446991404011,0.1032659409020217,1.6435643564356437,0.0115085536547433,8.600235825143187,0.0175103440736286,0.0150617460204154,-6.556286549707602,295500000.0,565800000.0,-277800000.0,1127600000.0,178950000.0,92100000.0,164050000.0,48.9891135303266,41.34375,65.16964285714286,1.8371428571428567,2.17687074829932,1.3810110974106042,0.0289477294553436,0.4853801169590643,2013-02-21,0.28,bmo,290387096.0,2025-04-25,2012-12-31,0.107142857142857,26.887096774193548,248776.35483870967
2012-09-30,WST,USD,105770,2012-11-05,2012-11-05 15:32:21,2012,Q3,303800000.0,213400000.0,90400000.0,0.297564187,8200000,53700000.0,0.0,53700000.0,0.0,62500000.0,275900000.0,500000.0,3900000.0,19300000.0,46100000.0,0.1517445688,26300000.0,0.0865701119,-3900000.0,22400000.0,0.0737327189,9000000.0,14800000.0,0.0487162607,0.22,0.22,68200000,69400000,https://www.sec.gov/Archives/edgar/data/105770/000010577012000062/0000105770-12-000062-index.htm,https://www.sec.gov/Archives/edgar/data/105770/000010577012000062/wstq310q93012.htm,4.454545454545454,0.2170087976539589,0.7565982404692082,0.3269794721407624,2.420821114369501,10.51466275659824,8.133431085043988,10.51466275659824,5.942815249266862,1844810000.0,2103010000.0,31.16233108108108,6.072448979591837,35.75213178294574,82.72690582959642,2.572597964021754,2.572597964021754,6.922350230414747,45.61843817787419,40.75600775193799,94.30538116591929,0.0080225063827711,0.0120879656983646,0.5597545670059964,0.262799528610711,5.600867678958785,2.022133526850508,6.743589743589744,3.4864864864864864,0.0033065735766826,0.4121621621621621,0.1767610269914417,0.0269914417379855,0.1063244729605866,0.5678294573643411,0.0964450296247531,1.5181347150259068,0.0,7.16518822204208,0.0121857607577149,0.0108424908424908,-6.232771260997067,281700000.0,554700000.0,-253000000.0,1081100000.0,183950000.0,83450000.0,162550000.0,54.18367346938776,34.28772258669166,69.96719775070291,1.6610169491525424,2.6248462484624846,1.2863170584689572,0.0206386835866685,0.4296187683284457,2012-11-01,0.25,bmo,292115384.0,2025-04-25,2012-09-30,0.04,24.75793650793651,271174.6666666667
2012-06-30,WST,USD,105770,2012-08-06,2012-08-06 16:54:10,2012,Q2,324800000.0,226100000.0,98700000.0,0.3038793103,8200000,54400000.0,0.0,54400000.0,0.0,59200000.0,285300000.0,600000.0,4600000.0,18800000.0,43400000.0,0.1336206897,35600000.0,0.1096059113,-15600000.0,20000000.0,0.0615763547,6500000.0,15600000.0,0.0480295567,0.23,0.23,68000000,73200000,https://www.sec.gov/Archives/edgar/data/105770/000010577012000052/0000105770-12-000052-index.htm,https://www.sec.gov/Archives/edgar/data/105770/000010577012000052/form10q.htm,4.776470588235294,0.2294117647058823,0.7676470588235295,0.2220588235294117,1.9485294117647056,9.992647058823527,7.647058823529412,9.992647058823527,5.7367647058823525,1717000000.0,1995500000.0,27.51602564102564,5.286330049261084,32.89272030651341,113.70860927152316,2.5268579838116265,2.5268579838116265,6.14378078817734,45.97926267281106,38.227969348659,132.1523178807947,0.0090856144437973,0.0087944088526499,0.5673289183222958,0.2635356849876948,6.417050691244239,1.6146158650843223,7.739130434782608,3.3461538461538463,0.0035527082119976,0.391025641025641,0.167487684729064,0.0252463054187192,0.109037462400875,0.710727969348659,0.1142241379310344,1.9734042553191489,0.0,7.181900368744639,0.0195096208492327,0.0119696155911915,-6.359558823529412,196800000.0,520000000.0,-266300000.0,976600000.0,180500000.0,84150000.0,158700000.0,51.26231527093596,34.0734188412207,63.370190181335694,1.7556756756756755,2.641355140186916,1.4202261306532664,0.0229580573951434,0.5455882352941176,2012-08-02,0.34,bmo,276080000.0,2025-04-25,2012-06-30,0.1764705882352941,22.744761904761905,382763.3650793651
2012-03-31,WST,USD,105770,2012-05-04,2012-05-04 16:27:57,2012,Q1,316300000.0,215200000.0,101100000.0,0.3196332596,8300000,51300000.0,0.0,51300000.0,0.0,58800000.0,274000000.0,400000.0,4300000.0,18600000.0,60700000.0,0.191906418,41700000.0,0.1318368637,-3900000.0,37800000.0,0.1195067973,9800000.0,29200000.0,0.0923174202,0.43,0.41,67800000,74200000,https://www.sec.gov/Archives/edgar/data/105770/000010577012000027/0000105770-12-000027-index.htm,https://www.sec.gov/Archives/edgar/data/105770/000010577012000027/form10q.htm,4.665191740412979,0.4306784660766962,0.2035398230088495,-0.2743362831858407,1.8672566371681416,10.24631268436578,7.828908554572271,10.24631268436578,5.688790560471976,1442106000.0,1723306000.0,12.34679794520548,4.559298134682264,104.50043478260868,-77.53258064516129,2.0758687203109254,2.0758687203109254,5.448327537148277,28.390543657331136,124.8772463768116,-92.65086021505375,0.0202481648367041,-0.0128978036288594,0.5490139628616669,0.2617168736704865,4.632619439868204,1.6626984126984128,9.69767441860465,0.4726027397260274,0.0042299248460238,0.2089041095890411,0.1621877963958267,0.0262409105279797,0.1124682632265147,2.347826086956522,0.10243439772368,1.7419354838709675,0.0,9.964411180371329,0.0248823013443603,0.0225761558682542,-6.266961651917404,200400000.0,530800000.0,-259800000.0,983500000.0,161600000.0,86250000.0,155000000.0,50.07903888713247,34.586431226765804,66.16171003717473,1.7971590909090909,2.602176541717049,1.3603034134007586,0.0420325320282136,0.4778761061946903,2012-04-26,0.33,bmo,248521428.0,2025-04-25,2012-03-31,0.2727272727272726,20.43516129032258,210568.74193548388
2011-12-31,WST,USD,105770,2012-02-29,2012-02-29 16:40:54,2011,Q4,295400000.0,210100000.0,85300000.0,0.288761002,7200000,46300000.0,0.0,46300000.0,0.0,53500000.0,263600000.0,400000.0,4400000.0,18400000.0,45800000.0,0.1550440081,27000000.0,0.0914014895,-4000000.0,23000000.0,0.0778605281,5600000.0,18800000.0,0.0636425186,0.28,0.25,67800000,74200000,https://www.sec.gov/Archives/edgar/data/105770/000010577012000011/0000105770-12-000011-index.htm,https://www.sec.gov/Archives/edgar/data/105770/000010577012000011/form10k.htm,4.35693215339233,0.2772861356932153,0.616519174041298,0.103244837758112,1.353982300884956,9.65929203539823,7.247787610619469,9.65929203539823,5.218289085545723,1286844000.0,1544444000.0,17.11228723404255,4.356276235612729,30.78574162679426,183.83485714285715,1.9649473202015573,1.9649473202015573,5.228314150304672,33.72148471615721,36.94842105263158,220.63485714285716,0.0146093854422136,0.0054396647923135,0.5335165674148725,0.249731970552498,5.624454148471616,1.9407894736842104,6.136363636363637,2.223404255319149,0.0047402793190161,0.324468085106383,0.1567366283006093,0.0243737305348679,0.1168608391108569,0.8325358851674641,0.1178063642518618,1.891304347826087,0.0,7.7629713799308915,0.0169370538611291,0.0152152800258983,-6.874631268436578,228800000.0,491400000.0,-272200000.0,985900000.0,150150000.0,80750000.0,153650000.0,44.84766418415708,38.46739647786768,65.0261780104712,2.0067934782608696,2.3396436525612474,1.384057971014493,0.0287066727744693,0.5132743362831859,2012-02-16,0.28,bmo,275706666.0,2025-04-25,2011-12-31,0.0714285714285712,18.90285714285714,317212.38095238095
2011-09-30,WST,USD,105770,2011-11-07,2011-11-07 10:54:13,2011,Q3,293600000.0,212200000.0,81400000.0,0.2772479564,7700000,45700000.0,0.0,45700000.0,0.0,54000000.0,266200000.0,400000.0,4100000.0,18500000.0,45000000.0,0.1532697548,26100000.0,0.0888964578,-4100000.0,22000000.0,0.0749318801,6600000.0,16900000.0,0.0575613079,0.25,0.25,67600000,74000000,https://www.sec.gov/Archives/edgar/data/105770/000010577011000059/0000105770-11-000059-index.htm,https://www.sec.gov/Archives/edgar/data/105770/000010577011000059/form10q.htm,4.34319526627219,0.25,0.5872781065088757,0.2352071005917159,1.7633136094674555,10.226331360946746,7.767751479289941,10.226331360946746,5.652366863905326,1253980000.0,1512780000.0,18.55,4.271049046321526,31.586397984886656,78.86666666666666,1.8139447417908288,1.8139447417908288,5.152520435967302,33.617333333333335,38.10528967254408,95.14339622641508,0.013477088948787,0.0126796280642434,0.5467958917980617,0.2703282557391118,5.751111111111111,2.1958133449629305,6.365853658536586,2.3491124260355027,0.0045455270418985,0.3372781065088757,0.1556539509536784,0.0262261580381471,0.1188586140313237,0.5994962216624685,0.0810626702997275,1.2864864864864864,0.0,7.584399376702511,0.0149301299338073,0.0137164191218245,-5.846523668639053,274200000.0,525100000.0,-203500000.0,1016500000.0,159400000.0,72550000.0,158350000.0,46.93119891008175,30.40999057492931,65.95193213949103,1.917700849118224,2.959553695955369,1.364630225080386,0.0244466946332995,0.3520710059171598,2011-11-01,0.26,bmo,282725925.0,2025-04-25,2011-09-30,0.0384615384615384,20.68921875,349309.625
2011-06-30,WST,USD,105770,2011-08-05,2011-08-05 16:33:57,2011,Q2,307900000.0,223300000.0,84600000.0,0.2747645339,7300000,48500000.0,0.0,48500000.0,0.0,56200000.0,279500000.0,300000.0,4600000.0,19300000.0,47400000.0,0.1539460864,27800000.0,0.0902890549,-4300000.0,23500000.0,0.0763234816,5300000.0,20100000.0,0.0652809354,0.3,0.28,67200000,74000000,https://www.sec.gov/Archives/edgar/data/105770/000010577011000042/0000105770-11-000042-index.htm,https://www.sec.gov/Archives/edgar/data/105770/000010577011000042/form10q.htm,4.581845238095238,0.2991071428571428,0.5907738095238095,0.3169642857142857,1.6428571428571428,10.357142857142858,7.822916666666667,10.357142857142858,5.626488095238095,1470336000.0,1733436000.0,18.28776119402985,4.775368626177331,37.03617128463476,69.02985915492958,2.112551724137931,2.112551724137931,5.629866839883079,36.57037974683544,43.66337531486146,81.38197183098592,0.0136703447375293,0.0144864847218594,0.5366379310344828,0.2639016462940719,5.550632911392405,2.648676699532953,6.043478260869565,1.9751243781094527,0.0040806999216505,0.2985074626865671,0.1575186748944462,0.0237089964274114,0.1203278456864269,0.4634760705289673,0.0597596622279961,0.9533678756476685,0.0,8.348811094022519,0.0175199062299271,0.016144578313253,-6.012276785714286,317700000.0,525700000.0,-208900000.0,1069500000.0,163450000.0,69800000.0,159150000.0,48.43455667424489,29.58351992834752,64.97089117778773,1.8581774290887143,3.042234332425068,1.3852357320099256,0.0288793103448275,0.2738095238095238,2011-07-28,0.34,bmo,337696774.0,2025-04-25,2011-06-30,-0.0882352941176471,22.515873015873016,224168.66666666663
2011-03-31,WST,USD,105770,2011-05-05,2011-05-05 15:06:48,2011,Q1,295400000.0,207400000.0,88000000.0,0.297901151,6900000,50600000.0,0.0,50600000.0,0.0,57300000.0,264700000.0,200000.0,4700000.0,19500000.0,48500000.0,0.1641841571,28800000.0,0.0974949221,-4500000.0,24300000.0,0.0822613406,6100000.0,19600000.0,0.0663507109,0.3,0.28,67000000,73600000,https://www.sec.gov/Archives/edgar/data/105770/000010577011000022/0000105770-11-000022-index.htm,https://www.sec.gov/Archives/edgar/data/105770/000010577011000022/form10q.htm,4.408955223880597,0.2925373134328358,0.1417910447761194,-0.1537313432835821,1.4119402985074627,9.897014925373137,7.3552238805970145,9.897014925373137,5.607462686567164,1500130000.0,1776530000.0,19.1343112244898,5.078300609343263,157.90842105263158,-145.64368932038835,2.2622982958829736,2.2622982958829736,6.013981042654028,36.62948453608247,187.00315789473683,-172.47864077669902,0.0130655343203589,-0.0068660716071273,0.5594932890966672,0.271576019325086,5.698969072164949,2.631838074398249,6.127659574468085,0.4846938775510204,0.0035996880270376,0.2755102040816326,0.1712931618144888,0.0233581584292484,0.1246614449893858,2.0842105263157893,0.0670277589708869,1.015384615384615,0.0,8.071123746954326,0.0181324565991681,0.0163907007860846,-6.103731343283582,298300000.0,492800000.0,-221900000.0,1043100000.0,143800000.0,64700000.0,152050000.0,49.11306702775897,28.727097396335584,68.17261330761812,1.8325062034739457,3.132930513595166,1.32017823042648,0.0295581360277484,0.2955223880597015,2011-04-28,0.31,bmo,305246666.0,2025-04-25,2011-03-31,-0.032258064516129,20.59967741935484,230414.4193548387
2010-12-31,WST,USD,105770,2011-02-28,2011-02-28 17:27:31,2010,Q4,276800000.0,198800000.0,78000000.0,0.2817919075,6900000,0.0,0.0,50500000.0,0.0,57400000.0,256200000.0,300000.0,4700000.0,19500000.0,25700000.0,0.0928468208,5900000.0,0.0213150289,-4400000.0,1500000.0,0.0054190751,-3700000.0,6000000.0,0.0216763006,0.09,0.082,67000000,73600000,https://www.sec.gov/Archives/edgar/data/105770/000010577011000016/0000105770-11-000016-index.htm,https://www.sec.gov/Archives/edgar/data/105770/000010577011000016/form10k.htm,4.13134328358209,0.0895522388059701,0.7044776119402985,0.3477611940298507,1.644776119402985,9.338805970149254,6.8373134328358205,9.338805970149254,5.419402985074627,1380200000.0,1628400000.0,57.50833333333334,4.986271676300578,29.241525423728817,59.23605150214592,2.2058494486175486,2.2058494486175486,5.882947976878612,63.36186770428016,34.5,69.88841201716738,0.0043471960585422,0.0168816113606723,0.5727984657183954,0.2769064359113034,9.657587548638132,2.572775486152033,1.25531914893617,7.866666666666666,0.0041298362556151,0.95,0.0,0.0249277456647398,0.1294908444719153,0.5063559322033898,0.0863439306358381,1.2256410256410255,0.0,4.337856279780611,0.0181823569502474,0.005325286234135,-5.822388059701493,266900000.0,458100000.0,-232000000.0,989300000.0,134600000.0,59750000.0,147700000.0,41.09826589595376,28.611670020120723,66.54929577464789,2.189873417721519,3.1455696202531644,1.3523809523809525,0.0095892600287677,0.3567164179104478,2011-02-17,0.23,bmo,303161904.0,2025-04-25,2010-12-31,-0.0869565217391305,19.068125,262776.0
2010-09-30,WST,USD,105770,2010-11-05,2010-11-05 14:01:10,2010,Q3,271400000.0,196700000.0,74700000.0,0.2752394989,5900000,0.0,0.0,44900000.0,0.0,51000000.0,247700000.0,100000.0,4100000.0,18300000.0,43700000.0,0.1610169492,25300000.0,0.093220339,-4100000.0,21200000.0,0.0781134856,4500000.0,17800000.0,0.0655858511,0.27,0.26,66800000,73400000,https://www.sec.gov/Archives/edgar/data/105770/000010577010000045/0000105770-10-000045-index.htm,https://www.sec.gov/Archives/edgar/data/105770/000010577010000045/form10q.htm,4.062874251497006,0.2664670658682634,0.718562874251497,0.4595808383233533,1.4535928143712575,9.4625748502994,6.922155688622754,9.4625748502994,5.610778443113772,1146288000.0,1419888000.0,16.099550561797752,4.223610906411201,23.881,37.33837133550489,1.8134598955861416,1.8134598955861416,5.23171702284451,32.491716247139586,29.581,46.25042345276873,0.0155283837918568,0.0267821001353935,0.5864578389495333,0.2852416128039396,6.260869565217392,2.788874841972187,6.170731707317073,2.711864406779661,0.0046236198930809,0.297752808988764,0.0,0.0217391304347826,0.1305786395814096,0.3604166666666666,0.0637435519528371,0.9453551912568308,0.0,7.532128019899644,0.0174393743272069,0.0157536065138507,-5.824850299401198,283000000.0,462400000.0,-226300000.0,1009400000.0,144250000.0,58850000.0,145850000.0,47.35445836403832,25.7600406710727,67.90035587188612,1.900560224089636,3.4937833037300177,1.3254716981132075,0.0281601012498022,0.2589820359281437,2010-11-02,0.21,bmo,247800000.0,2025-04-25,2010-09-30,0.0952380952380953,17.39109375,368232.0625
2010-06-30,WST,USD,105770,2010-08-05,2010-08-05 13:09:35,2010,Q2,281800000.0,198600000.0,83200000.0,0.2952448545,5700000,0.0,0.0,45800000.0,0.0,52300000.0,250900000.0,100000.0,3800000.0,17700000.0,30500000.0,0.1082327892,30500000.0,0.1082327892,-3800000.0,26700000.0,0.0947480483,6600000.0,21700000.0,0.0770049681,0.33,0.31,66600000,73400000,https://www.sec.gov/Archives/edgar/data/105770/000010577010000032/0000105770-10-000032-index.htm,https://www.sec.gov/Archives/edgar/data/105770/000010577010000032/form10q.htm,4.231231231231231,0.3258258258258258,0.4744744744744745,0.2507507507507507,1.0135135135135136,8.573573573573574,6.165165165165165,8.573573573573574,5.42042042042042,1215450000.0,1505150000.0,14.002880184331795,4.313165365507452,38.463607594936704,72.7814371257485,2.1286339754816117,2.1286339754816117,5.341199432221433,49.34918032786885,47.63132911392405,90.12874251497006,0.0178534699082644,0.0137397671644247,0.625569176882662,0.2922837738319286,9.498360655737704,2.546658259773014,8.026315789473685,1.4495412844036697,0.0044427989633469,0.2488479262672811,0.0,0.0202271114265436,0.1312494885852221,0.4715189873417721,0.052874378992193,0.8418079096045198,0.0,7.928023904005458,0.0215816093216499,0.0204389187152679,-6.046171171171171,245300000.0,410600000.0,-247200000.0,938200000.0,146150000.0,63900000.0,144050000.0,46.53300212916962,27.824773413897283,64.93957703927492,1.9341111873713108,3.234527687296417,1.385903698534543,0.0380035026269702,0.2237237237237237,2010-08-03,0.31,bmo,272993750.0,2025-04-25,2010-06-30,0.032258064516129,20.19126984126984,412348.253968254
2010-03-31,WST,USD,105770,2010-03-31,2010-03-30 20:00:00,2010,Q1,274700000.0,192500000.0,82200000.0,0.2992355297,5400000,0.0,0.0,46600000.0,0.0,52700000.0,245200000.0,100000.0,3900000.0,17700000.0,46700000.0,0.1700036403,28900000.0,0.1052056789,-3900000.0,25000000.0,0.0910083728,6200000.0,19800000.0,0.0720786312,0.3,0.28,66200000,73000000,,,4.149546827794562,0.2990936555891239,0.1737160120845921,-0.093655589123867,0.9954682779456192,8.756797583081571,6.244712990936556,8.756797583081571,5.638972809667674,1388876000.0,1692376000.0,17.536313131313133,5.055973789588642,120.77182608695652,-224.0122580645161,2.39585302742798,2.39585302742798,6.160815435020022,36.2393147751606,147.1631304347826,-272.9638709677419,0.0142561322969077,-0.0044640414263044,0.6372261514576505,0.2946713465220166,6.498929336188437,2.202937976060936,7.410256410256411,0.5808080808080808,0.0038160354128086,0.2676767676767677,0.0,0.0196578085183836,0.1326579451180599,1.5391304347826087,0.0644339279213687,1.0,0.0,7.676575311198485,0.0199218993491612,0.0182102455624022,-6.4297583081571,221100000.0,413400000.0,-269000000.0,943600000.0,142650000.0,67400000.0,137000000.0,48.03057881325082,31.04415584415584,67.6987012987013,1.873806275579809,2.8990963855421685,1.3294198895027625,0.0341555977229601,0.2673716012084592,2010-04-29,0.26,bmo,245655172.0,2025-04-25,2010-03-31,0.1153846153846152,19.48754098360656,250231.90163934423
2009-12-31,WST,USD,105770,2010-02-25,2010-02-25 15:26:28,2009,Q4,293400000.0,209500000.0,83900000.0,0.2859577369,5800000,45400000.0,0.0,45400000.0,0.0,51200000.0,260700000.0,200000.0,4100000.0,18300000.0,40200000.0,0.1370143149,21700000.0,0.0739604635,-3900000.0,17800000.0,0.06066803,-1100000.0,20300000.0,0.0691888207,0.31,0.28,66200000,73000000,https://www.sec.gov/Archives/edgar/data/105770/000010577010000011/0000105770-10-000011-index.htm,https://www.sec.gov/Archives/edgar/data/105770/000010577010000011/form10k.htm,4.43202416918429,0.3066465256797583,0.7945619335347432,0.3625377643504531,1.255287009063444,8.74773413897281,6.182779456193353,8.74773413897281,5.796072507552871,1297520000.0,1594020000.0,15.979310344827589,4.422358554873893,24.667680608365018,54.06333333333333,2.240580210671732,2.240580210671732,5.432924335378323,39.65223880597015,30.304562737642584,66.4175,0.0156452309020284,0.0184968247117578,0.6554999136591262,0.2986624704956727,7.375621890547263,2.321449444769141,5.2926829268292686,2.5911330049261085,0.0040847154571798,0.2610837438423645,0.1547375596455351,0.0197682344921608,0.1335955940204563,0.5437262357414449,0.0974778459441036,1.5628415300546448,0.0,7.768873877785637,0.0209387597564113,0.0184344351616418,-6.64916918429003,226100000.0,409300000.0,-294700000.0,973000000.0,140600000.0,61850000.0,132550000.0,42.54601226993865,29.384248210023863,55.5035799522673,2.115356885364095,3.0628654970760234,1.6215170278637772,0.0350543947504748,0.43202416918429,2010-02-18,0.32,bmo,276141176.0,2025-04-25,2009-12-31,0.0625,19.760625,339871.65625
2009-09-30,WST,USD,105770,2009-11-04,2009-11-04 16:35:34,2009,Q3,258900000.0,187200000.0,71700000.0,0.2769409038,5100000,44300000.0,0.0,44300000.0,0.0,49400000.0,236600000.0,300000.0,3500000.0,18300000.0,44500000.0,0.1718810351,25900000.0,0.100038625,-3500000.0,22400000.0,0.0865198919,6000000.0,17200000.0,0.066434917,0.26,0.25,65800000,72800000,https://www.sec.gov/Archives/edgar/data/105770/000010577009000049/0000105770-09-000049-index.htm,https://www.sec.gov/Archives/edgar/data/105770/000010577009000049/thirdqtr10q.htm,3.934650455927051,0.2613981762917933,0.5927051671732523,0.1747720364741641,1.2082066869300911,8.597264437689969,5.9878419452887535,8.597264437689969,6.086626139817629,1336398000.0,1653898000.0,19.424389534883723,5.161830822711472,34.266615384615385,116.20852173913045,2.362379353013965,2.362379353013965,6.3881730397837,37.16624719101124,42.40764102564103,143.81721739130435,0.0128704173457308,0.0086052208997618,0.7017853986211773,0.3141071287285386,7.134831460674158,2.451474201474201,7.4,2.2674418604651163,0.0036665723833768,0.2848837209302325,0.1711085361143298,0.0196987253765932,0.135849355170504,0.7051282051282052,0.1062186172267284,1.5027322404371584,0.0,7.110869005612821,0.0171590806261876,0.0157480314960629,-6.74582066869301,236300000.0,394000000.0,-299100000.0,978400000.0,142950000.0,58000000.0,132950000.0,49.53650057937428,26.58653846153846,65.33653846153847,1.8168421052631576,3.385171790235081,1.3774834437086092,0.0304048082022273,0.4179331306990881,2009-11-03,0.26,bmo,292669565.0,2025-04-25,2009-09-30,-0.1153846153846153,19.05578125,396762.71875
2009-06-30,WST,USD,105770,2009-08-05,2009-08-05 14:06:56,2009,Q2,261000000.0,182300000.0,78700000.0,0.301532567,4700000,45100000.0,0.0,45100000.0,0.0,49700000.0,232000000.0,100000.0,3400000.0,16500000.0,45300000.0,0.1735632184,28600000.0,0.1095785441,-3400000.0,25200000.0,0.0965517241,6000000.0,19700000.0,0.0754789272,0.3,0.28,65600000,72400000,https://www.sec.gov/Archives/edgar/data/105770/000010577009000041/0000105770-09-000041-index.htm,https://www.sec.gov/Archives/edgar/data/105770/000010577009000041/file10q.htm,3.9786585365853657,0.3003048780487805,0.7530487804878049,0.3719512195121951,1.3246951219512195,8.125,5.774390243902439,8.125,6.0,1143408000.0,1449308000.0,14.5102538071066,4.38087356321839,23.14591093117409,46.860983606557376,2.145230769230769,2.145230769230769,5.552904214559387,31.99355408388521,29.338218623481783,59.39786885245902,0.0172291955277556,0.0213397142577277,0.7320825515947467,0.3204928131416837,6.752759381898454,2.453250773993808,8.411764705882353,2.5076142131979697,0.0042854344206092,0.248730964467005,0.1727969348659004,0.018007662835249,0.126652977412731,0.5060728744939271,0.0957854406130268,1.5151515151515151,0.0,7.409418703130003,0.020558992537481,0.0185272265588262,-6.479420731707317,234700000.0,378800000.0,-288300000.0,936900000.0,140300000.0,56350000.0,125000000.0,49.44827586206897,29.967087218869995,64.1799232035107,1.820083682008368,3.00329489291598,1.4023076923076925,0.0369606003752345,0.3810975609756097,2009-08-04,0.25,bmo,225000000.0,2025-04-25,2009-06-30,0.1599999999999999,16.693809523809524,448889.20634920633
2009-03-31,WST,USD,105770,2009-05-06,2009-05-06 15:22:42,2009,Q1,242400000.0,173100000.0,69300000.0,0.2858910891,4300000,42900000.0,0.0,42900000.0,0.0,47200000.0,220300000.0,300000.0,3900000.0,15000000.0,36500000.0,0.1505775578,21200000.0,0.0874587459,-3600000.0,17600000.0,0.0726072607,2500000.0,15400000.0,0.0635313531,0.24,0.23,65400000,72200000,https://www.sec.gov/Archives/edgar/data/105770/000010577009000027/0000105770-09-000027-index.htm,https://www.sec.gov/Archives/edgar/data/105770/000010577009000027/file10q.htm,3.706422018348624,0.2354740061162079,-0.0504587155963302,-0.4587155963302752,1.003058103975535,7.470948012232416,5.146788990825688,7.470948012232416,5.990825688073395,1073214000.0,1398414000.0,17.422305194805194,4.427450495049505,-325.2163636363636,-35.7738,2.196508391322145,2.196508391322145,5.769034653465346,38.31271232876713,-423.76181818181817,-46.6138,0.0143494214574166,-0.027953418423539,0.7939009414654113,0.3398160315374507,8.90958904109589,2.568132660418169,5.435897435897436,-0.2142857142857142,0.0046589030705898,0.3246753246753247,0.1769801980198019,0.0177392739273927,0.1331581252737625,-8.090909090909092,0.1101485148514851,1.78,0.0,6.291447870191843,0.0180675835538257,0.0155634158665992,-6.489296636085627,217500000.0,336600000.0,-296700000.0,887200000.0,132900000.0,59800000.0,117850000.0,50.94059405940594,27.03639514731369,62.39168110918544,1.7667638483965014,3.328846153846154,1.4425,0.0315186246418338,0.4082568807339449,2009-04-30,0.21,bmo,242400000.0,2025-04-25,2009-03-31,0.0,16.369180327868854,547201.8032786886
2008-12-31,WST,USD,105770,2009-02-27,2009-02-26 18:07:12,2008,Q4,244800000.0,175200000.0,69600000.0,0.2843137255,3900000,0.0,0.0,36800000.0,0.0,40700000.0,215900000.0,0.0,0.0,15200000.0,45000000.0,0.1838235294,25600000.0,0.1045751634,-4100000.0,21500000.0,0.0878267974,3700000.0,17700000.0,0.0723039216,0.27,0.25,65400000,72200000,https://www.sec.gov/Archives/edgar/data/105770/000010577009000016/0000105770-09-000016-index.htm,https://www.sec.gov/Archives/edgar/data/105770/000010577009000016/form10k.htm,3.743119266055046,0.2706422018348624,0.672782874617737,-0.1055045871559633,1.3990825688073394,7.448012232415902,5.073394495412844,7.448012232415902,5.902140672782875,1235406000.0,1534206000.0,17.449237288135595,5.046593137254902,28.077409090909093,-179.04434782608695,2.5362471771710124,2.5362471771710124,6.26718137254902,34.093466666666664,34.86831818181818,-222.34869565217392,0.014327273786917,-0.0055852084254083,0.7924450831451447,0.3302815093693848,6.64,2.3016970458830923,0.0,2.485875706214689,0.0040472524821799,0.2824858757062147,0.0,0.0159313725490196,0.1328826901685633,1.1568181818181815,0.2079248366013072,3.348684210526316,0.0,6.734559723706193,0.0209121051846582,0.0174659561870929,-6.663608562691132,207100000.0,331800000.0,-315400000.0,893400000.0,134600000.0,64650000.0,120200000.0,47.27941176470589,34.726027397260275,59.43493150684931,1.9035769828926905,2.591715976331361,1.5142610198789974,0.0363375076986245,0.7782874617737003,2009-02-19,0.26,bmo,227314285.0,2025-04-25,2008-12-31,0.0769230769230769,18.8228125,587834.25
2008-09-30,WST,USD,105770,2008-11-06,2008-11-06 17:10:00,2008,Q3,256200000.0,190200000.0,66000000.0,0.2576112412,4600000,0.0,0.0,41500000.0,0.0,46100000.0,236300000.0,400000.0,4300000.0,15500000.0,33800000.0,0.1319281811,17900000.0,0.0698672912,-3800000.0,14000000.0,0.0546448087,800000.0,13300000.0,0.0519125683,0.21,0.2,65000000,72400000,https://www.sec.gov/Archives/edgar/data/105770/000010577008000060/0000105770-08-000060-index.htm,https://www.sec.gov/Archives/edgar/data/105770/000010577008000060/file10q.htm,3.9415384615384617,0.2046153846153846,0.6476923076923077,0.1153846153846153,1.6692307692307693,8.276923076923078,5.896923076923077,8.193846153846154,5.950769230769231,1586650000.0,1866650000.0,29.82424812030075,6.193013270882124,37.687648456057005,211.55333333333337,2.979064964325948,2.979064964325948,7.285909445745511,55.226331360946745,44.33847980997625,248.88666666666663,0.0083824409920272,0.0047269404090379,0.7181749906120917,0.3161157024793388,8.284023668639053,2.4803625377643503,4.162790697674419,3.1654135338345863,0.0028361642454227,0.3383458646616541,0.0,0.0179547228727556,0.1278512396694215,0.8218527315914489,0.1350507416081186,2.232258064516129,0.0,6.1419221014753775,0.0161503759398496,0.0126030512650431,-6.087692307692308,245000000.0,383300000.0,-261500000.0,918300000.0,149900000.0,65750000.0,126000000.0,49.39110070257612,29.195583596214508,59.00630914826498,1.822190611664296,3.082658022690437,1.525260625501203,0.0249718362748779,0.5323076923076923,2008-11-04,0.23,bmo,310136842.0,2025-04-25,2008-09-30,-0.1739130434782609,23.73,554805.53125
2008-08-05,WST,USD,105770,2008-08-07,2008-08-07 10:29:15,2008,Q2,279300000.0,195700000.0,83600000.0,0.2993197279,4900000,0.0,0.0,40900000.0,0.0,45800000.0,241500000.0,700000.0,4200000.0,15200000.0,58500000.0,0.2094522019,42600000.0,0.1525241676,-3100000.0,39100000.0,0.1399928392,10800000.0,28700000.0,0.1027568922,0.45,0.41,64800000,72600000,https://www.sec.gov/Archives/edgar/data/105770/000010577008000040/0000105770-08-000040-index.htm,https://www.sec.gov/Archives/edgar/data/105770/000010577008000040/file10q.htm,4.310185185185185,0.4429012345679012,0.8611111111111112,0.3858024691358024,1.728395061728395,8.515432098765432,6.052469135802469,8.435185185185185,6.209876543209877,1658880000.0,1954780000.0,14.450174216027875,5.939419978517723,29.72903225806452,66.3552,3.03490669593853,3.03490669593853,6.998854278553527,33.41504273504273,35.03189964157706,78.1912,0.0173008294753086,0.0150704089506172,0.7285034760336626,0.3176958672411042,5.058119658119658,2.484033613445378,10.142857142857142,1.9375,0.0027729552469135,0.1602787456445993,0.0,0.0175438596491228,0.1273336524652944,0.5519713261648745,0.1102756892230576,2.026315789473684,-0.0057286072323666,9.168367547026364,0.0286714228025306,0.0262388005119765,-6.27391975308642,264900000.0,392200000.0,-258200000.0,946500000.0,155550000.0,63850000.0,123300000.0,51.29967776584318,32.10015329586101,58.543689320388346,1.754396984924623,2.803724928366762,1.537313432835821,0.0525064032199048,0.4753086419753086,2008-08-05,0.33,bmo,249729729.0,2025-04-25,2008-08-05,0.1212121212121211,23.02640625,466178.15625
2008-03-31,WST,USD,105770,2008-05-08,2008-05-08 09:18:45,2008,Q1,270700000.0,187200000.0,83500000.0,0.3084595493,5400000,0.0,0.0,40100000.0,-1100000.0,44400000.0,231600000.0,1000000.0,4100000.0,14700000.0,53800000.0,0.198743997,38100000.0,0.1407462135,-3100000.0,35000000.0,0.1292944219,8500000.0,26200000.0,0.0967861101,0.41,0.38,64400000,72200000,https://www.sec.gov/Archives/edgar/data/105770/000110465908031034/0001104659-08-031034-index.htm,https://www.sec.gov/Archives/edgar/data/105770/000110465908031034/a08-11514_110q.htm,4.203416149068323,0.4068322981366459,-0.1071428571428571,-0.4611801242236025,1.653726708074534,7.996894409937888,5.512422360248447,7.919254658385094,6.546583835403727,1424528000.0,1748428000.0,13.592824427480917,5.262386405615072,-206.45333333333332,-47.963905723905725,2.793192156862745,2.793192156862745,6.458913926856298,32.498661710037176,-253.39536231884057,-58.86962962962963,0.0183920568777868,-0.02084901104085,0.8186274509803921,0.344813346547737,6.020446096654275,2.696210661528581,9.292685193337851,-0.2633587786259542,0.0031589410667954,0.1717557251908397,0.0,0.0199482822312523,0.1321440370003303,-3.3043478260869565,0.0842260805319542,1.5510204081632653,0.0,8.51414663219417,0.0273277215395441,0.0249333840883136,-6.455357142857143,264100000.0,355000000.0,-276000000.0,930100000.0,144000000.0,69150000.0,115550000.0,50.50240118212042,27.83653846153846,57.35576923076923,1.782093482554312,3.233160621761658,1.5691533948030176,0.0513725490196078,0.3540372670807453,2008-05-01,0.34,bmo,255661111.0,2025-04-25,2008-03-31,0.0588235294117645,20.147704918032787,802313.5737704918
2007-12-31,WST,USD,105770,2008-02-29,2008-02-29 13:13:54,2007,Q4,256100000.0,185600000.0,70500000.0,0.2752830925,4600000,39700000.0,0.0,39700000.0,-9700000.0,34600000.0,220200000.0,0.0,0.0,14400000.0,50300000.0,0.1964076533,7600000.0,0.0296759078,-1000000.0,5000000.0,0.0195236236,-200000.0,6000000.0,0.0234283483,0.093,0.083,64400000,72200000,https://www.sec.gov/Archives/edgar/data/105770/000104746908002017/0001047469-08-002017-index.htm,https://www.sec.gov/Archives/edgar/data/105770/000104746908002017/a2183198z10-k.htm,3.9767080745341614,0.093167701863354,0.9208074534161492,-0.0170807453416149,2.0093167701863357,7.622670807453416,5.072981366459628,7.535714285714286,6.135093167701863,1307320000.0,1594020000.0,54.47166666666667,5.104724716907458,22.04586846543001,-1188.4727272727273,2.6938388625592418,2.6938388625592418,6.224209293244826,31.69025844930417,26.880607082630693,-1449.1090909090908,0.004589541963712,-0.0008414160266805,0.8141355862353183,0.333248987854251,5.699801192842942,2.254237288135593,0.0,9.883333333333333,0.0035951412049077,0.7833333333333333,0.1550175712612261,0.0179617336977743,0.1384952766531713,1.0185497470489038,0.2358453729012104,4.194444444444445,0.0,3.974533506302852,0.0078787878787878,0.0058742901899353,-6.324922360248447,229400000.0,326700000.0,-282400000.0,875300000.0,136450000.0,66100000.0,115750000.0,47.82897305739945,38.98706896551724,54.21336206896552,1.881704628949302,2.308457711442786,1.6601073345259392,0.0123634865031939,0.937888198757764,2008-02-21,0.24,bmo,236399999.0,2025-04-25,2007-12-31,0.0833333333333334,19.62625,685975.0625
2007-09-30,WST,USD,105770,2007-11-02,2007-11-02 12:19:34,2007,Q3,242700000.0,178400000.0,64300000.0,0.2649361351,4100000,37700000.0,0.0,37700000.0,9600000.0,51400000.0,229800000.0,0.0,0.0,13900000.0,12900000.0,0.0531520396,12900000.0,0.0531520396,-1500000.0,10900000.0,0.0449114133,-800000.0,12200000.0,0.0502678204,0.19,0.18,65400000,73600000,https://www.sec.gov/Archives/edgar/data/105770/000110465907079167/0001104659-07-079167-index.htm,https://www.sec.gov/Archives/edgar/data/105770/000110465907079167/a07-25798_110q.htm,3.7110091743119273,0.1865443425076452,0.3700305810397553,0.0688073394495412,2.314984709480122,7.444954128440367,4.770642201834862,7.365443425076452,6.018348623853211,1353780000.0,1595980000.0,27.74139344262295,5.577997527812114,55.94132231404959,300.84,2.810421424122898,2.810421424122898,6.575937371240214,123.71937984496124,65.9495867768595,354.6622222222222,0.0090118039858765,0.0033240260603643,0.8171060826240398,0.3406907296806024,18.775193798449617,2.6917385943279903,0.0,1.9836065573770487,0.0031024243230066,0.3442622950819672,0.1553358055212196,0.0168932838895756,0.1513892495455726,0.8140495867768595,0.0811701689328388,1.4172661870503598,0.0,5.560089075067348,0.0139359792580773,0.0124439004487964,-5.42125382262997,274400000.0,312000000.0,-231800000.0,877800000.0,136750000.0,52650000.0,115700000.0,50.72929542645241,26.132286995515692,60.38677130044843,1.774122807017544,3.444015444015444,1.490392648287385,0.0253269669919036,0.3012232415902141,2007-11-01,0.21,bmo,242700000.0,2025-04-25,2007-09-30,0.0,21.92968253968254,736457.1428571428
2007-06-30,WST,USD,105770,2007-08-03,2007-08-03 16:19:54,2007,Q2,263700000.0,187000000.0,76700000.0,0.2908608267,3800000,38200000.0,0.0,38200000.0,-200000.0,41800000.0,228800000.0,0.0,0.0,14300000.0,34900000.0,0.1323473644,34900000.0,0.1323473644,-1700000.0,33200000.0,0.1259006447,7000000.0,26000000.0,0.0985968904,0.4,0.37,65800000,74200000,https://www.sec.gov/Archives/edgar/data/105770/000110465907058768/0001104659-07-058768-index.htm,https://www.sec.gov/Archives/edgar/data/105770/000110465907058768/a07-19128_110q.htm,4.007598784194529,0.3951367781155015,0.6443768996960486,0.2765957446808511,2.6945288753799392,7.585106382978723,4.975683890577508,7.51063829787234,5.8465045592705165,1550906000.0,1758306000.0,14.912557692307692,5.881327265832385,36.57797169811321,85.21461538461539,3.138215297450425,3.138215297450425,6.667827076222981,50.38126074498568,41.46948113207547,96.61021978021978,0.0167643944894145,0.0117350761425902,0.7784297855119385,0.3366587905837052,5.9426934097421205,3.033534540576794,0.0,1.6307692307692307,0.0027725729347877,0.1653846153846153,0.1448615851346227,0.0144103147516116,0.1502581604970683,0.5707547169811321,0.0917709518392112,1.6923076923076923,0.0,8.17153057381381,0.0277050259179763,0.0267765190525231,-4.679711246200608,303200000.0,327400000.0,-191300000.0,883400000.0,140000000.0,56500000.0,109700000.0,46.65529010238908,25.74866310160428,53.75935828877005,1.9290416971470368,3.4953271028037385,1.6741271262309758,0.0526102792391744,0.3677811550151976,2007-08-02,0.35,bmo,271455882.0,2025-04-25,2007-06-30,-0.0285714285714284,24.42761904761905,518149.20634920633
2007-03-31,WST,USD,105770,2007-05-08,2007-05-08 14:23:02,2007,Q1,257600000.0,177200000.0,80400000.0,0.3121118012,3600000,37000000.0,0.0,37000000.0,200000.0,40800000.0,218000000.0,0.0,0.0,14000000.0,39600000.0,0.1537267081,39600000.0,0.1537267081,-1900000.0,37300000.0,0.1447981366,11200000.0,26500000.0,0.1028726708,0.41,0.39,65400000,69000000,https://www.sec.gov/Archives/edgar/data/105770/000110465907036918/0001104659-07-036918-index.htm,https://www.sec.gov/Archives/edgar/data/105770/000110465907036918/a07-11150_110q.htm,3.9388379204892967,0.4051987767584097,0.0504587155963302,-0.3333333333333333,2.3944954128440368,7.10091743119266,4.460244648318043,7.025993883792049,5.76605504587156,1517934000.0,1738434000.0,14.3201320754717,5.892600931677019,459.98,-69.63,3.3034472252448315,3.3034472252448315,6.748579192546584,43.89984848484848,526.7981818181818,-79.74467889908257,0.0174579395415083,-0.0143616257360333,0.8206746463547334,0.3408967636955343,5.568181818181818,2.8193085453359426,0.0,0.1245283018867924,0.002832797736924,0.1622641509433962,0.1436335403726708,0.0139751552795031,0.156120050623757,7.606060606060606,0.0974378881987577,1.792857142857143,0.0,8.00348629426912,0.029063754329784,0.0283877878950187,-4.952217125382263,278900000.0,291700000.0,-209600000.0,846800000.0,126400000.0,60350000.0,102600000.0,50.06599378881988,30.220090293453723,54.70090293453724,1.7976273551988835,2.9781512605042018,1.6453110492107708,0.0576713819368879,0.3837920489296636,2007-04-26,0.33,bmo,217969230.0,2025-04-25,2007-03-31,0.1818181818181818,23.4144262295082,612521.3114754099
2006-12-31,WST,USD,105770,2007-03-01,2007-02-28 18:52:01,2006,Q4,231900000.0,166300000.0,65600000.0,0.282880552,0,43900000.0,0.0,43900000.0,700000.0,44600000.0,210900000.0,0.0,0.0,13700000.0,34700000.0,0.1496334627,21000000.0,0.0905562743,-2100000.0,18900000.0,0.0815006468,5200000.0,15000000.0,0.064683053,0.23,0.22,65400000,69000000,https://www.sec.gov/Archives/edgar/data/105770/000110465907015074/0001104659-07-015074-index.htm,https://www.sec.gov/Archives/edgar/data/105770/000110465907015074/a07-5873_110k.htm,3.5458715596330275,0.2293577981651376,0.636085626911315,-0.0229357798165137,0.7201834862385321,6.41131498470948,3.8256880733944953,6.337920489296636,3.613149847094802,1675548000.0,1864748000.0,27.9258,7.225304010349289,40.27759615384616,-1117.032,4.0423353437876965,4.0423353437876965,8.041172919361793,53.73913544668588,44.825673076923074,-1243.1653333333334,0.0089522950103488,-0.0008952295010348,0.5700844390832328,0.2573513395774341,5.452449567723343,1.7954110898661568,0.0,2.773333333333333,0.0025663245696333,0.2866666666666667,0.1893057352307028,0.0,0.1841646700065345,1.0360576923076923,0.1858559724018973,3.145985401459854,0.0,5.719017265959488,0.0199819141798664,0.0200240288346015,-4.907110091743119,124800000.0,250200000.0,-217200000.0,678600000.0,114850000.0,54350000.0,95950000.0,42.496765847348,33.12086590499098,52.76608538785328,2.117808219178082,2.7173202614379086,1.7056410256410257,0.0361881785283474,0.6590214067278287,2007-02-20,0.21,bmo,221359090.0,2025-04-25,2006-12-31,0.0476190476190476,23.226666666666667,503533.3333333333
2006-09-30,WST,USD,105770,2006-11-08,2006-11-08 16:36:26,2006,Q3,218400000.0,159600000.0,58800000.0,0.2692307692,0,37100000.0,0.0,37100000.0,2000000.0,39100000.0,198700000.0,0.0,0.0,13200000.0,19700000.0,0.0902014652,19700000.0,0.0902014652,-2700000.0,17000000.0,0.0778388278,4900000.0,13300000.0,0.0608974359,0.21,0.2,64400000,67600000,https://www.sec.gov/Archives/edgar/data/105770/000110465906072829/0001104659-06-072829-index.htm,https://www.sec.gov/Archives/edgar/data/105770/000110465906072829/a06-22049_110q.htm,3.391304347826087,0.2065217391304347,0.65527950310559,0.3385093167701863,0.6956521739130435,6.336956521739131,3.718944099378882,6.265527950310559,3.743788819875777,1264816000.0,1461116000.0,23.774736842105263,5.791282051282051,29.97194312796209,58.01908256880734,3.134612143742256,3.134612143742256,6.690091575091575,74.16832487309645,34.623601895734595,67.02366972477064,0.0105153634995129,0.0172357085931866,0.5975216852540273,0.2693854748603352,9.96446700507614,1.803154574132492,0.0,3.172932330827068,0.0030043895712894,0.2857142857142857,0.1698717948717948,0.0,0.1883798882681564,0.4834123222748815,0.0934065934065934,1.5454545454545454,0.0,5.395764440701698,0.0190254609306409,0.0183094713656387,-4.732142857142857,127300000.0,239500000.0,-201100000.0,644300000.0,122250000.0,49500000.0,90800000.0,49.53296703296704,26.78571428571429,53.23308270676692,1.816971713810316,3.36,1.6906779661016949,0.0329615861214374,0.3167701863354037,2006-11-02,0.16,bmo,183915789.0,2025-04-25,2006-09-30,0.1875,19.02,532946.0317460317
2006-06-30,WST,USD,105770,2006-08-07,2006-08-07 12:35:54,2006,Q2,240200000.0,169700000.0,70500000.0,0.2935054122,0,36900000.0,0.0,36900000.0,1500000.0,38400000.0,208100000.0,0.0,0.0,13000000.0,32100000.0,0.1336386345,32100000.0,0.1336386345,-2800000.0,29300000.0,0.1219816819,9200000.0,20700000.0,0.0861781848,0.32,0.31,64152000,67116000,https://www.sec.gov/Archives/edgar/data/105770/000110465906051878/0001104659-06-051878-index.htm,https://www.sec.gov/Archives/edgar/data/105770/000110465906051878/a06-15767_110q.htm,3.744232447936151,0.3226711560044893,0.7965457039531113,0.556490834268612,0.7186058111984038,6.122957974809827,3.624205013093902,6.055929667040778,4.0513156253897,1163717280.0,1377517280.0,14.054556521739132,4.844784679433805,22.773332289628183,32.59712268907563,2.9954112741312744,2.9954112741312744,5.734876269775187,42.91331090342679,26.957285322896283,38.58591820728291,0.0177878255790787,0.0306775542595706,0.668983268983269,0.2941376188320507,6.660436137071651,1.931787175989086,0.0,2.468599033816425,0.0034372609814645,0.1932367149758454,0.1536219816819317,0.0,0.1814169307378904,0.3013698630136986,0.064113238967527,1.1846153846153846,0.0,6.630736089815627,0.0298546896863177,0.0286188303608461,-4.799148896371118,136600000.0,232500000.0,-207600000.0,635900000.0,124250000.0,49450000.0,86750000.0,46.5736885928393,27.31290512669417,46.24631703005304,1.9324215607401447,3.295145631067961,1.9461009174311927,0.0532818532818532,0.2400548696844993,2006-08-03,0.3,bmo,232451612.0,2025-04-25,2006-06-30,0.0333333333333333,17.493492063492063,412663.49206349207
2006-03-31,WST,USD,105770,2006-05-10,2006-05-10 10:30:33,2006,Q1,222800000.0,155900000.0,66900000.0,0.3002692998,0,38000000.0,0.0,38000000.0,700000.0,38700000.0,194600000.0,0.0,3000000.0,12800000.0,28200000.0,0.1265709156,28200000.0,0.1265709156,-8900000.0,19300000.0,0.0866247756,5400000.0,18100000.0,0.0812387792,0.28,0.28,63400000,66200000,https://www.sec.gov/Archives/edgar/data/105770/000110465906032995/0001104659-06-032995-index.htm,https://www.sec.gov/Archives/edgar/data/105770/000110465906032995/a06-10941_110q.htm,3.5141955835962144,0.2854889589905363,0.140378548895899,-0.0394321766561514,0.4936908517350157,5.771293375394322,3.272870662460568,5.7066246056782335,4.321766561514195,1100624000.0,1340324000.0,15.201988950276242,4.939964093357271,123.6656179775281,-440.2496,3.0420784964068543,3.0420784964068543,6.0158168761220825,47.529219858156026,150.598202247191,-536.1296,0.0164452165317129,-0.0022714387474741,0.7490326147042565,0.3182618907809748,8.5,1.9730134932533736,9.4,0.4917127071823204,0.0034525868961607,0.2099447513812154,0.170556552962298,0.0,0.1860246623605402,1.2808988764044944,0.0511669658886894,0.890625,0.0,6.054462168975814,0.0282670070418726,0.0261145577838695,-5.0157728706624605,129800000.0,207500000.0,-222400000.0,618700000.0,115800000.0,46600000.0,73750000.0,50.170556552962296,27.36369467607441,49.820397690827456,1.7938808373590982,3.289029535864979,1.80648899188876,0.0500276395798783,0.1798107255520504,2006-04-27,0.23,bmo,189792592.0,2025-04-25,2006-03-31,0.1739130434782609,15.333870967741936,335829.03225806454
2005-12-31,WST,USD,105770,2006-03-06,2006-03-06 10:50:14,2005,Q4,195700000.0,143900000.0,51800000.0,0.2646908533,0,32400000.0,0.0,32400000.0,200000.0,32600000.0,176500000.0,0.0,0.0,13600000.0,32800000.0,0.1676034747,19000000.0,0.0970873786,-18500000.0,500000.0,0.002554931,-14600000.0,11700000.0,0.0597853858,0.18,0.18,63508000,66250000,https://www.sec.gov/Archives/edgar/data/105770/000110465906014167/0001104659-06-014167-index.htm,https://www.sec.gov/Archives/edgar/data/105770/000110465906014167/a06-3954_310k.htm,3.0815015431126787,0.184228758581596,0.3763305410342004,0.0377905145808402,0.7684071298104176,5.315865717704856,2.809094917175789,5.251306921962588,4.424639415506708,795120160.0,1027320160.0,16.98974700854701,4.062954317833419,33.26862594142259,331.3000666666667,2.384168395802099,2.384168395802099,5.249464282064384,31.320736585365857,42.98410711297071,428.0500666666667,0.0147147570752073,0.0030184117077348,0.8425787106446777,0.3411850412821758,7.079268292682927,1.900641025641025,0.0,2.0427350427350426,0.0047791518705801,0.3247863247863248,0.1655595298926929,0.0,0.1932977173385138,0.899581589958159,0.1098620337250894,1.5808823529411764,0.0,4.665558861614809,0.8207695608639679,0.0176098735701384,-5.133998866284562,112400000.0,178400000.0,-248800000.0,599600000.0,106100000.0,40600000.0,62950000.0,49.39192641798671,28.644892286309936,38.2765809589993,1.822160148975792,3.1419213973799125,2.351307189542484,0.0350824587706146,0.3385400264533602,2006-02-21,0.18,bmo,176129999.0,2025-04-25,2005-12-31,0.1111111111111112,12.676825396825397,300266.6666666667
2005-09-30,WST,USD,105770,2005-11-04,2005-11-04 15:03:34,2005,Q3,181600000.0,137800000.0,43800000.0,0.2411894273,0,30700000.0,0.0,30700000.0,0.0,30700000.0,168500000.0,0.0,0.0,13000000.0,26100000.0,0.143722467,13200000.0,0.0726872247,-3700000.0,9500000.0,0.0523127753,3000000.0,7800000.0,0.0429515419,0.13,0.12,62668000,65552000,https://www.sec.gov/Archives/edgar/data/105770/000010577005000528/0000105770-05-000528-index.htm,https://www.sec.gov/Archives/edgar/data/105770/000010577005000528/file10qee.htm,2.8978106848790453,0.1244654369055977,0.4420118720878279,0.2186123699495755,0.3335035424778196,5.264249696814962,2.666432629092998,5.192442713984809,4.158422161230612,929993120.0,1169693120.0,29.807471794871795,5.121107488986784,33.573758844765344,67.8827094890511,2.85799975414874,2.85799975414874,6.44104140969163,44.81582835249042,42.22718844765343,85.3790598540146,0.0083871588211319,0.0147312917755778,0.800860479409957,0.3259537210756723,9.183908045977011,1.776508972267537,0.0,3.551282051282051,0.0037634687017899,0.4487179487179487,0.1690528634361233,0.0,0.2036272670419011,0.5054151624548736,0.0770925110132158,1.0769230769230769,0.0,3.813304622971611,0.0133346802707344,0.0122506675043191,-5.389512989085339,95200000.0,167100000.0,-251800000.0,580200000.0,104050000.0,34900000.0,64650000.0,51.93832599118943,23.12046444121916,42.25689404934688,1.732824427480916,3.8926553672316384,2.12982998454405,0.0239704978488014,0.2233995021382523,2005-10-20,0.16,bmo,264145454.0,2025-04-25,2005-09-30,-0.3125,13.9421875,218865.625
2005-06-30,WST,USD,105770,2005-08-09,2005-08-09 13:45:54,2005,Q2,173000000.0,122400000.0,50600000.0,0.2924855491,0,31900000.0,0.0,31900000.0,200000.0,32100000.0,154500000.0,0.0,2900000.0,10800000.0,29300000.0,0.1693641618,19900000.0,0.1150289017,-2900000.0,17000000.0,0.098265896,5500000.0,12800000.0,0.0739884393,0.21,0.2,61956000,64310000,https://www.sec.gov/Archives/edgar/data/105770/000010577005000400/0000105770-05-000400-index.htm,https://www.sec.gov/Archives/edgar/data/105770/000010577005000400/file10q.htm,2.792304215895151,0.206598231002647,0.5213377235457421,0.3518626121763832,0.9926399380205309,5.0907095357996,3.353993156433598,5.0907095357996,4.533862741300277,869242680.0,1085742680.0,16.97739609375,5.024524161849711,26.911538080495355,39.87351743119266,2.7560008877615725,2.7560008877615725,6.2759692485549134,37.056064163822526,33.61432445820434,49.80471009174312,0.0147254619388914,0.0250793023646745,0.8814204185161699,0.3484582602155929,7.389078498293515,2.258833922261484,6.862068965517241,2.5234375,0.0040264934989156,0.2734375,0.184393063583815,0.0,0.1348708949611431,0.3250773993808049,0.0606936416184971,0.9722222222222222,0.0,4.864561712477429,0.0196436082093715,0.0185453491741524,-5.021708954742075,142500000.0,207800000.0,-226700000.0,568600000.0,93800000.0,28900000.0,63550000.0,53.73988439306358,25.294117647058822,47.5,1.6747337850919652,3.558139534883721,1.894736842105263,0.040583386176284,0.1694751113693589,2005-07-21,0.21,bmo,181649999.0,2025-04-25,2005-06-30,-0.0476190476190475,13.48640625,227465.625
2005-03-31,WST,USD,105770,2005-05-10,2005-05-10 13:09:16,2005,Q1,149500000.0,103100000.0,46400000.0,0.310367893,0,25200000.0,0.0,25200000.0,1100000.0,26300000.0,129400000.0,0.0,2000000.0,10000000.0,20100000.0,0.1344481605,20100000.0,0.1344481605,-2000000.0,18100000.0,0.1210702341,5700000.0,13300000.0,0.0889632107,0.22,0.21,61290000,63550000,https://www.sec.gov/Archives/edgar/data/105770/000010577005000283/0000105770-05-000283-index.htm,https://www.sec.gov/Archives/edgar/data/105770/000010577005000283/file10qstl.htm,2.4392233643334964,0.2170011421112742,0.0277369880894109,-0.104421602218959,0.8810572687224669,5.02039484418339,4.27965410344265,5.02039484418339,2.5240659161364007,732415500.0,831115500.0,13.76720864661654,4.8991003344481605,430.8326470588235,-114.439921875,2.3802908677283066,2.3802908677283066,5.559301003344482,41.34902985074627,488.8914705882353,-129.861796875,0.0181590913900647,-0.0087382093907078,0.4962625934351641,0.2349230769230769,4.91044776119403,2.2525252525252526,10.05,0.1278195488721804,0.0045056392170837,0.2481203007518796,0.1685618729096989,0.0,0.0698461538461538,4.764705882352941,0.0541806020066889,0.81,0.0,4.950980391633594,0.0249912263990133,0.0219980152166721,-3.1624245390765213,124000000.0,262300000.0,-119300000.0,446900000.0,78600000.0,26350000.0,59600000.0,50.74916387959867,20.42677012609117,54.55868089233754,1.7734282325029656,4.405982905982906,1.6496,0.0432239194020149,0.13215859030837,2005-04-21,0.17,bmo,114952380.0,2025-04-25,2005-03-31,0.2352941176470586,12.698688524590164,227747.54098360657
2004-12-31,WST,USD,105770,2005-03-09,2005-03-09 17:10:48,2004,Q4,134600000.0,98800000.0,35800000.0,0.2659732541,0,15100000.0,0.0,15100000.0,300000.0,15400000.0,114200000.0,0.0,0.0,7600000.0,28000000.0,0.2080237741,19400000.0,0.1441307578,-1600000.0,17800000.0,0.132243685,3600000.0,400000.0,0.0029717682,0.0065,0.0063,61290000,63550000,https://www.sec.gov/Archives/edgar/data/105770/000010577005000135/0000105770-05-000135-index.htm,https://www.sec.gov/Archives/edgar/data/105770/000010577005000135/file10k04.htm,2.1961168216674825,0.0065263501386849,0.3932125958557677,0.1256322401696851,1.1225322238538098,4.912710066895089,4.199706314243759,4.912710066895089,2.623592755751346,767350800.0,859350800.0,479.59425,5.700971768202081,31.840282157676345,99.65594805194806,2.548491531052806,2.548491531052806,6.384478454680535,30.6911,35.657709543568465,111.604,0.0005212739727384,0.0100345239752144,0.5340418465626038,0.244117200546531,3.2857142857142856,1.944206008583691,0.0,60.25,0.0044308287682765,8.5,0.1121842496285289,0.0,0.0663427964171853,0.6804979253112033,0.1218424962852897,2.1578947368421053,0.0,0.8493506258277511,0.028026810022423,0.000650406504065,-3.3573992494697342,110000000.0,257400000.0,-131100000.0,437500000.0,75850000.0,27750000.0,57300000.0,48.7444279346211,26.69028340080972,51.64979757085021,1.8463648834019204,3.372013651877133,1.7425044091710755,0.001328462304882,0.2675803556860825,2005-02-22,0.1,bmo,118333333.0,2025-04-25,2004-12-31,0.1999999999999999,11.41984375,180181.25
2004-09-30,WST,USD,105770,2004-11-04,2004-11-04 13:11:58,2004,Q3,135300000.0,98600000.0,36700000.0,0.2712490761,0,30300000.0,0.0,30300000.0,0.0,30300000.0,128900000.0,0.0,0.0,8600000.0,15000000.0,0.110864745,6400000.0,0.0473022912,-1900000.0,4500000.0,0.0332594235,1400000.0,4300000.0,0.0317812269,0.07,0.07,60344000,62542000,https://www.sec.gov/Archives/edgar/data/105770/000010577004000594/0000105770-04-000594-index.htm,https://www.sec.gov/Archives/edgar/data/105770/000010577004000594/file10q304.htm,2.2421450351319105,0.0712581201113615,0.2982898051173273,0.0961156038711388,1.048985814662601,4.654978125414291,3.864510141853374,4.654978125414291,2.696208405143842,629387920.0,728787920.0,36.59232093023256,4.65179541759054,34.96599555555555,108.51515862068966,2.240612032751869,2.240612032751869,5.386459127864006,48.58586133333333,40.48821777777778,125.6530896551724,0.0068320345264967,0.009215302384577,0.5792096831612673,0.2557371895630305,6.626666666666667,2.0400745573159367,0.0,4.186046511627907,0.0050843047639045,0.7441860465116279,0.2239467849223946,0.0,0.074976422508645,0.6777777777777778,0.090169992609017,1.4186046511627908,0.0,2.731915497132364,0.0083312337280591,0.0073067119796091,-3.379789208537717,111600000.0,233200000.0,-136400000.0,429100000.0,79900000.0,25350000.0,56700000.0,52.41685144124169,23.91480730223124,52.8498985801217,1.717005076142132,3.763358778625954,1.70293609671848,0.0153079387682449,0.2021742012461885,2004-10-19,0.1,bmo,121000000.0,2025-04-25,2004-09-30,0.0999999999999999,9.841875,130181.25
2004-06-30,WST,USD,105770,2004-08-04,2004-08-04 15:46:13,2004,Q2,138100000.0,95300000.0,42800000.0,0.3099203476,0,30800000.0,0.0,30800000.0,400000.0,31200000.0,126500000.0,0.0,0.0,8700000.0,24100000.0,0.1745112238,11600000.0,0.0839971035,-1700000.0,10000000.0,0.0724112962,3200000.0,7700000.0,0.055756698,0.13,0.13,59840000,61408000,https://www.sec.gov/Archives/edgar/data/105770/000010577004000441/0000105770-04-000441-index.htm,https://www.sec.gov/Archives/edgar/data/105770/000010577004000441/file10q.htm,2.307820855614973,0.1286764705882352,0.3125,0.106951871657754,0.884024064171123,4.550467914438503,3.7566844919786098,4.550467914438503,2.640374331550802,633107200.0,738207200.0,20.55542857142857,4.584411296162202,33.856,98.923,2.325035622475211,2.325035622475211,5.345454018826937,30.631004149377592,39.47632085561497,115.344875,0.0121622372956744,0.0101088725574436,0.5802423797282409,0.2555393821769368,4.360995850622406,1.9287696577243296,0.0,2.4285714285714284,0.0048964851450117,0.4025974025974026,0.22302679217958,0.0,0.0768235484392689,0.6577540106951871,0.0890658942795076,1.4137931034482758,0.0,3.629684337788408,0.0153165048543689,0.0134898388227049,-3.419117647058824,100400000.0,224800000.0,-137500000.0,409300000.0,40500000.0,25550000.0,53850000.0,52.78783490224475,23.13746065057712,52.4134312696747,1.7049382716049384,3.889795918367347,1.7171171171171171,0.0282776349614395,0.2055481283422459,2004-07-20,0.16,bmo,128094117.0,2025-04-25,2004-06-30,0.0625,9.676774193548388,166161.29032258064
2004-03-31,WST,USD,105770,2004-05-05,2004-05-05 15:55:05,2004,Q1,133600000.0,93000000.0,40600000.0,0.3038922156,0,29000000.0,0.0,29000000.0,800000.0,29800000.0,122800000.0,0.0,0.0,8300000.0,21400000.0,0.1601796407,10800000.0,0.0808383234,-1900000.0,8900000.0,0.0666167665,2900000.0,7000000.0,0.0523952096,0.12,0.12,58888000,60268000,https://www.sec.gov/Archives/edgar/data/105770/000010577004000199/0000105770-04-000199-index.htm,https://www.sec.gov/Archives/edgar/data/105770/000010577004000199/file10q104.htm,2.268713490014944,0.1188697187882081,0.1375492460263551,-0.1426436625458497,2.11078657791061,4.467803287596794,3.6493003667979895,4.467803287596794,2.584567314223611,550602800.0,662202800.0,19.66438571428571,4.121278443113773,67.97565432098764,-65.54795238095238,2.0927510452299503,2.0927510452299503,4.956607784431138,30.944056074766355,81.75343209876543,-78.83366666666667,0.0127133389078297,-0.0152560066893956,0.5784872671987837,0.2516534391534391,5.214953271028038,1.7741347905282332,0.0,1.1571428571428573,0.005630192944896,0.4428571428571428,0.217065868263473,0.0,0.0796957671957672,2.037037037037037,0.123502994011976,1.9879518072289155,0.0,3.4567971749796675,0.0146026852715693,0.0125763564498742,-3.248539600597745,85000000.0,214900000.0,-146900000.0,392900000.0,57250000.0,27600000.0,50100000.0,0.0,25.741935483870968,50.516129032258064,0.0,3.4962406015037595,1.7816091954022988,0.0266058532877233,0.2801929085722048,2004-04-20,0.13,bmo,113013333.0,2025-04-25,2004-03-31,0.1538461538461537,8.993225806451614,147367.74193548388
2003-12-31,WST,USD,105770,2004-03-12,2004-03-12 12:16:04,2003,Q4,126400000.0,84200000.0,42200000.0,0.3338607595,0,32000000.0,0.0,32000000.0,-27100000.0,4900000.0,89100000.0,0.0,0.0,8600000.0,25800000.0,0.2041139241,30300000.0,0.2397151899,-3800000.0,26500000.0,0.2096518987,11000000.0,17100000.0,0.1352848101,0.29,0.28,58888000,60268000,https://www.sec.gov/Archives/edgar/data/105770/000095015404000022/0000950154-04-000022-index.htm,https://www.sec.gov/Archives/edgar/data/105770/000095015404000022/westpharm-10k_55917.txt,2.1464474935470723,0.2903817416111941,0.3209482407281619,-0.1205678576280396,0.6418964814563238,4.374405651406059,3.552506452927591,4.374405651406059,2.971742969705203,498781360.00000006,635981360.0,7.292125146198831,3.94605506329114,26.390548148148152,-70.2508957746479,1.9362630434782608,1.9362630434782608,5.031498101265822,24.65044031007752,33.64980740740741,-89.57483943661971,0.034283558631782,-0.0142346939348334,0.6793478260869565,0.2806286080821039,5.317829457364341,1.8225399495374264,0.0,1.105263157894737,0.006215148056054,0.1812865497076023,0.2531645569620253,0.0,0.077613855035279,1.3756613756613756,0.2056962025316455,3.0232558139534884,0.0,5.346079821729721,0.0345672742528456,0.0297287899860917,-3.70746162206222,97800000.0,209200000.0,-149300000.0,401900000.0,95400000.0,26850000.0,46950000.0,81.52689873417721,30.570071258907365,51.30641330166271,1.1039301310043668,2.944055944055944,1.7541666666666669,0.0663819875776397,0.4415160983562016,2004-02-17,0.1,bmo,123800000.0,2025-04-25,2003-12-31,0.0,8.3928125,115737.5
2003-09-30,WST,USD,105770,2003-11-10,2003-11-10 13:14:10,2003,Q3,120100000.0,84300000.0,35800000.0,0.2980849292,0,27800000.0,0.0,27800000.0,1100000.0,28900000.0,113200000.0,0.0,0.0,7800000.0,14700000.0,0.1223980017,6900000.0,0.0574521232,-1300000.0,5600000.0,0.0466278102,1500000.0,4100000.0,0.0341382182,0.07,0.07,58024000,58396000,https://www.sec.gov/Archives/edgar/data/105770/000010577003000238/0000105770-03-000238-index.htm,https://www.sec.gov/Archives/edgar/data/105770/000010577003000238/file10q3.htm,2.069833172480353,0.0706604163794292,0.4239624982765752,0.1361505583896319,0.9392665104094856,3.888046325658349,3.071142975320557,3.888046325658349,3.083206948848752,454327920.0,578727920.0,27.702921951219512,3.782913572023314,18.46861463414634,57.50986329113924,2.013864893617021,2.013864893617021,4.818717069109076,39.3692462585034,23.52552520325203,73.25669873417722,0.0090243188224047,0.017388321633414,0.7929964539007093,0.3108061153578874,8.462585034013605,1.856046065259117,0.0,6.0,0.0063830547768228,0.7073170731707317,0.231473771856786,0.0,0.0823488533703961,0.6788617886178862,0.1390507910074937,2.141025641025641,0.0,2.4862515713729363,0.01036051212938,0.0077622112836046,-3.710964428512339,89200000.0,178200000.0,-156600000.0,369500000.0,78600000.0,23500000.0,45450000.0,57.17735220649458,26.797153024911037,49.003558718861214,1.5740498034076016,3.358565737051793,1.8366013071895424,0.0181737588652482,0.2878119398869433,2003-10-21,0.09,bmo,129825000.0,2025-04-25,2003-09-30,-0.111111111111111,7.05609375,87050.0
2003-06-30,WST,USD,105770,2003-08-13,2003-08-13 12:22:58,2003,Q2,126400000.0,85000000.0,41400000.0,0.3275316456,0,26800000.0,0.0,26800000.0,3800000.0,30600000.0,115600000.0,0.0,0.0,8500000.0,19300000.0,0.1526898734,10800000.0,0.085443038,-1700000.0,9100000.0,0.0719936709,2900000.0,6900000.0,0.0545886076,0.12,0.12,57932000,57932000,https://www.sec.gov/Archives/edgar/data/105770/000010577003000094/0000105770-03-000094-index.htm,https://www.sec.gov/Archives/edgar/data/105770/000010577003000094/file10q203.htm,2.181868397431471,0.11910515777118,0.2002347579921287,0.0138092936546295,0.7646896361251122,3.8269005040392186,3.134709659600912,3.8269005040392186,3.100186425464337,355123160.0,490423160.0,12.86678115942029,2.809518670886076,30.61406551724138,443.90395,1.60181849345963,1.60181849345963,3.8799300632911393,25.410526424870465,42.277858620689656,613.02895,0.0194298789186264,0.0022527395847682,0.8101037437979252,0.3165315474092351,7.010362694300518,1.910191725529768,0.0,1.681159420289855,0.008166180994785,0.4202898550724637,0.2120253164556962,0.0,0.0706732463870285,0.9310344827586208,0.0854430379746835,1.2705882352941176,0.0,3.2024335647963857,0.0152092636590362,0.01308553005879,-3.766916384726921,90200000.0,181600000.0,-156400000.0,352400000.0,76750000.0,21750000.0,43700000.0,57.60284810126582,23.188235294117646,47.647058823529406,1.562422744128554,3.8812785388127855,1.8888888888888888,0.0311231393775372,0.1864254643374991,2003-07-22,0.13,bmo,102700000.0,2025-04-25,2003-06-30,0.2307692307692307,5.857460317460317,78126.98412698413
2003-03-31,WST,USD,105770,2003-05-13,2003-05-13 16:05:06,2003,Q1,117800000.0,81400000.0,36400000.0,0.3089983022,0,24400000.0,0.0,24400000.0,5500000.0,29900000.0,111300000.0,0.0,0.0,8100000.0,14600000.0,0.1239388795,6500000.0,0.0551782683,-1900000.0,4600000.0,0.039049236,1300000.0,3800000.0,0.0322580645,0.065,0.065,57920000,57920000,https://www.sec.gov/Archives/edgar/data/105770/000010577003000014/0000105770-03-000014-index.htm,https://www.sec.gov/Archives/edgar/data/105770/000010577003000014/file10q12003.htm,2.033839779005525,0.0656077348066298,0.243439226519337,0.117403314917127,0.6405386740331491,3.5738950276243093,2.914364640883978,3.5738950276243093,2.9972375690607733,283808000.0,420308000.0,18.671578947368424,2.4092359932088283,20.12822695035461,41.73647058823529,1.3710531400966184,1.3710531400966184,3.5679796264855685,28.78821917808219,29.8090780141844,61.81,0.013389333634006,0.0239598601871687,0.8386473429951691,0.3203543089130836,9.349315068493151,1.86084142394822,0.0,3.710526315789474,0.0102181756680572,0.7631578947368421,0.2071307300509338,0.0,0.0704927108322568,0.5177304964539007,0.0619694397283531,0.9012345679012346,0.0,2.2968872495139907,0.0100909835062992,0.0075441731189199,-3.83546270718232,79800000.0,168800000.0,-162400000.0,331700000.0,69600000.0,20400000.0,41850000.0,55.46689303904923,23.88206388206388,46.87960687960688,1.6225895316804408,3.768518518518519,1.919811320754717,0.0183574879227053,0.1260359116022099,2003-04-22,0.09,bmo,88350000.0,2025-04-25,2003-03-31,0.3333333333333333,5.104754098360655,69665.5737704918
2002-12-31,WST,USD,105770,2003-03-26,2003-03-26 15:37:52,2002,Q4,103400000.0,74900000.0,28500000.0,0.2756286267,0,21000000.0,0.0,21000000.0,400000.0,21400000.0,96300000.0,0.0,0.0,8600000.0,15700000.0,0.1518375242,6900000.0,0.0667311412,-2500000.0,4400000.0,0.0425531915,900000.0,3400000.0,0.0328820116,0.059,0.059,57920000,57920000,https://www.sec.gov/Archives/edgar/data/105770/000010577003000007/0000105770-03-000007-index.htm,https://www.sec.gov/Archives/edgar/data/105770/000010577003000007/file10k.txt,1.785220994475138,0.0587016574585635,0.1761049723756906,0.0466160220994475,0.5732044198895028,3.478936464088398,2.710635359116022,3.478936464088398,3.021408839779005,353312000.0,495112000.0,25.978823529411763,3.416943907156673,34.638431372549014,130.8562962962963,1.7534094292803968,1.7534094292803968,4.788317214700194,31.53579617834395,48.54039215686274,183.3748148148148,0.0096232225341907,0.007641970835975,0.8684863523573201,0.3260059612518629,9.031847133757962,1.839224629418472,0.0,1.146067415730337,0.0082080427497509,0.8529411764705882,0.2030947775628626,0.0,0.0828986587183308,0.7352941176470589,0.0725338491295938,0.872093023255814,0.0,2.1435799668517213,0.0118060579987876,0.0069063579118423,-3.99689226519337,73600000.0,157000000.0,-174000000.0,341400000.0,64900000.0,19450000.0,40850000.0,57.96905222437137,23.070761014686248,49.62616822429906,1.5525525525525523,3.9010416666666665,1.8135593220338984,0.0168734491315136,0.1294889502762431,2003-02-20,0.07,bmo,107400000.0,2025-04-25,2002-12-31,0.0,5.133125,96218.75
2002-09-30,WST,USD,105770,2002-11-14,2002-11-14 13:55:26,2002,Q3,104900000.0,78200000.0,26700000.0,0.254528122,0,19300000.0,0.0,19300000.0,400000.0,19700000.0,97900000.0,0.0,0.0,8200000.0,15000000.0,0.142993327,-2700000.0,-0.0257387989,-2600000.0,-4900000.0,-0.0467111535,-3000000.0,3600000.0,0.0343183985,0.0625,0.0625,57852000,57852000,https://www.sec.gov/Archives/edgar/data/105770/000010577002000036/0000105770-02-000036-index.htm,https://www.sec.gov/Archives/edgar/data/105770/000010577002000036/file10q3.txt,1.8132475973172923,0.0622277535780958,0.3958376547051095,0.2316255272073567,0.6170918896494503,3.348198852243656,2.608380004148517,3.348198852243656,3.078545253405241,310086720.0,452486720.0,21.5338,2.9560221163012392,13.54090480349345,23.1408,1.6008607124419207,1.6008607124419207,4.313505433746426,30.16578133333333,19.75924541484716,33.767665671641794,0.0116096555183014,0.0432137177625665,0.9194630872483222,0.3448876839659179,9.493333333333334,2.059920106524634,0.0,-9.956521739130435,0.008707241638726,0.75,0.1839847473784556,0.0,0.0828814872192099,0.4148471615720524,0.0905624404194471,1.1585365853658536,0.0,2.165154750803585,-0.0023400509063705,0.0076013513513513,-3.79243587084284,79600000.0,150900000.0,-168000000.0,339700000.0,66950000.0,20050000.0,40400000.0,54.2230695900858,22.672634271099746,46.49616368286445,1.6598101265822784,3.969543147208122,1.935643564356436,0.0185854414042333,0.1642121274977528,2002-10-24,0.05,bmo,86750000.0,2025-04-25,2002-09-30,0.1999999999999999,6.29921875,137968.75
2002-06-30,WST,USD,105770,2002-08-07,2002-08-07 09:46:04,2002,Q2,107700000.0,76700000.0,31000000.0,0.2878365831,0,21800000.0,0.0,21800000.0,-600000.0,21200000.0,97900000.0,0.0,0.0,8300000.0,18100000.0,0.1680594243,9800000.0,0.0909935005,-2400000.0,7400000.0,0.0687093779,2200000.0,5300000.0,0.0492107707,0.0925,0.0925,57720000,58028000,https://www.sec.gov/Archives/edgar/data/105770/000010577002000025/0000105770-02-000025-index.htm,https://www.sec.gov/Archives/edgar/data/105770/000010577002000025/file10q202.txt,1.865904365904366,0.0918225918225918,0.2390852390852391,0.0641025641025641,0.4851004851004851,3.3575883575883574,2.6056826056826057,3.3575883575883574,3.2103257103257103,443866800.0,601166800.0,20.93711320754717,4.121325905292479,32.16426086956522,119.964,2.290334365325078,2.290334365325078,5.58186443825441,33.21363535911602,43.5628115942029,162.47751351351351,0.0119405190926647,0.0083358340835584,0.956140350877193,0.3528851647305275,8.69060773480663,1.838323353293413,0.0,2.60377358490566,0.0060829059528669,0.5094339622641509,0.202414113277623,0.0,0.0826509236335936,0.7318840579710145,0.0937790157845868,1.216867469879518,0.0,2.6337815908898463,0.0151384622696999,0.0110026987751712,-3.986053361053361,70000000.0,150400000.0,-177800000.0,335900000.0,70800000.0,21200000.0,38450000.0,59.08077994428969,23.9374185136897,47.40547588005215,1.5233380480905234,3.7598039215686274,1.8985148514851484,0.0273477812177502,0.1749826749826749,2002-07-18,0.12,bmo,142000000.0,2025-04-25,2002-06-30,-0.25,7.30140625,93412.5
2002-03-31,WST,USD,105770,2002-05-08,2002-05-08 11:14:32,2002,Q1,103700000.0,72300000.0,31400000.0,0.3027965284,0,20500000.0,0.0,20500000.0,-1800000.0,18700000.0,91000000.0,0.0,0.0,7900000.0,20600000.0,0.1986499518,12700000.0,0.1224686596,-2400000.0,10300000.0,0.0993249759,4000000.0,6100000.0,0.0588235294,0.11,0.11,57464000,57588000,https://www.sec.gov/Archives/edgar/data/105770/000010577002000016/0000105770-02-000016-index.htm,https://www.sec.gov/Archives/edgar/data/105770/000010577002000016/file10q102.txt,1.8046081024641512,0.1061534177920089,0.1218153974662397,-0.0626479186969233,0.5029235695391897,3.073228456076848,2.514617847695949,3.073228456076848,3.243770012529584,430980000.0,588480000.0,17.66311475409836,4.15602700096432,61.56857142857143,-119.71666666666668,2.440430351075878,2.440430351075878,5.674831243972999,28.566990291262137,84.06857142857143,-163.46666666666667,0.0141537890389345,-0.0083530558262564,1.0554926387315968,0.3678705348332347,7.645631067961165,1.82078853046595,0.0,1.0769230769230769,0.0064968211981994,0.4590163934426229,0.197685631629701,0.0,0.0633510953226761,1.5142857142857142,0.1022179363548698,1.3417721518987342,0.0,2.7092911150400325,0.0177350711530788,0.0128529287821323,-3.998590421829319,68700000.0,144500000.0,-177700000.0,312400000.0,66350000.0,22300000.0,35400000.0,61.533269045323046,27.38589211618257,45.4356846473029,1.46262341325811,3.286363636363636,1.9808219178082191,0.0345413363533408,0.184463316163163,2002-04-18,0.11,bmo,111869999.0,2025-04-25,2002-03-31,-0.0909090909090908,6.849,101520.0
2001-12-31,WST,USD,105770,2002-03-28,2002-03-28 00:00:00,2001,Q4,50600000.0,24800000.0,25800000.0,0.5098814229,0,15700000.0,0.0,15700000.0,-600000.0,15100000.0,39900000.0,0.0,0.0,4200000.0,14900000.0,0.2944664032,10600000.0,0.209486166,-3100000.0,7500000.0,0.1482213439,2300000.0,-19600000.0,-0.3873517787,-0.34,-0.34,57464000,57588000,https://www.sec.gov/Archives/edgar/data/105770/000010577002000007/0000105770-02-000007-index.htm,https://www.sec.gov/Archives/edgar/data/105770/000010577002000007/file10k2001.txt,0.8805513016845329,-0.3410831129054713,0.2088263956564109,0.0487261589864958,0.7326326047612418,3.076708896004455,2.5093971878045385,3.076708896004455,3.35862453014061,382135600.0,533035600.0,-4.874178571428572,7.552086956521739,31.84463333333333,136.477,2.161400452488688,2.161400452488688,10.534300395256915,35.77420134228188,44.41963333333333,190.36985714285711,-0.0512906936699956,0.0073272419528565,1.091628959276018,0.377469196166634,10.12751677852349,2.104913678618858,0.0,2.3076923076923075,0.0073272419528565,-0.1428571428571428,0.3102766798418972,0.0,0.0637590455701153,0.7666666666666667,0.1818181818181818,2.1904761904761907,0.0,,0.0165264972640731,-0.040944223939837,-3.983363497146039,83200000.0,144200000.0,-176000000.0,326100000.0,68400000.0,23300000.0,38350000.0,109.92094861660078,82.01612903225806,124.4758064516129,0.8187702265372169,1.0973451327433628,0.7230320699708455,-0.1108597285067873,0.160100236669915,2002-02-14,0.07,bmo,67200000.0,2025-04-25,2001-12-31,0.4285714285714285,6.34171875,137456.25
2001-09-30,WST,USD,105770,2001-10-19,2001-10-19 00:00:00,2001,Q3,112900000.0,84900000.0,28000000.0,0.2480070859,0,19400000.0,0.0,19400000.0,-600000.0,18800000.0,103700000.0,0.0,0.0,9100000.0,18300000.0,0.1620903454,10900000.0,0.0965456156,-3300000.0,7600000.0,0.067316209,1700000.0,5900000.0,0.052258636,0.1,0.1,57372000,57412000,https://www.sec.gov/Archives/edgar/data/105770/000010577001500059/0000105770-01-500059-index.htm,https://www.sec.gov/Archives/edgar/data/105770/000010577001500059/file10q32001.txt,1.9678588858676709,0.1028376211392316,0.0941225685003137,-0.1063236421947988,0.7250923795579726,3.574914592484139,2.7034093285923446,3.557484487206303,3.8328801505961096,348821760.0,527121760.0,14.780583050847458,3.08965243578388,64.59662222222222,-57.183895081967215,1.7090728074473296,1.7090728074473296,4.66892612931798,28.80446775956284,97.61514074074074,-86.41340327868852,0.0169140824242157,-0.0174874411504603,1.0774130328270457,0.3814397224631396,9.743169398907105,1.8192651439920555,0.0,0.9152542372881356,0.0074536634411798,0.4406779661016949,0.1718334809565987,0.0,0.0867302688638334,2.1296296296296298,0.1018600531443755,1.2637362637362637,0.0,2.869054363869802,0.0169135360888729,0.0112060778727445,-4.398487066861884,82500000.0,155100000.0,-188200000.0,373900000.0,72350000.0,25100000.0,41850000.0,59.78742249778565,25.441696113074205,44.946996466431095,1.5053333333333334,3.5375,2.0023584905660377,0.0289073983341499,0.2004462106951126,2001-10-17,0.07,bmo,96500000.0,2025-04-25,2001-09-30,0.0,6.492542372881356,60433.898305084746
2001-06-30,WST,USD,105770,2001-08-10,2001-08-10 00:00:00,2001,Q2,117200000.0,85600000.0,31600000.0,0.2696245734,0,19000000.0,0.0,19000000.0,0.0,19000000.0,104600000.0,0.0,0.0,8800000.0,16900000.0,0.1441979522,8100000.0,0.069112628,-4400000.0,4600000.0,0.0392491468,1700000.0,3100000.0,0.0264505119,0.055,0.055,57344000,57424000,https://www.sec.gov/Archives/edgar/data/105770/000010577001500052/0000105770-01-500052-index.htm,https://www.sec.gov/Archives/edgar/data/105770/000010577001500052/file10q22001.txt,2.0438058035714284,0.0540597098214285,0.2633231026785714,0.0697544642857142,0.6853376116071429,3.400530133928572,2.553013392857143,3.383091517857143,3.662109375,387072000.0,557772000.0,31.215483870967745,3.302662116040956,25.63390728476821,96.768,1.9952164948453608,1.9952164948453608,4.759146757679181,33.00426035502959,36.938543046357616,139.443,0.0080088458994709,0.0103339947089947,1.0824742268041236,0.3779697624190065,10.100591715976332,1.9029768467475192,0.0,4.870967741935484,0.0064587466931216,0.8064516129032258,0.1621160409556314,0.0,0.0874730021598272,0.7350993377483444,0.0947098976109215,0.0,0.0,2.0285465928789024,0.0106430215488337,0.0061143984220907,-4.331316266741071,81900000.0,146400000.0,-188000000.0,364600000.0,70200000.0,25800000.0,42200000.0,53.52389078498293,27.54672897196261,43.42289719626168,1.6814921090387374,3.267175572519084,2.072639225181598,0.0159793814432989,0.1935686383928571,2001-08-10,,bmo,,2025-04-25,2001-06-30,,6.532698412698413,72717.46031746031
2001-03-31,WST,USD,105770,2001-04-27,2001-04-27 00:00:00,2001,Q1,116200000.0,85500000.0,30700000.0,0.2641996558,0,19300000.0,0.0,19300000.0,0.0,19300000.0,104800000.0,0.0,0.0,-600000.0,10800000.0,0.0929432014,11400000.0,0.0981067126,-2900000.0,8300000.0,0.0714285714,2900000.0,5400000.0,0.0464716007,0.095,0.095,57280000,57292000,https://www.sec.gov/Archives/edgar/data/105770/000010577001500011/0000105770-01-500011-index.htm,https://www.sec.gov/Archives/edgar/data/105770/000010577001500011/file003.txt,2.028631284916201,0.0942737430167597,0.0034916201117318,-0.2112430167597765,0.6599162011173184,3.4671787709497206,2.597765363128492,3.4514664804469275,3.6504888268156415,334515200.0,505815200.0,15.486814814814814,2.878788296041308,1672.576,-27.645884297520663,1.6920343955488113,1.6920343955488113,4.35297074010327,46.83474074074074,2529.076,-41.80290909090909,0.0161427642151985,-0.0361717494451672,1.0576631259484066,0.3758763257235304,15.86111111111111,2.0023041474654377,0.0,0.037037037037037,0.00777244202954,0.4814814814814814,0.1660929432013769,0.0,0.0895200431421894,61.5,0.1058519793459552,0.0,0.0,2.7057549667687604,0.0153431267477855,0.0106614017769002,-4.2829085195530725,87000000.0,148800000.0,-183900000.0,370500000.0,65800000.0,24450000.0,42050000.0,54.75903614457832,26.73684210526316,45.36842105263158,1.6435643564356437,3.3661417322834644,1.983758700696056,0.0273141122913505,0.2147346368715083,2001-07-19,0.09,bmo,82227272.0,2025-04-25,2001-03-31,0.2222222222222222,6.166935483870968,59941.93548387097
2000-12-31,WST,USD,105770,2001-03-30,2001-03-30 00:00:00,2000,Q4,105200000.0,45800000.0,59400000.0,0.5646387833,0,16800000.0,0.0,16800000.0,37000000.0,53800000.0,99600000.0,0.0,0.0,19900000.0,5600000.0,0.0532319392,5600000.0,0.0532319392,-23400000.0,-17800000.0,-0.1692015209,-4700000.0,-13100000.0,-0.1245247148,-0.23,-0.23,57280000,57292000,https://www.sec.gov/Archives/edgar/data/105770/000010577001000008/0000105770-01-000008-index.htm,https://www.sec.gov/Archives/edgar/data/105770/000010577001000008/0000105770-01-000008-0001.txt,1.8365921787709496,-0.2287011173184357,0.2182262569832402,-0.043645251396648,0.7454608938547486,3.592877094972067,2.678072625698324,3.575418994413408,3.481145251396648,351699200.0,508399200.0,-6.71181679389313,3.343148288973384,28.135936,-140.67968,1.71728125,1.71728125,4.832692015209125,90.78557142857144,40.671936,-203.35968,-0.0372477389769439,-0.0071083471330045,0.9736328125,0.3577323286688195,27.982142857142858,2.1828499369482977,0.0,-0.9541984732824428,0.0068240132476843,-0.183206106870229,0.1596958174904943,0.0,0.0940078937926085,1.2,0.1425855513307984,0.0,0.0,,0.008555840387392,-0.0259405940594059,-4.237517458100559,93800000.0,153400000.0,-178500000.0,382000000.0,64350000.0,24600000.0,41300000.0,52.10076045627376,46.17903930131004,80.56768558951966,1.7274220032840724,1.948936170212766,1.1170731707317074,-0.06396484375,0.2618715083798882,2001-02-27,0.06,bmo,153750000.0,2025-04-25,2000-12-31,-0.3333333333333333,5.743968253968254,60330.15873015873
2000-09-30,WST,USD,105770,2000-11-13,2000-11-13 00:00:00,2000,Q3,104500000.0,79900000.0,24600000.0,0.2354066986,0,16500000.0,0.0,16500000.0,0.0,16500000.0,96400000.0,0.0,0.0,-200000.0,7900000.0,0.0755980861,8100000.0,0.0775119617,-3200000.0,5100000.0,0.0488038278,500000.0,4600000.0,0.0440191388,0.08,0.08,57348000,57348000,https://www.sec.gov/Archives/edgar/data/105770/000010577000000029/0000105770-00-000029-index.htm,https://www.sec.gov/Archives/edgar/data/105770/000010577000000029/0000105770-00-000029-0001.txt,1.8222082723024344,0.080212038780777,0.2092487968194183,-0.0139499197879612,0.7253958289739834,3.8414591616098206,2.7864964776452537,3.825765501848364,3.3566994489781683,333191880.0,484091880.0,18.108254347826087,3.188439043062201,27.76599,-416.48985,1.5186503190519598,1.5186503190519598,4.632458181818182,61.27745316455696,40.34099,-605.11485,0.0138058586541784,-0.0024010188963788,0.8773928896991796,0.342526690391459,19.10126582278481,2.3418693982074266,0.0,2.608695652173913,0.0072030566891366,0.5217391304347826,0.1578947368421052,0.0,0.1076512455516014,1.0666666666666669,0.1224880382775119,0.0,0.0,2.6276662921705727,0.0150823335114392,0.0091724825523429,-3.983573969449675,104800000.0,159800000.0,-158800000.0,401000000.0,68800000.0,24150000.0,42650000.0,58.39234449760766,28.948685857321653,46.858573216520654,1.5412979351032448,3.1089494163424125,1.9206730769230769,0.0209662716499544,0.2231987166073795,2000-10-16,0.08,bmo,105300000.0,2025-04-25,2000-09-30,0.0,5.281746031746032,91593.6507936508
2000-06-30,WST,USD,105770,2000-08-14,2000-08-14 00:00:00,2000,Q2,112700000.0,84500000.0,28200000.0,0.2502218279,0,17000000.0,0.0,17000000.0,0.0,17000000.0,101500000.0,0.0,0.0,-300000.0,10900000.0,0.0967169476,11200000.0,0.099378882,-3200000.0,8000000.0,0.0709849157,3000000.0,5000000.0,0.0443655723,0.0875,0.0875,57852000,57860000,https://www.sec.gov/Archives/edgar/data/105770/000010577000000025/0000105770-00-000025-index.htm,https://www.sec.gov/Archives/edgar/data/105770/000010577000000025/0000105770-00-000025-0001.txt,1.9480743967365,0.0864274355251331,0.235082624628362,-0.0293853280785452,0.644748669017493,3.877134757657471,2.7846919726197883,3.8633063679734496,3.189172370877411,312979320.0,460179320.0,15.648966,2.7771013309671693,23.013185294117648,-184.1054823529412,1.400354899328859,1.400354899328859,4.083223779946762,42.21828623853211,33.83671470588235,-270.6937176470588,0.0159754964002094,-0.0054316687760712,0.825503355704698,0.3319539402662828,13.504587155963304,2.056581986143187,0.0,2.72,0.0079877482001047,0.5,0.1508429458740017,0.0,0.1137099676142497,1.125,0.1357586512866015,0.0,0.0,2.740921814958771,0.0145499896071502,0.0101502233049127,-3.802807163105856,91500000.0,161100000.0,-153400000.0,387800000.0,69550000.0,22500000.0,43400000.0,55.74090505767524,24.071005917159763,46.54437869822485,1.6146131805157593,3.7389380530973457,1.9336384439359269,0.0223713646532438,0.2644679527069072,2000-07-20,0.12,bmo,151466666.0,2025-04-25,2000-06-30,-0.25,5.840952380952381,119111.11111111112
2000-03-31,WST,USD,105770,2000-05-15,2000-05-15 00:00:00,2000,Q1,107700000.0,79500000.0,28200000.0,0.2618384401,0,17400000.0,0.0,17400000.0,0.0,17400000.0,96900000.0,0.0,0.0,-100000.0,10700000.0,0.0993500464,10800000.0,0.1002785515,-3000000.0,7800000.0,0.0724233983,2700000.0,5100000.0,0.0473537604,0.0875,0.0875,58184000,58248000,https://www.sec.gov/Archives/edgar/data/105770/000010577000000021/0000105770-00-000021-index.html,https://www.sec.gov/Archives/edgar/data/105770/000010577000000021/,1.851024336587378,0.0876529630138869,0.1804619826756496,-0.0635913653238003,0.9452770521105458,3.875635913653238,2.7688024199092536,3.861886429258903,2.2463220129245154,368304720.0,444004720.0,18.054152941176472,3.4197281337047354,35.07664,-99.54181621621622,1.6390953271028037,1.6390953271028037,4.122606499535747,41.49576822429906,42.286163809523806,-120.00127567567569,0.0138472295440579,-0.0100460292770616,0.5816644414775256,0.2322316986496091,7.074766355140187,1.448689138576779,0.0,2.0588235294117645,0.0067878576196362,0.4901960784313725,0.1615598885793872,0.0,0.1144278606965174,1.3523809523809525,0.1318477251624883,0.0,0.0,2.75977901974459,0.0164489598451862,0.0102327447833065,-3.5881857555341674,59900000.0,161100000.0,-143900000.0,353000000.0,71950000.0,23950000.0,42600000.0,57.9108635097493,25.358490566037737,48.79245283018868,1.5541125541125542,3.549107142857143,1.8445475638051043,0.0226969292389853,0.24405334799945,2000-04-19,0.11,bmo,132855555.0,2025-04-25,2000-03-31,-0.1818181818181818,7.217301587301587,141409.52380952382
1999-12-31,WST,USD,105770,2000-03-30,2000-03-30 00:00:00,1999,Q4,115400000.0,43900000.0,71500000.0,0.6195840555,0,22000000.0,0.0,22000000.0,35700000.0,57700000.0,101600000.0,0.0,0.0,0.0,13800000.0,0.1195840555,13800000.0,0.1195840555,-1700000.0,12100000.0,0.1048526863,1900000.0,10200000.0,0.0883882149,0.18,0.18,58184000,58248000,https://www.sec.gov/Archives/edgar/data/105770/000010577000000008/0000105770-00-000008-index.html,https://www.sec.gov/Archives/edgar/data/105770/000010577000000008/,1.9833631238828544,0.1753059260277739,0.453732985013062,0.2199917503093634,0.7785645538292314,3.987350474357211,2.844424584078097,3.973600989962877,2.940670974838444,449762320.0,575562320.0,11.023586274509803,3.8974204506065857,17.036451515151516,35.13768125,1.94533875432526,1.94533875432526,4.987541767764298,41.70741449275362,21.80160303030303,44.96580625,0.0226786450229979,0.0284594761072915,0.7400519031141869,0.3100761145342515,9.115942028985508,1.7759615384615384,0.0,2.588235294117647,0.0068925293697346,0.3039215686274509,0.1906412478336221,0.0,0.1205146792316056,0.5151515151515151,0.1178509532062391,0.0,0.0,3.95896520914648,0.0243675279665682,0.0210179270554296,-3.394403959851505,80700000.0,165500000.0,-135100000.0,374800000.0,74750000.0,21900000.0,42050000.0,58.18024263431543,52.277904328018224,86.30979498861048,1.5469168900804289,1.7215686274509805,1.0427553444180522,0.0441176470588235,0.2337412347036986,2000-02-15,0.15,bmo,123642857.0,2025-04-25,1999-12-31,-0.0666666666666665,8.60296875,65843.75
1999-09-30,WST,USD,105770,1999-11-15,1999-11-15 00:00:00,1999,Q3,115100000.0,80800000.0,34300000.0,0.2980017376,0,19200000.0,0.0,19200000.0,0.0,19200000.0,100000000.0,0.0,0.0,-300000.0,14800000.0,0.1285838401,15100000.0,0.1311902693,-2500000.0,12600000.0,0.1094700261,4000000.0,8600000.0,0.0747176368,0.14,0.14,59310345,60350877,https://www.sec.gov/Archives/edgar/data/105770/000010577099000036/0000105770-99-000036-index.html,https://www.sec.gov/Archives/edgar/data/105770/000010577099000036/,1.9406395292423269,0.1449999995784884,0.2141279063542793,-0.0286627906143523,0.6322674400224784,3.965581383820984,2.768488364045092,3.955465104780625,2.758372085004732,562262070.6,688362070.6,16.34482763372093,4.88498758123371,44.27260398425197,-330.74239447058824,2.396684017902813,2.396684017902813,5.980556651607298,46.510950716216215,54.20173784251968,-404.91886505882354,0.0152953586053257,-0.0030235011196574,0.6973572037510657,0.3024588648548715,8.52027027027027,2.102870813397129,0.0,1.4767441860465116,0.0042684721689281,0.2790697674418604,0.1668114682884448,0.0,0.131262710297652,1.1338582677165354,0.1251086012163336,0.0,0.0,3.5923119111281405,0.0221403849760455,0.0183017663332623,-3.220770339474505,92200000.0,164200000.0,-129900000.0,385600000.0,75050000.0,19100000.0,41250000.0,58.56646394439617,20.38366336633663,46.78217821782178,1.5367156208277704,4.415300546448087,1.923809523809524,0.0366581415174765,0.2427906969686317,1999-10-20,0.15,bmo,132807692.0,2025-04-25,1999-09-30,-0.1333333333333332,9.713125,36375.0
1999-06-30,WST,USD,105770,1999-08-16,1999-08-16 00:00:00,1999,Q2,124400000.0,84600000.0,39800000.0,0.3199356913,0,19700000.0,0.0,19700000.0,0.0,19700000.0,104300000.0,0.0,0.0,300000.0,20100000.0,0.1615755627,20100000.0,0.1615755627,-3100000.0,17000000.0,0.1366559486,6600000.0,10400000.0,0.0836012862,0.18,0.17,59428571,60289855,https://www.sec.gov/Archives/edgar/data/105770/000010577099000031/0000105770-99-000031-index.html,https://www.sec.gov/Archives/edgar/data/105770/000010577099000031/,2.0932692458649225,0.1750000012620192,0.2843750020507812,-0.1817307705413276,0.6663461586515348,3.794471181210129,2.5947115571734005,3.784375027291166,2.783173096994037,582994281.51,708794281.51,14.014285613221157,4.686449208279742,34.496703047929,-53.98095199166666,2.5922378012894622,2.5922378012894622,5.697703227572347,35.26339709004975,41.94049003017752,-65.62910013981481,0.0178389399859346,-0.0185250530623167,0.7354379724321921,0.3120754716981132,6.258706467661692,2.2557544757033248,0.0,1.625,0.0041166784582926,0.2307692307692307,0.1583601286173633,0.0,0.1345283018867924,1.6390532544378698,0.222668810289389,0.0,0.0,3.860178334924169,0.0269128268510293,0.0226727708742097,-3.167668292074531,98200000.0,154200000.0,-128100000.0,384000000.0,71650000.0,19150000.0,40850000.0,54.40514469453376,21.170212765957448,43.08510638297872,1.6542553191489362,4.251256281407035,2.088888888888889,0.0462427745664739,0.4661057725921089,1999-07-22,0.17,bmo,124400000.0,2025-04-25,1999-06-30,0.0,8.596984126984127,48273.01587301587
1999-03-31,WST,USD,105770,1999-05-17,1999-05-17 00:00:00,1999,Q1,114200000.0,79800000.0,34400000.0,0.3012259194,0,17000000.0,0.0,17000000.0,0.0,17000000.0,96800000.0,0.0,0.0,-100000.0,17300000.0,0.1514886165,17400000.0,0.1523642732,-2000000.0,15400000.0,0.1348511384,5900000.0,9500000.0,0.0831873905,0.16,0.16,60317460,60317460,https://www.sec.gov/Archives/edgar/data/105770/000010577099000023/0000105770-99-000023-index.html,https://www.sec.gov/Archives/edgar/data/105770/,1.893315799438504,0.1575000008289473,0.2221578959060942,0.0945000004973684,0.5471052660373962,3.776684230403601,2.8134473832286706,3.768394756675762,2.326026328031717,480730156.2,588030156.2,12.650793584210524,4.209546026269702,35.87538479104477,84.33862389473684,2.1149588922129343,2.1149588922129343,5.149125711033276,33.99018243930636,43.882847477611946,103.16318529824562,0.0197616061265931,0.0118569636759558,0.6172459304883414,0.2804317409554267,6.202312138728324,2.4038461538461537,0.0,1.4105263157894736,0.0049924057582972,0.2526315789473684,0.148861646234676,0.0,0.1161303218069158,0.5746268656716418,0.0674255691768826,0.0,0.0,3.6543465885511264,0.0247664195518371,0.0214834916327453,-2.7823618567492727,94900000.0,169700000.0,-110000000.0,365900000.0,66250000.0,19600000.0,42350000.0,53.66900175131348,20.75187969924812,46.46616541353384,1.6769456681350954,4.336956521739131,1.9368932038834952,0.0417949846018477,0.1276578954087257,1999-05-17,,bmo,,2025-04-25,1999-03-31,,8.580655737704918,60714.75409836065
1998-12-31,WST,USD,105770,1999-05-06,1999-05-06 00:00:00,1998,Q4,114800000.0,46800000.0,68000000.0,0.5923344948,0,18000000.0,0.0,18000000.0,4100000.0,22100000.0,68900000.0,0.0,0.0,27700000.0,45900000.0,0.399825784,45900000.0,0.399825784,-30000000.0,15900000.0,0.1385017422,5900000.0,10000000.0,0.0871080139,0.17,0.17,60317460,60317460,https://www.sec.gov/Archives/edgar/data/105770/000010577099000016/0000105770-99-000016-index.html,https://www.sec.gov/Archives/edgar/data/105770/,1.9032631679119112,0.1657894745567867,0.4675263182501385,-0.0182368422012465,0.5189210553627424,3.8247631780250697,2.810131593737535,3.814815809551662,2.3392894859962605,538031743.2,647831743.2,13.45079358,4.686687658536586,19.07913982978723,-489.1197665454546,2.338251817470665,2.338251817470665,5.643133651567945,14.113981333333337,22.97275685106383,-588.9379483636365,0.0185862639637653,-0.0020444890360141,0.6132116471099522,0.2790743670886076,2.392156862745098,1.5326295585412668,0.0,2.82,0.0035313901531154,0.19,0.156794425087108,0.0,0.1210443037974683,1.0390070921985817,0.2552264808362369,0.0,0.0,3.772302604964386,0.0659838274932614,0.0225022502250225,-2.877276330933033,55500000.0,169500000.0,-115200000.0,337000000.0,67800000.0,18500000.0,44150000.0,50.487804878048784,40.0,83.65384615384616,1.7826086956521738,2.25,1.0758620689655172,0.0434593654932638,0.485763160451385,1999-04-21,0.14,bmo,99925000.0,2025-04-25,1998-12-31,0.1428571428571427,7.67234375,78793.75
1998-09-30,WST,USD,105770,1998-11-16,1998-11-16 00:00:00,1998,Q3,113900000.0,80500000.0,33400000.0,0.2932396839,0,17300000.0,0.0,17300000.0,0.0,17300000.0,97800000.0,0.0,0.0,3700000.0,16100000.0,0.1413520632,16100000.0,0.1413520632,-5500000.0,10600000.0,0.0930640913,4100000.0,6500000.0,0.0570676032,0.095,0.095,68421053,68421053,https://www.sec.gov/Archives/edgar/data/105770/000010577098000033/0000105770-98-000033-index.html,https://www.sec.gov/Archives/edgar/data/105770/,1.66469229872858,0.0949999994884615,0.3873076902221893,0.068692307322426,0.7307692268343196,4.0835384395501775,2.515307678763728,4.0835384395501775,1.6471538372845562,491947371.07000005,554647371.07,18.92105273346154,4.319116515100967,18.56405173849057,104.66965341914894,1.7607278850035792,1.7607278850035792,4.869599394820018,34.45014727142858,20.930089474339624,118.01007895106385,0.0132127954782283,0.009553867499642,0.4033643521832498,0.2160245351734713,3.8944099378881982,2.036065573770492,0.0,4.076923076923077,0.0050818444147031,0.3846153846153846,0.1518876207199297,0.0,0.2056737588652482,0.8226415094339623,0.1913959613696224,0.0,0.0,2.954414217326093,0.022037146226415,0.0156853281853281,-1.7026922985239643,94800000.0,172100000.0,-56000000.0,415900000.0,70500000.0,15950000.0,43800000.0,56.25987708516242,18.111801242236023,50.086956521739125,1.5997191011235956,4.969135802469136,1.796875,0.0232641374373657,0.3186153828997633,1998-11-16,,bmo,,2025-04-25,1998-09-30,,7.0609375,80131.25
1998-06-30,WST,USD,105770,1998-08-14,1998-08-14 00:00:00,1998,Q2,115800000.0,81000000.0,34800000.0,0.3005181347,0,18400000.0,0.0,18400000.0,0.0,18400000.0,99400000.0,0.0,0.0,-1300000.0,15100000.0,0.1303972366,16400000.0,0.1416234888,-700000.0,15700000.0,0.1355785838,5800000.0,9900000.0,0.085492228,0.14,0.14,68275862,68275862,https://www.sec.gov/Archives/edgar/data/105770/000010577098000025/0000105770-98-000025-index.html,https://www.sec.gov/Archives/edgar/data/105770/,1.6960606077737983,0.1450000001464646,0.1157070708239465,-0.0468686869160289,0.7118181825371901,3.972121216133456,3.090404043525661,3.972121216133456,1.6345454561965105,483393102.96,546393102.96,12.20689653939394,4.17437912746114,61.189000374683545,-151.06034467499998,1.7824229460176992,1.7824229460176992,4.718420578238343,36.18497370596027,69.16368391898735,-170.747844675,0.0204802260093876,-0.0066198710333374,0.411504424778761,0.2247734138972809,4.172185430463577,2.418882978723404,0.0,0.797979797979798,0.0051717742447948,0.2525252525252525,0.158894645941278,0.0,0.1212487411883182,1.4050632911392404,0.0958549222797927,0.0,0.0,3.599867425437407,0.023626687854433,0.0226908090763236,-1.5078535368766195,106700000.0,211000000.0,-43400000.0,372500000.0,69900000.0,17150000.0,43000000.0,54.24870466321243,17.444444444444443,47.55555555555556,1.659025787965616,5.159235668789809,1.8925233644859816,0.036504424778761,0.1625757577399755,1998-08-14,,bmo,,2025-04-25,1998-06-30,,7.559047619047619,104463.49206349206
1998-03-31,WST,USD,105770,1998-05-15,1998-05-15 00:00:00,1998,Q1,105200000.0,73900000.0,31300000.0,0.2975285171,28200000,16800000.0,0.0,16800000.0,0.0,45000000.0,118900000.0,0.0,0.0,-600000.0,-14300000.0,-0.1359315589,-13700000.0,-0.1302281369,-600000.0,-14300000.0,-0.1359315589,5400000.0,-19700000.0,-0.1872623574,-0.3,-0.3,66218487,66218487,https://www.sec.gov/Archives/edgar/data/105770/000010577098000017/0000105770-98-000017-index.html,https://www.sec.gov/Archives/edgar/data/105770/,1.588680212521316,-0.2975000017744289,0.1268527926347818,-0.0921192898895439,1.0027411227320853,3.9883122065292738,2.5853807260803165,3.9883122065292738,1.899771584935186,498625207.11,558025207.11,-6.327731054695432,4.739783337547529,59.36014370357143,-81.74183723114754,1.8880166872775463,1.8880166872775463,5.304422120817491,-39.02274175594405,66.43157227500001,-91.47954214918032,-0.0395086323737621,-0.0122336374355304,0.4763347216963271,0.2474429583005507,-4.153846153846154,1.9054441260744983,0.0,-0.4263959390862944,0.0050137858342337,-0.1269035532994923,0.1596958174904943,0.2680608365019011,0.1827301337529504,1.7261904761904765,0.1378326996197718,0.0,0.0,,-0.0424503521669513,-0.0474127557160048,-1.567538080415519,94800000.0,171200000.0,-44800000.0,389300000.0,65200000.0,18600000.0,40750000.0,59.88593155893536,22.652232746955345,52.61163734776725,1.502857142857143,3.973118279569893,1.710648148148148,-0.0745929572131768,0.2189720825243258,1998-05-15,,bmo,,2025-04-25,1998-03-31,,7.646885245901639,63311.47540983607
1997-12-31,WST,USD,105770,1998-04-01,1998-04-01 00:00:00,1997,Q4,109500000.0,43700000.0,65800000.0,0.600913242,0,16800000.0,0.0,16800000.0,31900000.0,48700000.0,92400000.0,0.0,0.0,400000.0,17100000.0,0.1561643836,17100000.0,0.1561643836,-1900000.0,15200000.0,0.1388127854,6600000.0,8600000.0,0.0785388128,0.13,0.13,65627650,66218487,https://www.sec.gov/Archives/edgar/data/105770/000095011598000641/0000950115-98-000641-index.html,https://www.sec.gov/Archives/edgar/data/105770/,1.6685040527887254,0.131042327433635,0.1691360272689941,0.0030474959868287,0.7969202005557109,4.237543169685338,3.451289205083528,4.231448177711681,1.3561357141387815,488269716.0,524969716.0,14.193887093023257,4.459084164383562,43.98826270270271,2441.34858,1.75826329132157,1.75826329132157,4.79424398173516,30.699983391812864,47.29456900900901,2624.84858,0.0176132160529079,0.000409609675649,0.3204897371263954,0.1862314291692823,2.146198830409357,2.943103448275862,0.0,1.2906976744186047,0.0051201209456127,0.2906976744186046,0.1534246575342465,0.0,0.1079723791588198,0.981981981981982,0.0995433789954337,0.0,0.0,3.5321697859104155,0.0229537366548042,0.0201735866760497,-1.265472708530627,112700000.0,226500000.0,-29100000.0,366500000.0,61400000.0,17650000.0,38950000.0,49.64383561643835,38.306636155606405,78.8787185354691,1.812913907284768,2.349462365591398,1.1409921671018275,0.0309686712279438,0.1660885312821653,1998-04-01,,bmo,,2025-04-25,1997-12-31,,8.10671875,92643.75
1997-09-30,WST,USD,105770,1997-11-14,1997-11-14 00:00:00,1997,Q3,105200000.0,76000000.0,29200000.0,0.2775665399,0,16300000.0,0.0,16300000.0,0.0,16300000.0,92300000.0,0.0,0.0,-1200000.0,11700000.0,0.11121673,12900000.0,0.1226235741,0.0,12700000.0,0.1207224335,-4600000.0,17300000.0,0.1644486692,0.26,0.26,65904762,65904762,https://www.sec.gov/Archives/edgar/data/105770/000010577097000031/0000105770-97-000031-index.html,https://www.sec.gov/Archives/edgar/data/105770/,1.5962427722597647,0.2624999996206647,0.3292630053045332,0.1987716760133357,0.8057080913212311,4.17572253731832,3.3776011511884376,4.169653173165241,1.3716762985958435,543714286.5,581014286.5,7.85714286849711,5.168386753802281,25.055957903225806,41.50490736641221,1.97858182860262,1.97858182860262,5.522949491444867,49.65934072649573,26.7748519124424,44.35223561068703,0.0318181817722017,0.0240935364864649,0.3289665211062591,0.1860848085631947,3.1880341880341883,2.6295180722891565,0.0,1.254335260115607,0.0042301628945701,0.1329479768786127,0.1549429657794676,0.0,0.1082750102923013,0.3963133640552995,0.0817490494296578,0.0,0.0,4.962561235734934,0.041660599679663,0.0399353647276084,-1.3792630037871922,108200000.0,222600000.0,-36000000.0,360700000.0,66600000.0,19150000.0,39850000.0,53.384030418250944,19.77631578947368,46.89473684210526,1.685897435897436,4.550898203592815,1.9191919191919191,0.0629548762736535,0.1304913292911975,1997-11-14,,bmo,,2025-04-25,1997-09-30,,7.7075,102006.25
1997-06-30,WST,USD,105770,1997-08-14,1997-08-14 00:00:00,1997,Q2,123100000.0,86800000.0,36300000.0,0.2948822096,0,19100000.0,0.0,19100000.0,0.0,19100000.0,105900000.0,0.0,0.0,-500000.0,16700000.0,0.1356620634,17200000.0,0.1397238018,-900000.0,16300000.0,0.1324126726,6200000.0,10100000.0,0.0820471162,0.15,0.15,66229508,66229508,https://www.sec.gov/Archives/edgar/data/105770/000010577097000024/0000105770-97-000024-index.html,https://www.sec.gov/Archives/edgar/data/105770/,1.858688124332737,0.1525000004529703,0.3608663377055436,0.2310148521713312,0.6250990117577199,3.92272278392888,3.108886147848177,3.916683179950544,1.3740099050713166,474203277.28,523803277.28,11.737704883168318,3.8521793442729497,19.84114130878661,30.993678253594773,1.828077398920586,1.828077398920586,4.255103795938262,31.365465705389223,21.91645511631799,34.23550831895425,0.0212988827448282,0.0322646441580071,0.3508095605242868,0.1913372582001682,2.970059880239521,2.6121495327102804,0.0,2.366336633663366,0.0048502406250598,0.2277227722772277,0.1551584077985377,0.0,0.1133305298570227,0.3598326359832636,0.0698619008935824,0.0,0.0,3.665940425201081,0.0257867619444869,0.0239506758359023,-1.5287747570161627,103500000.0,205900000.0,-48100000.0,358800000.0,73800000.0,21600000.0,41900000.0,51.762794476035744,22.3963133640553,41.57834101382488,1.7387005649717515,4.018518518518518,2.1645885286783044,0.0389360061680801,0.1298514855342123,1997-07-17,0.16,bmo,131306666.0,2025-04-25,1997-06-30,-0.0625,7.0953125,67650.0
1997-03-31,WST,USD,105770,1997-05-15,1997-05-15 00:00:00,1997,Q1,114700000.0,82000000.0,32700000.0,0.2850915432,0,18000000.0,0.0,18000000.0,0.0,18000000.0,100000000.0,0.0,0.0,-300000.0,14400000.0,0.1255448997,14700000.0,0.1281604185,-1100000.0,13600000.0,0.1185701831,5200000.0,8400000.0,0.0732345248,0.13,0.13,65882353,65882353,https://www.sec.gov/Archives/edgar/data/105770/000010577097000016/0000105770-97-000016-index.html,https://www.sec.gov/Archives/edgar/data/105770/,1.7409821413026945,0.1274999998861607,0.1669642855652104,0.0713392856505899,0.4386607138940529,3.850803567990354,2.577321426270249,3.846249996565848,1.4100892844552777,446682353.34,510682353.34,13.294117658928574,3.894353560069747,40.60748666727273,95.03879858297871,1.7627559326756117,1.7627559326756117,4.452330892240628,35.46405231527778,46.42566848545455,108.65581985957448,0.0188053097177228,0.0105220185325353,0.3666140489344909,0.1949632738719832,4.444444444444445,2.400286944045911,0.0,1.3095238095238095,0.0051490728989002,0.2738095238095238,0.1569311246730601,0.0,0.1760755508919202,0.5727272727272728,0.054925893635571,0.0,0.0,3.321735941912986,0.0221936244554042,0.021395822720326,-1.7371874984489395,97600000.0,169800000.0,-55500000.0,383800000.0,73050000.0,22750000.0,43850000.0,60.2615518744551,23.70731707317073,47.96341463414634,1.4934895833333333,3.796296296296296,1.8764302059496567,0.0331491712707182,0.0956249999146205,1997-04-17,0.14,bmo,123523076.0,2025-04-25,1997-03-31,-0.0714285714285714,6.9598360655737705,46675.40983606558
1996-12-31,WST,USD,105770,1997-03-31,1997-03-31 00:00:00,1996,Q4,114600000.0,50600000.0,64000000.0,0.5584642234,0,17500000.0,0.0,17500000.0,30700000.0,48200000.0,98800000.0,0.0,0.0,-500000.0,15300000.0,0.1335078534,15800000.0,0.1378708551,-1000000.0,14800000.0,0.1291448517,4900000.0,9900000.0,0.0863874346,0.15,0.15,65882353,65882353,https://www.sec.gov/Archives/edgar/data/105770/000010577097000011/0000105770-97-000011-index.html,https://www.sec.gov/Archives/edgar/data/105770/,1.7394642841611927,0.1502678570086894,0.2534821426308195,0.1457142855841836,0.4158928567715242,3.8295535680093273,2.9355357116647003,3.824999996584822,1.4935714272378826,465129412.18,536129412.18,11.745692226767677,4.058720874171029,27.852060609580835,48.45098043541666,1.8457516356349208,1.8457516356349208,4.678267121989529,35.041138050980386,32.10355761556886,55.84681376875,0.0212843990097293,0.0206394172215557,0.3904761904761905,0.2061164641809803,4.640522875816994,2.388719512195122,0.0,1.6868686868686869,0.0077397814580834,0.3636363636363636,0.1527050610820244,0.0,0.1233766233766233,0.4251497005988024,0.0619546247818499,0.0,0.0,3.5961684376935854,0.025485697899491,0.0236559139784946,-1.877968748323242,91100000.0,193400000.0,-68400000.0,360300000.0,69000000.0,23600000.0,44550000.0,54.42408376963351,42.5098814229249,78.26086956521739,1.6536796536796536,2.1171548117154813,1.15,0.0392857142857142,0.1077678570466358,1997-02-18,0.13,bmo,99320000.0,2025-04-25,1996-12-31,0.1538461538461537,6.88140625,33650.0
1996-09-30,WST,USD,105770,1996-11-14,1996-11-14 00:00:00,1996,Q3,111300000.0,81700000.0,29600000.0,0.2659478886,0,18100000.0,0.0,18100000.0,0.0,18100000.0,99800000.0,0.0,0.0,-800000.0,10700000.0,0.0961365678,11500000.0,0.1033243486,-1200000.0,10300000.0,0.0925426774,3700000.0,6600000.0,0.0592991914,0.1,0.1,66000000,66000000,https://www.sec.gov/Archives/edgar/data/105770/000010577096000038/0000105770-96-000038-index.html,https://www.sec.gov/Archives/edgar/data/105770/,1.6863636363636365,0.1,0.3651515151515151,0.253030303030303,0.3348484848484848,3.698484848484848,2.415151515151515,3.693939393939394,1.6348484848484848,427020000.0,512820000.0,16.174999999999997,3.836657681940701,17.718672199170122,25.570059880239523,1.7515176374077113,1.7515176374077113,4.607547169811321,47.92710280373832,21.27883817427385,30.707784431137725,0.0154559505409582,0.0391082384900004,0.4425758818703855,0.2305555555555555,8.018691588785046,1.9772423025435075,0.0,3.651515151515152,0.0049178024448503,0.3181818181818182,0.1626235399820305,0.0,0.1809829059829059,0.3070539419087137,0.0664869721473495,0.0,0.0,2.882943571484471,0.0181411423900417,0.0172188885990086,-1.9352272727272728,73000000.0,159400000.0,-76200000.0,368900000.0,70450000.0,23400000.0,47150000.0,55.55256064690027,25.667074663402698,49.68176254589964,1.6200873362445414,3.506437768240344,1.811529933481153,0.0270713699753896,0.1121212121212121,1996-10-16,0.09,bmo,100169999.0,2025-04-25,1996-09-30,0.1111111111111112,6.36015625,55587.5
1996-06-30,WST,USD,105770,1996-08-14,1996-08-14 00:00:00,1996,Q2,119000000.0,87100000.0,31900000.0,0.2680672269,0,18100000.0,0.0,18100000.0,0.0,18100000.0,105200000.0,0.0,0.0,-800000.0,13000000.0,0.1092436975,13800000.0,0.1159663866,-1100000.0,12700000.0,0.1067226891,4600000.0,8100000.0,0.0680672269,0.13,0.12,64800000,66122449,https://www.sec.gov/Archives/edgar/data/105770/000010577096000024/0000105770-96-000024-index.html,https://www.sec.gov/Archives/edgar/data/105770/,1.83641975308642,0.125,0.1790123456790123,0.0462962962962962,0.2314814814814814,3.671296296296296,2.364197530864198,3.66820987654321,1.7901234567901234,453600000.0,554600000.0,14.0,3.8117647058823527,39.10344827586207,151.2,1.908287757677745,1.908287757677745,4.660504201680673,42.66153846153846,47.810344827586206,184.86666666666667,0.0178571428571428,0.0066137566137566,0.4880100967606226,0.2481814291827128,7.769230769230769,2.199115044247788,0.0,1.432098765432099,0.0046296296296296,0.2592592592592592,0.1521008403361344,0.0,0.1812152332049636,0.7413793103448276,0.0722689075630252,0.0,0.0,3.211983853909882,0.0215355390338869,0.0211654037104781,-2.094907407407407,81300000.0,153200000.0,-80400000.0,377200000.0,71000000.0,23050000.0,49800000.0,54.60504201680672,24.282433983926524,50.83811710677382,1.6481994459833795,3.706382978723404,1.7703252032520325,0.0340765671013883,0.132716049382716,1996-07-18,0.12,bmo,109846153.0,2025-04-25,1996-06-30,0.0833333333333334,6.092539682539682,81822.22222222222
1996-03-31,WST,USD,105770,1996-05-15,1996-05-15 00:00:00,1996,Q1,113900000.0,82600000.0,31300000.0,0.2748024583,0,19100000.0,0.0,19100000.0,0.0,19100000.0,101700000.0,0.0,0.0,21200000.0,12200000.0,0.1071115013,12200000.0,0.1071115013,-22800000.0,-10600000.0,-0.0930640913,-2400000.0,-8200000.0,-0.0719929763,-0.12,-0.12,66938776,66938776,https://www.sec.gov/Archives/edgar/data/105770/000010577096000018/0000105770-96-000018-index.html,https://www.sec.gov/Archives/edgar/data/105770/,1.701554865598379,-0.1224999991036585,0.1643292670902736,0.0358536582742415,0.2121341447892623,3.6167377784141137,2.337957299966166,3.613749973557927,1.6193902320532425,388914288.56,483114288.56,-11.85714294390244,3.414524043546971,35.35584441454545,162.04762023333333,1.6077481957833817,1.6077481957833817,4.241565307813872,39.59953184918033,43.91948077818182,201.29762023333333,-0.0210843371951219,0.0061710255205234,0.448119057461761,0.2307856078347881,7.721311475409836,2.051490514905149,0.0,-1.3414634146341464,0.0056567733938132,-0.2682926829268293,0.1676909569798068,0.0,0.182243985522674,0.7818181818181819,0.0755048287971905,0.0,0.0,,0.0232227752191353,-0.0213486071335589,-2.02946644856488,77600000.0,156500000.0,-76200000.0,374700000.0,68850000.0,22550000.0,49350000.0,55.15364354697103,24.624697336561745,54.91525423728814,1.6318051575931232,3.654867256637168,1.6388888888888888,-0.0338983050847457,0.1284756088160321,1996-04-18,0.11,bmo,125289999.0,2025-04-25,1996-03-31,-0.0909090909090908,5.898412698412699,77498.41269841269
1995-12-31,WST,USD,105770,1996-03-29,1996-03-29 00:00:00,1995,Q4,107600000.0,48900000.0,58700000.0,0.5455390335,0,18000000.0,0.0,18000000.0,29600000.0,47600000.0,96500000.0,0.0,0.0,-300000.0,10800000.0,0.1003717472,11100000.0,0.1031598513,-1600000.0,9500000.0,0.0882899628,1600000.0,7900000.0,0.0734200743,0.12,0.12,66816762,66938776,https://www.sec.gov/Archives/edgar/data/105770/000010577096000012/0000105770-96-000012-index.html,https://www.sec.gov/Archives/edgar/data/105770/,1.6103743548662235,0.1182338048647134,0.1960585878136387,0.1002742395688076,0.2604136967906346,3.805931212290712,2.863054034255656,3.802937951408061,1.7106485944350311,392882560.56,489782560.56,12.43299242278481,3.651324912267658,29.991035157251908,58.63918814328358,1.5461730049586777,1.5461730049586777,4.551882533085502,45.35023708888889,37.38798172213741,73.10187471044776,0.0201077899429784,0.0170534421035387,0.4498229043683589,0.2380754009581337,8.972222222222221,2.401294498381877,0.0,1.6582278481012658,0.0055996377056395,0.2784810126582278,0.1672862453531598,0.0,0.131222661945428,0.4885496183206106,0.0594795539033457,0.0,0.0,3.1806926969351124,0.0215616125106037,0.0189403020858307,-1.995382535897205,86600000.0,191300000.0,-77400000.0,378900000.0,66850000.0,21150000.0,49400000.0,56.79368029739777,41.41104294478527,88.89570552147238,1.584683357879234,2.1733333333333333,1.0124223602484472,0.0310901219992129,0.0957843482448311,1996-02-15,0.12,bmo,107600000.0,2025-04-25,1995-12-31,0.0,6.213492063492064,143803.17460317462
1995-09-30,WST,USD,105770,1995-11-14,1995-11-14 00:00:00,1995,Q3,101100000.0,76400000.0,24700000.0,0.2443125618,0,16600000.0,0.0,16600000.0,0.0,16600000.0,93000000.0,0.0,0.0,-600000.0,7500000.0,0.0741839763,8100000.0,0.0801186944,-1700000.0,6400000.0,0.0633036597,2500000.0,3900000.0,0.0385756677,0.06,0.06,65000000,65000000,https://www.sec.gov/Archives/edgar/data/105770/000010577095000031/0000105770-95-000031-index.html,https://www.sec.gov/Archives/edgar/data/105770/,1.5553846153846154,0.06,0.2646153846153846,0.1092307692307692,0.2661538461538461,3.8892307692307697,2.812307692307692,3.8461538461538463,1.8415384615384616,456950000.0,559350000.0,29.291666666666668,4.519782393669634,26.56686046511628,64.35915492957747,1.8278,1.8278,5.532640949554896,74.58,32.520348837209305,78.78169014084507,0.0085348506401137,0.0155378050114892,0.4788,0.2505756751099016,13.653333333333334,2.493569131832797,0.0,4.410256410256411,0.0043768464821096,0.5128205128205128,0.1641938674579624,0.0,0.1465354825204103,0.5872093023255814,0.0999010880316518,0.0,0.0,2.27866357593825,0.0114869385617872,0.0095658572479764,-2.046153846153846,92900000.0,182800000.0,-69800000.0,394500000.0,66000000.0,19500000.0,51200000.0,58.575667655786354,23.324607329842937,59.48952879581152,1.5364741641337385,3.8585858585858586,1.5128712871287129,0.0156,0.1553846153846153,1995-10-19,0.08,bmo,134800000.0,2025-04-25,1995-09-30,-0.25,7.341111111111111,33225.39682539683
1995-06-30,WST,USD,105770,1995-08-14,1995-08-14 00:00:00,1995,Q2,109000000.0,77100000.0,31900000.0,0.2926605505,0,18100000.0,0.0,18100000.0,0.0,18100000.0,95200000.0,0.0,0.0,-1900000.0,11900000.0,0.1091743119,13800000.0,0.1266055046,-400000.0,13400000.0,0.1229357798,4700000.0,8700000.0,0.0798165138,0.13,0.13,66923077,66923077,https://www.sec.gov/Archives/edgar/data/105770/000010577095000018/0000105770-95-000018-index.html,https://www.sec.gov/Archives/edgar/data/105770/,1.628735630311798,0.1299999998505747,0.1314942527224204,0.0134482758466111,0.22862068939239,3.7625287313074383,2.662758617629013,3.722183903767605,1.857356319704188,468461539.0,577461539.0,13.461538477011496,4.29781228440367,53.23426579545454,520.5128211111111,1.88061637494982,1.88061637494982,5.29781228440367,48.52617974789916,65.62062943181819,641.6239322222223,0.0185714285500821,0.0019211822638015,0.4989963869931754,0.2562358276643991,9.159663865546218,1.664179104477612,0.0,1.011494252873563,0.0040558292235811,0.2183908045977011,0.1660550458715596,0.0,0.1517212945784374,0.8977272727272727,0.0724770642201834,0.0,0.0,3.299604204447255,0.0206682848732117,0.021142162818955,-2.1278160895082574,62300000.0,178200000.0,-77200000.0,366400000.0,62600000.0,18100000.0,49050000.0,54.6605504587156,22.412451361867703,60.58365758754864,1.646525679758308,4.015625,1.4855491329479769,0.0349257326374949,0.1180459768758092,1995-07-20,0.13,bmo,109000000.0,2025-04-25,1995-06-30,0.0,6.966031746031747,46095.23809523809
1995-03-31,WST,USD,105770,1995-05-15,1995-05-15 00:00:00,1995,Q1,95200000.0,63100000.0,32100000.0,0.3371848739,0,16800000.0,0.0,16800000.0,0.0,16800000.0,79900000.0,0.0,0.0,400000.0,15300000.0,0.1607142857,15300000.0,0.1607142857,-2000000.0,13300000.0,0.1397058824,5100000.0,8200000.0,0.0861344538,0.13,0.13,65600000,65600000,https://www.sec.gov/Archives/edgar/data/105770/000010577095000011/0000105770-95-000011-index.html,https://www.sec.gov/Archives/edgar/data/105770/,1.451219512195122,0.125,0.1067073170731707,0.0015243902439024,0.4405487804878049,3.6859756097560976,2.8963414634146343,3.650914634146341,1.2926829268292683,418528000.0,474428000.0,12.76,4.396302521008403,59.78971428571429,4185.28,1.7475073068893527,1.7475073068893527,4.983487394957983,31.008366013071896,67.77542857142858,4744.28,0.0195924764890282,0.0002389326401101,0.3540709812108559,0.2011385199240986,3.65359477124183,2.505942275042445,0.0,0.8536585365853658,0.004778652802202,0.2439024390243902,0.1764705882352941,0.0,0.1228652751423149,0.9857142857142858,0.0724789915966386,0.0,0.0,3.204402816210313,0.0251213920286735,0.0221741481882098,-1.273628048780488,88700000.0,190000000.0,-32200000.0,340800000.0,58400000.0,18150000.0,42150000.0,55.77731092436975,24.247226624405705,65.89540412044374,1.6135593220338984,3.711764705882353,1.3658008658008658,0.0342379958246346,0.1051829268292682,1995-04-20,0.12,bmo,87876923.0,2025-04-25,1995-03-31,0.0833333333333334,6.550793650793651,45219.04761904762
1994-12-31,WST,USD,105770,1995-03-30,1995-03-30 00:00:00,1994,Q4,99100000.0,44000000.0,55100000.0,0.5560040363,0,21000000.0,0.0,21000000.0,23100000.0,44100000.0,88100000.0,0.0,0.0,1100000.0,11000000.0,0.1109989909,11000000.0,0.1109989909,-2500000.0,8500000.0,0.0857719475,1300000.0,7200000.0,0.072653885,0.11,0.11,65435429,65600000,https://www.sec.gov/Archives/edgar/data/105770/000095011595000063/0000950115-95-000063-index.html,https://www.sec.gov/Archives/edgar/data/105770/,1.5144700892845069,0.1100321356493284,0.261326322167155,0.1222579284992538,0.415676956897463,3.502689651503622,2.984621679488034,3.473653393485049,0.8833135334071088,450195751.52,480795751.52,15.631796927777778,4.5428431031281535,26.32723693099415,56.27446894,1.9806236318521773,1.9806236318521773,4.851622114228053,43.70870468363636,28.11671061520468,60.09946894,0.0159930429722861,0.0177700477469845,0.2542894852617686,0.1454453950679416,2.7818181818181817,1.5840092699884123,0.0,2.375,0.0042203863399088,0.2638888888888889,0.2119071644803229,0.0,0.0853044791142425,0.5321637426900585,0.0918264379414732,0.0,0.0,2.9325422045199425,0.0279809220985691,0.0198074277854195,-1.2011841475051688,50400000.0,195300000.0,-31500000.0,276500000.0,55850000.0,16700000.0,37900000.0,52.49243188698285,39.47727272727273,77.93181818181819,1.7145328719723183,2.2797927461139897,1.1548556430446195,0.0316761988561372,0.1390683936679012,1995-02-16,0.11,bmo,,2025-04-25,1994-12-31,0.0,6.814444444444445,45377.77777777778
1994-09-30,WST,USD,105770,1994-11-14,1994-11-14 00:00:00,1994,Q3,87400000.0,62000000.0,25400000.0,0.290617849,0,15600000.0,0.0,15600000.0,0.0,15600000.0,77600000.0,0.0,0.0,-200000.0,9600000.0,0.1098398169,9800000.0,0.1121281465,-1000000.0,8800000.0,0.1006864989,3200000.0,5600000.0,0.0640732265,0.0875,0.0875,64000000,64000000,https://www.sec.gov/Archives/edgar/data/105770/000010577094000019/0000105770-94-000019-index.html,https://www.sec.gov/Archives/edgar/data/105770/,1.365625,0.0875,0.2421875,0.1328125,0.240625,3.521875,3.009375,3.2921875,0.7859375,408320000.0,443220000.0,18.228571428571428,4.671853546910755,26.343225806451613,48.03764705882353,1.937921214997627,1.937921214997627,5.07116704805492,46.16875,28.59483870967742,52.1435294117647,0.0137147335423197,0.0208170062695924,0.2387280493592786,0.1383007973604619,3.6354166666666665,1.6299319727891155,0.0,2.767857142857143,0.0044083072100313,0.3214285714285714,0.1784897025171624,0.0,0.0901842177618916,0.4516129032258064,0.080091533180778,0.0,0.0,2.545877872291795,0.0196544709623814,0.0169235418555454,-0.994140625,46300000.0,192600000.0,-18500000.0,268000000.0,54400000.0,14650000.0,37900000.0,55.50343249427917,20.467741935483872,54.7258064516129,1.6215213358070502,4.397163120567376,1.6445623342175066,0.0265780730897009,0.109375,1994-11-14,,bmo,,2025-04-25,1994-09-30,,6.0709375,52856.25
1994-06-30,WST,USD,105770,1994-08-12,1994-08-12 00:00:00,1994,Q2,91500000.0,61700000.0,29800000.0,0.3256830601,0,16900000.0,0.0,16900000.0,0.0,16900000.0,78600000.0,0.0,0.0,-100000.0,12800000.0,0.1398907104,12900000.0,0.1409836066,-1200000.0,11700000.0,0.1278688525,4200000.0,7500000.0,0.0819672131,0.12,0.12,63829787,63829787,https://www.sec.gov/Archives/edgar/data/105770/000010577094000008/0000105770-94-000008-index.html,https://www.sec.gov/Archives/edgar/data/105770/,1.4335000052561666,0.1175000004308333,0.1598000005859333,0.0564000002068,0.1378666671721777,3.407500012494167,2.921833344046722,3.1928666783738446,0.7347666693608111,345319147.67,383419147.67,11.510638255666668,3.773979755956285,33.854818399019614,95.92198546388887,1.6944020984789008,1.6944020984789008,4.190373198579235,29.954620911718752,37.59011251666667,106.50531879722224,0.021719038896642,0.0104251386703881,0.2301275760549558,0.1333522888825703,2.9765625,1.6950146627565983,0.0,1.36,0.0049229821499055,0.2266666666666666,0.1846994535519125,0.0,0.088143303952232,0.6470588235294118,0.0721311475409836,0.0,0.0,2.9053642305056524,0.0271656726978671,0.0233863423760523,-1.0210750037439418,47400000.0,186500000.0,-18600000.0,264500000.0,53200000.0,14750000.0,37300000.0,54.0,22.17179902755268,55.575364667747166,1.6666666666666667,4.059210526315789,1.6194225721784776,0.0368007850834151,0.1034000003791333,1994-10-20,0.09,bmo,,2025-04-25,1994-06-30,0.0,5.708387096774194,37890.32258064516
1994-03-31,WST,USD,105770,1994-05-13,1994-05-13 00:00:00,1994,Q1,87100000.0,58200000.0,28900000.0,0.3318025258,0,0.0,0.0,15500000.0,0.0,15500000.0,73700000.0,0.0,0.0,600000.0,13400000.0,0.1538461538,13400000.0,0.1538461538,-1700000.0,11700000.0,0.1343283582,4700000.0,7000000.0,0.0803673938,0.11,0.11,63636364,63636364,https://www.sec.gov/Archives/edgar/data/105770/000010577094000004/0000105770-94-000004-index.html,https://www.sec.gov/Archives/edgar/data/105770/,1.3687142778930612,0.1099999993714285,0.1099999993714285,0.0408571426236734,0.1084285708089796,3.2669999813314288,2.830142840970612,3.0768571252751022,0.5688571396065306,393909093.16,423209093.16,14.06818189857143,4.522492458783009,56.27272759428572,151.5034973692308,2.0117931213483145,2.0117931213483145,4.858887407118255,31.58276814626866,60.45844188,162.77272813846156,0.0177705976367412,0.0066005076936467,0.1848825331971399,0.110906862745098,2.1865671641791047,1.945652173913044,0.0,1.0,0.0045695822494477,0.2571428571428571,0.0,0.0,0.0851715686274509,0.6285714285714286,0.0505166475315729,0.0,0.0,2.759569049967826,0.0284092629946634,0.0234427327528466,-0.8599642808002042,52200000.0,180100000.0,-11100000.0,253600000.0,47400000.0,14200000.0,35500000.0,53.21469575200919,22.11340206185567,56.44329896907217,1.69126213592233,4.06993006993007,1.5945205479452054,0.0357507660878447,0.0691428567477551,1994-04-21,0.1,bmo,,2025-04-25,1994-03-31,0.0999999999999999,6.221904761904762,64412.69841269841
1993-12-31,WST,USD,105770,1993-12-31,1993-12-30 19:00:00,1993,Q4,92800000.0,41300000.0,51500000.0,0.5549568966,0,0.0,0.0,17700000.0,22000000.0,39700000.0,81000000.0,0.0,0.0,400000.0,11800000.0,0.1271551724,11800000.0,0.1271551724,-2000000.0,9800000.0,0.1056034483,3900000.0,5900000.0,0.0635775862,0.093,0.093,63636364,63636364,,,1.458285705952653,0.0927142851844898,0.2561428556791836,0.152428570557551,0.0817142852473469,3.127142839273469,2.927571411842449,2.9558571259665305,0.5075714256710204,390090911.32,417190911.32,16.52927590338983,4.203565854741379,23.931957749693257,40.21555786804124,2.07384854502924,2.07384854502924,4.4955917168103445,35.355161976271184,25.594534436809816,43.00937230103093,0.0151246794754469,0.0248659984596331,0.1717171717171717,0.105074821080026,2.296610169491525,1.991452991452992,0.0,2.76271186440678,0.0058960614904284,0.3898305084745763,0.0,0.0,0.0413142485361093,0.4049079754601227,0.0711206896551724,0.0,0.0,2.483169156981259,0.0264781275909543,0.0200203596878181,-0.8403214237695918,46400000.0,186300000.0,-15200000.0,231900000.0,45150000.0,15150000.0,35400000.0,41.99353448275862,30.72639225181598,75.181598062954,2.143187066974596,2.9290780141843973,1.1971014492753622,0.0313662945241892,0.1037142851216326,1994-02-18,0.08,bmo,,2025-04-25,1993-12-31,0.1249999999999999,6.06015625,23412.5
1993-09-30,WST,USD,105770,1993-09-30,1993-09-29 20:00:00,1993,Q3,81900000.0,57800000.0,24100000.0,0.2942612943,0,0.0,0.0,15100000.0,0.0,15100000.0,72900000.0,0.0,0.0,400000.0,9000000.0,0.1098901099,9000000.0,0.1098901099,-1400000.0,7600000.0,0.0927960928,2800000.0,4800000.0,0.0586080586,0.075,0.075,64000000,64000000,,,1.2796875,0.075,0.1109375,-0.0125,0.0375,3.0265625,2.65,2.8609375,0.5984375,389760000.0,425660000.0,20.3,4.758974358974359,54.89577464788732,-487.2,2.128672856362644,2.128672856362644,5.1973137973137975,47.29555555555555,59.95211267605634,-532.075,0.0123152709359605,-0.0020525451559934,0.2091753140360459,0.1225207933461292,3.988888888888889,1.8667953667953667,0.0,1.4791666666666667,0.0038485221674876,0.3125,0.0,0.0,0.0770953294945617,1.1126760563380282,0.0964590964590964,0.0,0.0,2.197232812254996,0.0211702440458688,0.0166377816291161,-0.9859375,44900000.0,169600000.0,-22200000.0,243100000.0,48900000.0,17300000.0,36200000.0,51.64835164835165,25.224913494809687,56.522491349480966,1.7425531914893615,3.567901234567901,1.5922865013774106,0.026215182960131,0.1234375,1993-10-22,0.07,bmo,,2025-04-25,1993-09-30,0.1428571428571427,6.06046875,28762.5
1993-06-30,WST,USD,105770,1993-06-30,1993-06-29 20:00:00,1993,Q2,87100000.0,60200000.0,26900000.0,0.3088404133,0,0.0,0.0,15800000.0,0.0,15800000.0,76000000.0,0.0,0.0,-100000.0,11000000.0,0.1262916188,11100000.0,0.1274397245,-1100000.0,10000000.0,0.1148105626,3800000.0,6200000.0,0.0711825488,0.0975,0.0975,63589744,63589744,,,1.3697177330985952,0.0974999993709677,0.1934274181069198,-0.0031451612700312,0.0393145158753902,3.027217722405047,2.637217724921176,2.851088691283299,0.6400403184513528,369456412.64,407656412.64,14.897435993548386,4.241749858094145,30.037106718699185,-1847.2820632,2.037818050965251,2.037818050965251,4.680326207118255,37.05967387636363,33.14279777560976,-2038.2820632,0.0167814112514574,-0.0005413358468212,0.2244897959183673,0.1277864992150706,3.4727272727272727,1.808170515097691,0.0,1.9838709677419355,0.0043306867745696,0.2580645161290322,0.0,0.0,0.0778649921507064,1.016260162601626,0.1435132032146957,0.0,0.0,2.500914987789596,0.0254794520547945,0.0211099761661559,-1.0591330576830125,45500000.0,167700000.0,-24200000.0,244700000.0,49450000.0,17250000.0,35450000.0,52.49138920780712,27.508305647840533,53.970099667774086,1.7145669291338583,3.2717391304347827,1.667590027700831,0.0341974627688913,0.1965725793769511,1993-07-23,0.11,bmo,,2025-04-25,1993-06-30,-0.0909090909090908,5.754761904761905,19415.87301587301
1993-03-31,WST,USD,105770,1993-03-31,1993-03-30 19:00:00,1993,Q1,86900000.0,62800000.0,24100000.0,0.2773302647,0,0.0,0.0,14900000.0,0.0,14900000.0,77700000.0,0.0,0.0,-1200000.0,8000000.0,0.0920598389,9200000.0,0.1058688147,200000.0,9400000.0,0.1081703107,3800000.0,6600000.0,0.0759493671,0.11,0.11,62857143,62857143,,,1.3824999968579543,0.1049999997613636,0.0445454544442148,-0.0588636362298553,0.0827272725392562,2.911363629746901,2.526363630621901,2.7459090846683885,0.6602272712267562,369600000.84,405900000.84,14.000000031818182,4.253164566628308,132.00000029999998,-99.89189211891892,2.14136732815759,2.14136732815759,4.67088608561565,50.737500105,144.9642860142857,-109.70270292972972,0.0178571428165584,-0.0100108224880706,0.2404403244495944,0.1352672750977835,4.5375,1.7569444444444444,0.0,0.5,0.0043290043191656,0.2424242424242424,0.0,0.0,0.0788787483702738,2.321428571428572,0.0747986191024165,0.0,0.0,2.547000235136504,0.021039735369788,0.0233545647558386,-1.036079543099819,43600000.0,158800000.0,-22600000.0,233300000.0,45000000.0,18250000.0,36400000.0,49.81588032220944,23.073248407643312,49.87261146496815,1.8066528066528067,3.900621118012422,1.8045977011494247,0.0382387022016222,0.1034090906740702,1993-05-19,0.1,bmo,,2025-04-25,1993-03-31,-0.1,5.569193548387097,31309.67741935484
1992-12-31,WST,USD,105770,1992-12-31,1992-12-30 19:00:00,1992,Q4,88400000.0,40600000.0,47800000.0,0.5407239819,0,0.0,0.0,16000000.0,23600000.0,39600000.0,80200000.0,0.0,0.0,0.0,8200000.0,0.092760181,8200000.0,0.092760181,-1600000.0,6600000.0,0.0746606335,2200000.0,4400000.0,0.0497737557,0.07,0.07,62811791,62857143,,,1.4073790699583777,0.0700505419436296,0.1942310481164277,0.0716425997150757,0.0477617331433838,2.845007237574232,2.620527091800328,2.684209402658173,0.6702563217788201,353630383.33,392730383.33,20.092635416477275,4.000343702828054,28.986096994262297,78.58452962888889,2.097451858422301,2.097451858422301,4.442651395135746,47.89394918658537,32.191015027049176,87.27341851777777,0.0124423697946056,0.0127251509263012,0.2497034400948991,0.138304862023653,4.7682926829268295,1.6206896551724137,0.0,2.772727272727273,0.0045244981071293,0.3636363636363636,0.0,0.0,0.0463206307490144,0.6311475409836066,0.08710407239819,0.0,0.0,2.0568622402323906,0.0215138396956578,0.0151567344126765,-1.1506597543126895,37800000.0,164600000.0,-27000000.0,217700000.0,44150000.0,19450000.0,39950000.0,42.65837104072398,45.22167487684729,84.23645320197043,2.1097852028639617,1.9901960784313728,1.068421052631579,0.026097271648873,0.1225884484013519,1992-12-30,,bmo,,2025-04-25,1992-12-31,,5.44046875,67375.0
1992-09-30,WST,USD,105770,1992-09-30,1992-09-29 20:00:00,1992,Q3,81300000.0,59100000.0,22200000.0,0.2730627306,0,0.0,0.0,14300000.0,0.0,14300000.0,73400000.0,0.0,0.0,-300000.0,7600000.0,0.0934809348,7900000.0,0.0971709717,-900000.0,7000000.0,0.086100861,2900000.0,4100000.0,0.0504305043,0.065,0.065,63076923,63076923,,,1.2889024405962224,0.0650000000792682,0.1902439026710291,0.0982926830466984,0.0237804878338786,2.883780491321684,2.4414634176115406,2.704634149639798,0.7863414643735872,339353845.74,387453845.74,20.692307667073173,4.174094043542436,28.279487145,54.7344912483871,1.9891784627198124,1.9891784627198124,4.765729959901599,50.98076917631579,32.28782047833334,62.49255576451613,0.0120817844013509,0.0182700154361892,0.29073856975381,0.1510813280536095,6.328947368421052,1.4527220630372493,0.0,2.926829268292683,0.0047148426932101,0.3902439024390244,0.0,0.0,0.0849832470301553,0.4833333333333333,0.071340713407134,0.0,0.0,1.9888507859243785,0.0173952738990332,0.0136484687083888,-1.4133536602601875,31600000.0,154000000.0,-45000000.0,239300000.0,48650000.0,18600000.0,40200000.0,51.36531365313653,28.17258883248731,63.80710659898477,1.7521551724137931,3.1945945945945944,1.4105011933174223,0.0240328253223915,0.0919512196243307,1993-02-20,0.06,bmo,,2025-04-25,1992-09-30,0.1666666666666668,5.60078125,37975.0
1992-06-30,WST,USD,105770,1992-06-30,1992-06-29 20:00:00,1992,Q2,86700000.0,61000000.0,25700000.0,0.2964244521,0,0.0,0.0,13800000.0,0.0,13800000.0,74800000.0,0.0,0.0,-400000.0,11500000.0,0.1326412918,11900000.0,0.137254902,-1100000.0,10800000.0,0.124567474,5200000.0,5600000.0,0.0645905421,0.09,0.09,62222222,62222222,,,1.3933928621192602,0.0900000003214285,0.2073214293118622,0.1205357147161989,0.0305357143947704,2.7417857240778063,2.251607150898597,2.5923214378297192,0.8260714315216837,363377776.48,412877776.48,16.222222164285714,4.1912084945790085,28.168819882170546,48.450370197333335,2.2528070457532547,2.2528070457532547,4.762142750634371,35.90241534608696,32.00602918449613,55.050370197333336,0.0154109589591487,0.0206396771774313,0.3186608803471791,0.1646380525304292,4.304347826086956,1.5291411042944785,0.0,2.3035714285714284,0.0041279354354862,0.2678571428571428,0.0,0.0,0.0976937860345932,0.4186046511627907,0.0622837370242214,0.0,0.0,2.291168027525092,0.0242260320784074,0.0198793042243521,-1.3222767904367028,34500000.0,140100000.0,-41900000.0,228500000.0,51300000.0,19050000.0,38150000.0,52.83737024221453,27.59016393442623,56.80327868852459,1.7033398821218075,3.262032085561497,1.5844155844155845,0.0347179169249845,0.0867857145956632,1992-06-29,,bmo,,2025-04-25,1992-06-30,,5.101111111111111,30406.349206349205
1992-03-31,WST,USD,105770,1992-03-31,1992-03-30 19:00:00,1992,Q1,81800000.0,57400000.0,24400000.0,0.2982885086,0,0.0,0.0,13000000.0,0.0,13000000.0,70400000.0,0.0,0.0,400000.0,11400000.0,0.1393643032,11400000.0,0.1393643032,-1800000.0,9600000.0,0.1173594132,4000000.0,5600000.0,0.0684596577,0.09,0.09,62222222,62222222,,,1.3146428618380102,0.0900000003214285,-0.0498214287493622,-0.1060714289502551,0.0176785714917091,2.691964295328444,2.198571436423469,2.5553571519834186,0.9064285746658164,326666665.5,381966665.5,14.58333328125,3.993480018337408,-105.3763437096774,-49.49494931818182,2.054507330188679,2.054507330188679,4.669519138141809,33.5058478508772,-123.21505338709676,-57.8737371969697,0.0171428572040816,-0.0202040817048104,0.3547169811320754,0.1796178343949044,4.850877192982456,1.5178571428571428,0.0,-0.5535714285714286,0.0048979592011661,0.2857142857142857,0.0,0.0,0.0977707006369426,-1.1290322580645162,0.0427872860635696,0.0,0.0,2.2747743297406733,0.0259867135599843,0.0197670314154606,-1.4098660764638071,34800000.0,136800000.0,-44500000.0,228300000.0,47250000.0,17900000.0,35800000.0,56.882640586797066,30.41811846689896,59.268292682926834,1.5822050290135397,2.9587628865979383,1.5185185185185186,0.0352201257861635,0.0562500002008928,1992-03-30,,bmo,,2025-04-25,1992-03-31,,4.795079365079364,51320.63492063492
1991-12-31,WST,USD,105770,1991-12-31,1991-12-30 19:00:00,1991,Q4,82200000.0,37900000.0,44300000.0,0.5389294404,0,0.0,0.0,45100000.0,24500000.0,69600000.0,107500000.0,0.0,0.0,-800000.0,-26100000.0,-0.3175182482,-25300000.0,-0.3077858881,2000000.0,-23300000.0,-0.2834549878,-4800000.0,-18500000.0,-0.2250608273,-0.31,-0.3,59772727,62222222,,,1.3752091317500037,-0.3095057048342465,0.2409125486277378,0.1555893543220807,0.0451711028677008,2.6952091377728173,2.4442585662855905,2.55467681773997,0.9770342249902704,278540907.82,334240907.82,-3.764066321891892,3.388575520924574,19.343118598611117,29.95063524946237,1.82410548670596,1.82410548670596,4.06619109270073,-12.806165050574712,23.211174154166667,35.939882561290325,-0.0664175332262331,0.0333882734596739,0.3824492468893254,0.1864623243933588,-2.1340996168582373,1.3737658674189,0.0,-0.7783783783783784,0.0053852053967216,-0.081081081081081,0.0,0.0,0.0478927203065134,0.3541666666666667,0.0620437956204379,0.0,0.0,,-0.0798409492552385,-0.062038900067069,-1.6796958251545058,26500000.0,146100000.0,-54700000.0,207300000.0,44550000.0,15250000.0,35000000.0,46.86131386861314,38.94459102902375,80.26385224274406,1.9205607476635511,2.3109756097560976,1.121301775147929,-0.1211525867714472,0.0853231943056571,1991-12-30,,bmo,,2025-04-25,1991-12-31,,4.1853125,36431.25
1991-09-30,WST,USD,105770,1991-09-30,1991-09-29 20:00:00,1991,Q3,79600000.0,59800000.0,19800000.0,0.2487437186,0,0.0,0.0,12300000.0,0.0,12300000.0,72100000.0,0.0,0.0,0.0,7500000.0,0.0942211055,7500000.0,0.0942211055,-1600000.0,5900000.0,0.074120603,3600000.0,2300000.0,0.0288944724,0.0375,0.0375,61333333,61333333,,,1.2978260940099244,0.0375000002038043,0.211956522891068,0.1288043485261105,0.0211956522891068,3.0244565381763944,2.673913058010397,2.856521754655009,1.0336956577918242,255146665.28,317246665.28,27.7333331826087,3.205360116582914,19.62666656,32.29704623797468,1.456316582648402,1.456316582648402,3.9855108703517583,42.29955537066666,24.40358963692308,40.15780573164557,0.0090144231259145,0.030962583780315,0.3618721461187215,0.1978776529338327,8.28,1.5769881556683587,0.0,5.416666666666667,0.0062709030441144,0.6956521739130435,0.0,0.0,0.0671036204744069,0.3923076923076923,0.0640703517587939,0.0,0.0,1.5524787417510824,0.0107490029910269,0.0076948812311809,-1.316983702809694,34100000.0,164000000.0,-41700000.0,246700000.0,46100000.0,14650000.0,37400000.0,52.349246231155774,21.220735785953178,54.481605351170565,1.7192224622030237,4.24113475177305,1.6519337016574585,0.0131278538812785,0.0831521743649574,1991-09-29,,bmo,,2025-04-25,1991-09-30,,4.0551562500000005,38462.5
1991-06-30,WST,USD,105770,1991-06-30,1991-06-29 20:00:00,1991,Q2,81800000.0,60400000.0,21400000.0,0.2616136919,0,0.0,0.0,13700000.0,0.0,13700000.0,74100000.0,0.0,0.0,-300000.0,7400000.0,0.0904645477,7700000.0,0.0941320293,-1300000.0,6400000.0,0.0782396088,2900000.0,3500000.0,0.0427872861,0.0575,0.0575,60869565,60869565,,,1.3438571476566328,0.0575000002053571,0.1757857149135204,0.0624285716515306,0.0082142857436224,3.0606428680737245,2.676214295272194,2.875000010267857,1.133571432619898,243478260.0,311978260.0,17.391304285714284,2.97650684596577,22.75497757009346,64.07322631578947,1.3913043428571428,1.3913043428571428,3.8139151589242055,42.15922432432433,29.156846728971964,82.09954210526315,0.0143750000513392,0.0156071429128826,0.3942857142857143,0.2119164619164619,9.256756756756756,1.5071315372424725,0.0,3.057142857142857,0.0065714285948979,0.4571428571428571,0.0,0.0,0.0718673218673218,0.6448598130841121,0.0843520782396088,0.0,0.0,1.9286086374814568,0.0151472571942446,0.0115817339510258,-1.3976607192773598,32000000.0,162900000.0,-44200000.0,248100000.0,48700000.0,17150000.0,41350000.0,50.50122249388753,22.64900662251656,57.51655629139073,1.7821350762527233,3.973684210526316,1.5647668393782384,0.02,0.1133571432619898,1991-06-29,,bmo,,2025-04-25,1991-06-30,,3.90203125,38681.25
1991-03-31,WST,USD,105770,1991-03-31,1991-03-30 19:00:00,1991,Q1,86100000.0,63300000.0,22800000.0,0.2648083624,0,0.0,0.0,13900000.0,0.0,13900000.0,77200000.0,0.0,0.0,0.0,8900000.0,0.1033681765,8900000.0,0.1033681765,-1800000.0,7100000.0,0.0824622532,3000000.0,4100000.0,0.0476190476,0.065,0.065,63076923,63076923,,,1.3650000016646342,0.0650000000792682,0.0998780489022903,-0.0332926829674301,0.0047560975667757,3.0026829304910767,2.5873170763259963,2.820365857098007,1.2540243917732006,222661538.19,301461538.19,13.576923060365854,2.5860805829268294,35.343101299999994,-106.0293039,1.2516106699831366,1.2516106699831366,3.501295449361208,33.87208294269663,47.85103780793651,-143.55311342380952,0.0184135977561666,-0.0094313549482804,0.4446318156267566,0.2284806470248411,8.853932584269662,1.5748502994011977,0.0,1.5365853658536586,0.0067366821059146,0.3658536585365853,0.0,0.0,0.0756787983824378,1.3333333333333333,0.0975609756097561,0.0,0.0,2.0309566886164907,0.017516825561412,0.0128125,-1.5191768311209473,38400000.0,163200000.0,-51600000.0,265100000.0,46650000.0,18550000.0,45250000.0,53.83275261324042,27.156398104265403,62.70142180094786,1.6718446601941748,3.3141361256544504,1.435374149659864,0.0230466554243957,0.1331707318697204,1991-03-30,,bmo,,2025-04-25,1991-03-31,,3.2411475409836066,69062.29508196721
1990-12-31,WST,USD,105770,1990-12-31,1990-12-30 19:00:00,1990,Q4,80400000.0,37600000.0,42800000.0,0.5323383085,0,0.0,0.0,19600000.0,22700000.0,42300000.0,79900000.0,0.0,0.0,6700000.0,500000.0,0.0062189055,500000.0,0.0062189055,-8000000.0,-7500000.0,-0.0932835821,-1600000.0,-5900000.0,-0.0733830846,-0.0935,-0.0935,63076923,63076923,,,1.2746341478958954,-0.0935365854799226,0.1236585367361689,-0.0063414634223676,0.034878048823022,2.977317076801606,2.6951219545062464,2.791829271697353,1.244512196639649,193015384.38,269315384.38,-8.17861798220339,2.400688860447761,24.7455621,-482.53846095,1.096055561499148,1.096055561499148,3.3496938355721397,538.63076876,34.52761338205128,-673.28846095,-0.0305675115947459,-0.0020723736674404,0.4457694491766042,0.2285298398835516,152.6,1.5641421947449767,0.0,-1.3220338983050848,0.0077714012529015,-0.2542372881355932,0.0,0.0,0.0518195050946142,1.051282051282051,0.1019900497512437,0.0,0.0,,0.0013511966105576,-0.0181148295977893,-1.5687195141081944,36500000.0,170000000.0,-54500000.0,255600000.0,43100000.0,16450000.0,46900000.0,46.7910447761194,43.08510638297873,111.06382978723406,1.923444976076555,2.088888888888889,0.8103448275862069,-0.033503691084611,0.1300000001585365,1990-12-30,,bmo,,2025-04-25,1990-12-31,,3.0290625,36818.75
1990-09-30,WST,USD,105770,1990-09-30,1990-09-29 20:00:00,1990,Q3,76900000.0,59400000.0,17500000.0,0.2275682705,0,0.0,0.0,11800000.0,0.0,11800000.0,71200000.0,0.0,0.0,100000.0,5700000.0,0.0741222367,5700000.0,0.0741222367,-1700000.0,4000000.0,0.0520156047,2300000.0,1700000.0,0.022106632,0.0275,0.0275,61818182,61818182,,,1.2439705845765572,0.0274999999191176,0.1714705877309688,0.0485294116219723,0.0420588234057093,3.102647049698097,2.6885294038572662,2.9069117561561417,1.2504411727928202,212654546.08,287354546.08,31.272727364705883,2.765338700650195,20.06174963018868,70.88484869333332,1.1833864556483027,1.1833864556483027,3.7367301180754224,50.41307825964912,27.108919441509432,95.78484869333332,0.0079941860229993,0.0141073870994105,0.4301613800779076,0.2282929710572947,13.105263157894736,2.026923076923077,0.0,6.235294117647059,0.0075239397863522,0.9411764705882352,0.0,0.0,0.0756054341405788,0.7169811320754716,0.0988296488946684,0.0,0.0,1.3411381896849637,0.0081483350151362,0.0054313099041533,-1.4105882311453288,53400000.0,166200000.0,-41400000.0,275900000.0,46500000.0,16050000.0,46850000.0,51.96358907672301,22.57575757575757,71.81818181818181,1.731981981981982,3.9865771812080535,1.2531645569620251,0.0094602114635503,0.1229411761089965,1990-09-29,,bmo,,2025-04-25,1990-09-30,,3.9668253968253966,36215.87301587302
1990-06-30,WST,USD,105770,1990-06-30,1990-06-29 20:00:00,1990,Q2,82100000.0,62900000.0,19200000.0,0.2338611449,0,0.0,0.0,13400000.0,0.0,13400000.0,76300000.0,0.0,0.0,-1300000.0,4500000.0,0.0548112058,5800000.0,0.0706455542,-600000.0,5200000.0,0.0633373934,2300000.0,2900000.0,0.0353227771,0.045,0.045,64444444,64444444,,,1.2739655260273484,0.0450000003103448,0.1210344835933412,-0.010862069040428,0.0418965520130796,2.970000020482759,2.6239655353376934,2.7713793294577886,1.1374138009476813,275822220.32,346422220.32,23.777777613793106,3.3595885544457977,35.361823117948724,-394.0317433142857,1.5443573366181411,1.5443573366181411,4.219515472838002,76.98271562666666,44.41310516923077,-494.88888617142857,0.0105140187640992,-0.0025378665982308,0.4104143337066069,0.2191985645933014,15.688888888888888,1.932021466905188,0.0,2.689655172413793,0.0058008379388133,0.5517241379310345,0.0,0.0,0.0666866028708133,1.0897435897435896,0.1035322777101096,0.0,0.0,1.6751183810190504,0.0111078825021132,0.0092918936238385,-1.2522413879464924,52100000.0,169100000.0,-35000000.0,268000000.0,48050000.0,15350000.0,46800000.0,53.27649208282582,24.610492845786965,66.24801271860096,1.6893004115226338,3.6569767441860463,1.3585313174946003,0.0162374020156774,0.1318965526337693,1990-06-29,,bmo,,2025-04-25,1990-06-30,,4.638888888888889,58234.92063492064
1990-03-31,WST,USD,105770,1990-03-31,1990-03-30 19:00:00,1990,Q1,83800000.0,61300000.0,22500000.0,0.26849642,0,0.0,0.0,13000000.0,0.0,13000000.0,74300000.0,0.0,0.0,-1000000.0,8500000.0,0.1014319809,9500000.0,0.1133651551,-400000.0,9100000.0,0.1085918854,3500000.0,5600000.0,0.0668257757,0.0875,0.0875,64000000,64000000,,,1.309375,0.0875,0.153125,0.0140625,0.0171875,3.0609375,2.7140625,2.8671875,0.9890625,288000000.0,350200000.0,12.857142857142858,3.4367541766109784,29.387755102040813,320.0,1.569482288828338,1.569482288828338,4.178997613365155,41.2,35.734693877551024,389.1111111111111,0.0194444444444444,0.003125,0.3449591280653951,0.1938744257274119,7.317647058823529,2.1487603305785123,0.0,1.75,0.0055555555555555,0.2857142857142857,0.0,0.0,0.0679938744257274,0.9081632653061223,0.1062052505966587,0.0,0.0,2.37587360577641,0.0204984356457007,0.0184028918830101,-1.097265625,55600000.0,173700000.0,-26600000.0,267900000.0,45750000.0,14900000.0,46000000.0,51.014319809069214,19.820554649265905,69.44535073409462,1.7642105263157897,4.54074074074074,1.2959830866807611,0.0305177111716621,0.1390625,1990-03-30,,bmo,,2025-04-25,1990-03-31,,4.592380952380952,43238.09523809524
1989-12-31,WST,USD,105770,1989-12-31,1989-12-30 19:00:00,1989,Q4,79700000.0,0.0,79700000.0,1.0,0,0.0,0.0,0.0,-272600000.0,-272600000.0,-272600000.0,0.0,0.0,0.0,-192900000.0,-2.4203262233,-192900000.0,-2.4203262233,192900000.0,0.0,0.0,0.0,0.0,0.0,0.0725,0.07,64000000,64000000,,,1.2453125,0.0,,,0.025,2.95,2.728125,2.8078125,0.9078125,302080000.0,358580000.0,0.0,3.7902132998745297,0.0,0.0,1.6810239287701725,1.6810239287701725,4.499121706398996,-1.858890616899948,0.0,0.0,0.0,,0.3233166388425153,0.1856230031948881,-0.2928978745463971,2.072340425531915,0.0,0.0,0.0042372881355932,0.0,0.0,0.0,0.045367412140575,0.0,,0.0,,0.0,,0.0,-1.05078125,50400000.0,174600000.0,-26800000.0,243400000.0,,,,49.68632371392723,0.0,0.0,1.8113636363636365,0.0,0.0,0.0,,1989-12-30,,bmo,,2025-04-25,1989-12-31,,,
1989-09-30,WST,USD,105770,1989-09-30,1989-09-29 20:00:00,1989,Q3,69400000.0,0.0,69400000.0,1.0,0,0.0,0.0,0.0,0.0,0.0,0.0,0.0,0.0,0.0,69400000.0,1.0,69400000.0,1.0,-69400000.0,0.0,0.0,0.0,0.0,0.0,0.05,0.05,64980000,64980000,,,1.0680209295167744,0.0,,,,,,,,351541800.0,,0.0,5.065443804034582,0.0,0.0,0.0,0.0,,,0.0,0.0,0.0,,0.0,0.0,,0.0,0.0,0.0,0.0036968576709796,0.0,0.0,0.0,0.0,0.0,,0.0,,,0.0,0.0,,,,,,,,,,0.0,0.0,0.0,0.0,0.0,0.0,,1989-09-29,,bmo,,2025-04-25,1989-09-30,,,
1989-06-30,WST,USD,105770,1989-06-30,1989-06-29 20:00:00,1989,Q2,79500000.0,0.0,79500000.0,1.0,0,0.0,0.0,0.0,0.0,0.0,0.0,0.0,0.0,0.0,79500000.0,1.0,79500000.0,1.0,-79500000.0,0.0,0.0,0.0,0.0,0.0,0.11,0.11,65224000,65224000,,,1.218876487182632,0.0,,,,,,,,301987120.0,,0.0,3.798580125786163,0.0,0.0,0.0,0.0,,,0.0,0.0,0.0,,0.0,0.0,,0.0,0.0,0.0,0.0040496760259179,0.0,0.0,0.0,0.0,0.0,,0.0,,,0.0,0.0,,,,,,,,,,0.0,0.0,0.0,0.0,0.0,0.0,,1989-06-29,,bmo,,2025-04-25,1989-06-30,,,
1989-03-31,WST,USD,105770,1989-03-31,1989-03-30 19:00:00,1989,Q1,80100000.0,0.0,80100000.0,1.0,0,0.0,0.0,0.0,0.0,0.0,0.0,0.0,0.0,0.0,80100000.0,1.0,80100000.0,1.0,-80100000.0,0.0,0.0,0.0,0.0,0.0,0.0925,0.0925,65116000,65116000,,,1.2301124147674918,0.0,,,,,,,,268929080.0,,0.0,3.3574167290886394,0.0,0.0,0.0,0.0,,,0.0,0.0,0.0,,0.0,0.0,,0.0,0.0,0.0,0.0045399515738498,0.0,0.0,0.0,0.0,0.0,,0.0,,,0.0,0.0,,,,,,,,,,0.0,0.0,0.0,0.0,0.0,0.0,,1989-03-30,,bmo,,2025-04-25,1989-03-31,,,
1988-12-31,WST,USD,105770,1988-12-31,1988-12-30 19:00:00,1988,Q4,75400000.0,0.0,75400000.0,1.0,0,0.0,0.0,0.0,-257800000.0,-257800000.0,-257800000.0,0.0,0.0,0.0,-182400000.0,-2.4190981432,-182400000.0,-2.4190981432,182400000.0,0.0,0.0,0.0,0.0,0.0,0.08,0.08,64880000,65116000,,,1.1621454993834772,0.0,,,0.0786066584463625,2.6418002466091246,2.4445129469790383,2.6418002466091246,0.8492601726263872,243300000.0,293300000.0,0.0,3.226790450928382,0.0,0.0,1.419486581096849,1.419486581096849,3.889920424403183,-1.6080043859649122,0.0,0.0,0.0,,0.3214702450408401,0.1843425894948143,-0.2741228070175439,2.218390804597701,0.0,0.0,0.005,0.0,0.0,0.0,0.0428236868517898,0.0,,0.0,,0.0,,0.0,-1.0469327990135635,53000000.0,158600000.0,-31000000.0,234800000.0,,,,52.63925729442971,0.0,0.0,1.709750566893424,0.0,0.0,0.0,,1988-12-30,,bmo,,2025-04-25,1988-12-31,,,
1988-09-30,WST,USD,105770,1988-09-30,1988-09-29 20:00:00,1988,Q3,69000000.0,0.0,69000000.0,1.0,0,0.0,0.0,0.0,0.0,0.0,0.0,0.0,0.0,0.0,69000000.0,1.0,69000000.0,1.0,-69000000.0,0.0,0.0,0.0,0.0,0.0,0.0575,0.0575,64892000,64892000,,,1.0633051839980274,0.0,,,,,,,,210899000.0,,0.0,3.056507246376812,0.0,0.0,0.0,0.0,,,0.0,0.0,0.0,,0.0,0.0,,0.0,0.0,0.0,0.0057692307692307,0.0,0.0,0.0,0.0,0.0,,0.0,,,0.0,0.0,,,,,,,,,,0.0,0.0,0.0,0.0,0.0,0.0,,1988-09-29,,bmo,,2025-04-25,1988-09-30,,,
1988-06-30,WST,USD,105770,1988-06-30,1988-06-29 20:00:00,1988,Q2,74500000.0,0.0,74500000.0,1.0,0,0.0,0.0,0.0,0.0,0.0,0.0,0.0,0.0,0.0,74500000.0,1.0,74500000.0,1.0,-74500000.0,0.0,0.0,0.0,0.0,0.0,0.085,0.085,64880000,64880000,,,1.148273736128237,0.0,,,,,,,,232919200.0,,0.0,3.1264322147651007,0.0,0.0,0.0,0.0,,,0.0,0.0,0.0,,0.0,0.0,,0.0,0.0,0.0,0.0048746518105849,0.0,0.0,0.0,0.0,0.0,,0.0,,,0.0,0.0,,,,,,,,,,0.0,0.0,0.0,0.0,0.0,0.0,,1988-06-29,,bmo,,2025-04-25,1988-06-30,,,
1988-03-31,WST,USD,105770,1988-03-31,1988-03-30 19:00:00,1988,Q1,69300000.0,0.0,69300000.0,1.0,0,0.0,0.0,0.0,0.0,0.0,0.0,0.0,0.0,0.0,69300000.0,1.0,69300000.0,1.0,-69300000.0,0.0,0.0,0.0,0.0,0.0,0.045,0.045,64872000,64872000,,,1.0682574916759155,0.0,,,,,,,,221213520.0,,0.0,3.1921142857142857,0.0,0.0,0.0,0.0,,,0.0,0.0,0.0,,0.0,0.0,,0.0,0.0,0.0,0.0051319648093841,0.0,0.0,0.0,0.0,0.0,,0.0,,,0.0,0.0,,,,,,,,,,0.0,0.0,0.0,0.0,0.0,0.0,,1988-03-30,,bmo,,2025-04-25,1988-03-31,,,
1987-12-31,WST,USD,105770,1987-12-31,1987-12-30 19:00:00,1987,Q4,66500000.0,0.0,66500000.0,1.0,0,0.0,0.0,0.0,-223400000.0,-223400000.0,-223400000.0,0.0,0.0,0.0,-156900000.0,-2.3593984962,-156900000.0,-2.3593984962,156900000.0,0.0,0.0,0.0,0.0,0.0,0.01,0.01,64872000,64872000,,,1.025095572820323,0.0,,,0.1957701319521519,2.4016524848933285,2.212048341349118,2.4016524848933285,0.9326057467011962,271813680.0,319613680.0,0.0,4.087423759398496,0.0,0.0,1.7446320924261876,1.7446320924261876,4.8062207518797,-2.0370534098151687,0.0,0.0,0.0,,0.3883183568677792,0.2159942877543734,-0.3046526449968132,2.011185682326622,0.0,0.0,0.0041766109785202,0.0,0.0,0.0,0.0439128882541949,0.0,,0.0,,0.0,,0.0,-1.028178567024294,45200000.0,143500000.0,-34400000.0,213000000.0,,,,47.909774436090224,0.0,0.0,1.878531073446328,0.0,0.0,0.0,,1987-12-30,,bmo,,2025-04-25,1987-12-31,,,
1987-09-30,WST,USD,105770,1987-09-30,1987-09-29 20:00:00,1987,Q3,57000000.0,0.0,57000000.0,1.0,0,0.0,0.0,0.0,0.0,0.0,0.0,0.0,0.0,0.0,57000000.0,1.0,57000000.0,1.0,-57000000.0,0.0,0.0,0.0,0.0,0.0,0.05,0.05,64708000,64708000,,,0.8808802621005131,0.0,,,,,,,,317716280.0,,0.0,5.573969824561403,0.0,0.0,0.0,0.0,,,0.0,0.0,0.0,,0.0,0.0,,0.0,0.0,0.0,0.0035641547861507,0.0,0.0,0.0,0.0,0.0,,0.0,,,0.0,0.0,,,,,,,,,,0.0,0.0,0.0,0.0,0.0,0.0,,1987-09-29,,bmo,,2025-04-25,1987-09-30,,,
1987-06-30,WST,USD,105770,1987-06-30,1987-06-29 20:00:00,1987,Q2,67900000.0,0.0,67900000.0,1.0,0,0.0,0.0,0.0,0.0,0.0,0.0,0.0,0.0,0.0,67900000.0,1.0,67900000.0,1.0,-67900000.0,0.0,0.0,0.0,0.0,0.0,0.085,0.085,64708000,64708000,,,1.0493292946776287,0.0,,,,,,,,327422480.0,,0.0,4.822127835051546,0.0,0.0,0.0,0.0,,,0.0,0.0,0.0,,0.0,0.0,,0.0,0.0,0.0,0.0032114624505928,0.0,0.0,0.0,0.0,0.0,,0.0,,,0.0,0.0,,,,,,,,,,0.0,0.0,0.0,0.0,0.0,0.0,,1987-06-29,,bmo,,2025-04-25,1987-06-30,,,
1987-03-31,WST,USD,105770,1987-03-31,1987-03-30 19:00:00,1987,Q1,61900000.0,0.0,61900000.0,1.0,0,0.0,0.0,0.0,0.0,0.0,0.0,0.0,0.0,0.0,61900000.0,1.0,61900000.0,1.0,-61900000.0,0.0,0.0,0.0,0.0,0.0,0.0675,0.0675,64708000,64708000,,,0.9566050565617852,0.0,,,,,,,,306068840.0,,0.0,4.944569305331179,0.0,0.0,0.0,0.0,,,0.0,0.0,0.0,,0.0,0.0,,0.0,0.0,0.0,0.0034355179704016,0.0,0.0,0.0,0.0,0.0,,0.0,,,0.0,0.0,,,,,,,,,,0.0,0.0,0.0,0.0,0.0,0.0,,1987-03-30,,bmo,,2025-04-25,1987-03-31,,,
1986-12-31,WST,USD,105770,1986-12-31,1986-12-30 19:00:00,1986,Q4,61100000.0,0.0,61100000.0,1.0,0,0.0,0.0,0.0,-204800000.0,-204800000.0,-204800000.0,0.0,0.0,0.0,-143700000.0,-2.3518821604,-143700000.0,-2.3518821604,143700000.0,0.0,0.0,0.0,0.0,0.0,0.075,0.075,63424000,64708000,,,0.9633577194752776,0.0,,,0.1166750756811301,2.190022704339051,2.0481205852674065,2.190022704339051,0.6984737638748738,223886720.0,260786720.0,0.0,3.664267103109656,0.0,0.0,1.6118554355651546,1.6118554355651546,4.268195090016366,-1.8147997216423104,0.0,0.0,0.0,,0.3189344852411807,0.1866048862679022,-0.2567849686847599,1.82983682983683,0.0,0.0,,0.0,0.0,0.0,0.037910699241786,0.0,,0.0,,0.0,,0.0,-0.7678481331987891,35600000.0,129900000.0,-20000000.0,169600000.0,,,,49.19803600654664,0.0,0.0,1.8293413173652693,0.0,0.0,0.0,,1986-12-30,,bmo,,2025-04-25,1986-12-31,,,
1986-09-30,WST,USD,105770,1986-09-30,1986-09-29 20:00:00,1986,Q3,57000000.0,0.0,57000000.0,1.0,0,0.0,0.0,0.0,0.0,0.0,0.0,0.0,0.0,0.0,57000000.0,1.0,57000000.0,1.0,-57000000.0,0.0,0.0,0.0,0.0,0.0,0.0525,0.0525,64688000,64688000,,,0.8811526094484294,0.0,,,,,,,,213470400.0,,0.0,3.7450947368421055,0.0,0.0,0.0,0.0,,,0.0,0.0,0.0,,0.0,0.0,,0.0,0.0,0.0,,0.0,0.0,0.0,0.0,0.0,,0.0,,,0.0,0.0,,,,,,,,,,0.0,0.0,0.0,0.0,0.0,0.0,,1986-09-29,,bmo,,2025-04-25,1986-09-30,,,
1986-06-30,WST,USD,105770,1986-06-30,1986-06-29 20:00:00,1986,Q2,64300000.0,0.0,64300000.0,1.0,0,0.0,0.0,0.0,0.0,0.0,0.0,0.0,0.0,0.0,64300000.0,1.0,64300000.0,1.0,-64300000.0,0.0,0.0,0.0,0.0,0.0,0.075,0.075,63432000,63432000,,,1.0136839450119812,0.0,,,,,,,,237870000.0,,0.0,3.6993779160186624,0.0,0.0,0.0,0.0,,,0.0,0.0,0.0,,0.0,0.0,,0.0,0.0,0.0,,0.0,0.0,0.0,0.0,0.0,,0.0,,,0.0,0.0,,,,,,,,,,0.0,0.0,0.0,0.0,0.0,0.0,,1986-06-29,,bmo,,2025-04-25,1986-06-30,,,
1986-03-31,WST,USD,105770,1986-03-31,1986-03-30 19:00:00,1986,Q1,53200000.0,0.0,53200000.0,1.0,0,0.0,0.0,0.0,0.0,0.0,0.0,0.0,0.0,0.0,53200000.0,1.0,53200000.0,1.0,-53200000.0,0.0,0.0,0.0,0.0,0.0,0.0625,0.0625,63392000,63392000,,,0.8392226148409894,0.0,,,,,,,,247862720.0,,0.0,4.659073684210527,0.0,0.0,0.0,0.0,,,0.0,0.0,0.0,,0.0,0.0,,0.0,0.0,0.0,,0.0,0.0,0.0,0.0,0.0,,0.0,,,0.0,0.0,,,,,,,,,,0.0,0.0,0.0,0.0,0.0,0.0,,1986-03-30,,bmo,,2025-04-25,1986-03-31,,,
1985-12-31,WST,USD,105770,1985-12-31,1985-12-30 19:00:00,1985,Q4,47700000.0,0.0,47700000.0,1.0,0,0.0,0.0,0.0,-166600000.0,-166600000.0,-166600000.0,0.0,0.0,0.0,-118900000.0,-2.4926624738,-118900000.0,-2.4926624738,118900000.0,0.0,0.0,0.0,0.0,0.0,0.0525,0.0525,63392000,63392000,,,0.7524608783442706,0.0,,,0.1340863200403836,1.8850959111559813,1.8850959111559813,1.8850959111559813,0.4795557799091368,204756160.0,226656160.0,0.0,4.292581970649895,0.0,0.0,1.713440669456067,1.713440669456067,4.751701467505241,-1.906275525651808,0.0,0.0,0.0,,0.2543933054393305,0.1698324022346368,-0.184188393608074,3.4662576687116564,0.0,0.0,,0.0,0.0,0.0,0.0,0.0,,0.0,,0.0,,0.0,-0.3434976022211004,40200000.0,119500000.0,-3000000.0,137700000.0,,,,43.9622641509434,0.0,0.0,2.0472103004291844,0.0,0.0,0.0,,1985-12-30,,bmo,,2025-04-25,1985-12-31,,,
1985-09-30,WST,USD,105770,1985-09-30,1985-09-29 20:00:00,1985,Q3,42700000.0,0.0,42700000.0,1.0,0,0.0,0.0,0.0,0.0,0.0,0.0,0.0,0.0,0.0,42700000.0,1.0,42700000.0,1.0,-42700000.0,0.0,0.0,0.0,0.0,0.0,0.0475,0.0475,63392000,63392000,,,0.6735865724381626,0.0,,,,,,,,188274240.0,,0.0,4.409232786885246,0.0,0.0,0.0,0.0,,,0.0,0.0,0.0,,0.0,0.0,,0.0,0.0,0.0,,0.0,0.0,0.0,0.0,0.0,,0.0,,,0.0,0.0,,,,,,,,,,0.0,0.0,0.0,0.0,0.0,0.0,,1985-09-29,,bmo,,2025-04-25,1985-09-30,,,
