date,symbol,reportedCurrency,cik,fillingDate,acceptedDate,calendarYear,period,revenue,costOfRevenue,grossProfit,grossProfitRatio,researchAndDevelopmentExpenses,generalAndAdministrativeExpenses,sellingAndMarketingExpenses,sellingGeneralAndAdministrativeExpenses,otherExpenses,operatingExpenses,costAndExpenses,interestIncome,interestExpense,depreciationAndAmortization,ebitda,ebitdaratio,operatingIncome,operatingIncomeRatio,totalOtherIncomeExpensesNet,incomeBeforeTax,incomeBeforeTaxRatio,incomeTaxExpense,netIncome,netIncomeRatio,eps,epsdiluted,weightedAverageShsOut,weightedAverageShsOutDil,link,finalLink,revenuePerShare,netIncomePerShare,operatingCashFlowPerShare,freeCashFlowPerShare,cashPerShare,bookValuePerShare,tangibleBookValuePerShare,shareholdersEquityPerShare,interestDebtPerShare,marketCap,enterpriseValue,peRatio,priceToSalesRatio,pocfratio,pfcfRatio,pbRatio,ptbRatio,evToSales,enterpriseValueOverEBITDA,evToOperatingCashFlow,evToFreeCashFlow,earningsYield,freeCashFlowYield,debtToEquity,debtToAssets,netDebtToEBITDA,currentRatio,interestCoverage,incomeQuality,dividendYield,payoutRatio,salesGeneralAndAdministrativeToRevenue,researchAndDdevelopementToRevenue,intangiblesToTotalAssets,capexToOperatingCashFlow,capexToRevenue,capexToDepreciation,stockBasedCompensationToRevenue,grahamNumber,roic,returnOnTangibleAssets,grahamNetNet,workingCapital,tangibleAssetValue,netCurrentAssetValue,investedCapital,averageReceivables,averagePayables,averageInventory,daysSalesOutstanding,daysPayablesOutstanding,daysOfInventoryOnHand,receivablesTurnover,payablesTurnover,inventoryTurnover,roe,capexPerShare,report_date,epsEstimated,time,revenueEstimated,updatedFromDate,fiscalDateEnding,surprise(%),QuarterAvgPrice,QuarterAvgVolume
2025-03-31,WTW,USD,1140536,2025-04-24,2025-04-24 11:02:21,2025,Q1,2223000000.0,1324000000.0,899000000.0,0.404408457,0,0.0,0.0,0.0,467000000.0,467000000.0,1791000000.0,0.0,65000000.0,102000000.0,470000000.0,0.2114260009,432000000.0,0.1943319838,-129000000.0,303000000.0,0.1363022942,65000000.0,235000000.0,0.1057130004,2.35,2.3267326732673266,100000000,101000000,https://www.sec.gov/Archives/edgar/data/1140536/000095017025057769/0000950170-25-057769-index.htm,https://www.sec.gov/Archives/edgar/data/1140536/000095017025057769/wtw-20250331.htm,22.23,2.35,-0.35,-0.86,15.07,82.14,-18.82,81.33,59.93,33795000000.0,38216000000.0,35.952127659574465,15.20242914979757,-965.5714285714286,-392.9651162790698,4.155293249723349,4.155293249723349,17.191183085919928,88.46296296296296,-1091.8857142857144,-444.3720930232558,0.0069536913744636,-0.002544755141293,0.7288823312430838,0.2112314709236032,10.233796296296296,1.1551852958756723,6.646153846153847,-0.1464435146443514,0.0026039354934161,0.3744680851063829,0.0,0.0,0.3597491448118586,0.0,0.0,0.0,0.0166441745389113,65.57685376716391,0.0231149000458628,0.0130788067675868,-165.685,2077000000.0,-1882000000.0,-4389000000.0,13327000000.0,2430000000.0,1030000000.0,0.0,95.78947368421052,68.45166163141994,0.0,0.9395604395604396,1.3147964250248263,0.0,0.0288946268289684,0.0,2025-04-24,3.21,bmo,2282598925.0,2025-05-11,2025-03-31,-0.0249221183800623,325.937,567291.1666666666
2024-12-31,WTW,USD,1140536,2025-02-25,2025-02-25 12:58:58,2024,Q4,3035000000.0,1367000000.0,1668000000.0,0.5495881384,0,8000000.0,56000000.0,64000000.0,767000000.0,767000000.0,2134000000.0,0.0,66000000.0,104000000.0,1858000000.0,0.6121911038,901000000.0,0.2968698517,787000000.0,1688000000.0,0.5561779242,440000000.0,1246000000.0,0.4105436573,12.34,12.22,101000000,102000000,https://www.sec.gov/Archives/edgar/data/1140536/000095017025026278/0000950170-25-026278-index.htm,https://www.sec.gov/Archives/edgar/data/1140536/000095017025026278/wtw-20241231.htm,30.04950495049505,12.336633663366335,5.930693069306931,7.801980198019802,18.712871287128717,79.37623762376238,-20.564356435643564,78.61386138613861,58.18811881188119,31637240000.0,35558240000.0,6.347760834670947,10.424131795716638,52.816761268781306,40.14878172588833,3.984539042821159,3.984539042821159,11.716059308072488,19.137911733046288,59.36267111853088,45.124670050761424,0.0393839664901236,0.0249073560146207,0.7318639798488665,0.209927387016365,2.1103336921420883,1.198999841244642,13.651515151515152,0.4799679487179487,0.0028131404635802,0.0714285714285714,0.0026359143327841,0.0,0.3646544561251399,0.3155258764607679,0.0622734761120263,-1.5491803278688523,0.0118616144975288,147.71995192805772,0.0441650984614988,0.0708477852959572,-157.46039603960395,2507000000.0,-2077000000.0,-4559000000.0,13747000000.0,2501000000.0,526500000.0,0.0,73.95716639209225,69.32699341623994,0.0,1.2169206094627103,1.2981956315289649,0.0,0.1569269521410579,1.8712871287128712,2025-02-04,8.01,bmo,3049038720.0,2025-05-04,2024-12-31,0.0149812734082398,306.7346875,683391.515625
2024-09-30,WTW,USD,1140536,2024-10-31,2024-10-31 13:13:46,2024,Q3,2289000000.0,1396000000.0,893000000.0,0.3901266929,0,29000000.0,0.0,29000000.0,1630000000.0,1659000000.0,3055000000.0,0.0,65000000.0,116000000.0,470000000.0,0.2053298384,-766000000.0,-0.3346439493,-1228000000.0,-1994000000.0,-0.871122761,-322000000.0,-1675000000.0,-0.7317605941,-16.42,-16.42,102000000,102000000,https://www.sec.gov/Archives/edgar/data/1140536/000095017024119420/0000950170-24-119420-index.htm,https://www.sec.gov/Archives/edgar/data/1140536/000095017024119420/wtw-20240930.htm,22.44117647058824,-16.42156862745098,4.725490196078432,4.107843137254902,13.450980392156865,74.2156862745098,-26.19607843137255,73.45098039215686,59.35294117647059,30042060000.0,34659060000.0,-4.483889552238805,13.12453473132372,62.32792531120331,71.69942720763723,4.009885210891618,4.009885210891618,15.14157273918742,73.74268085106382,71.90676348547719,82.71852028639618,-0.0557551645925745,0.0139471128145007,0.7993860117458622,0.2204431684334511,9.823404255319147,1.141842840047866,-11.784615384615384,-0.2882775119617224,0.0029625132231278,-0.0531343283582089,0.0126692878986456,0.0,0.3769876325088339,0.1307053941908713,0.0275229357798165,0.5431034482758621,0.0135430318916557,,-0.0435312035734448,-0.0989601796053409,-160.2450980392157,1778000000.0,-2672000000.0,-5285000000.0,13269000000.0,2466500000.0,167000000.0,0.0,98.61074705111405,0.0,0.0,0.9126794258373204,0.0,0.0,-0.2235718099305926,0.6176470588235294,2024-10-31,2.72,bmo,2281824217.0,2025-04-24,2024-09-30,0.0772058823529411,279.755625,441994.796875
2024-06-30,WTW,USD,1140536,2024-07-25,2024-07-25 13:32:23,2024,Q2,2266000000.0,556000000.0,1710000000.0,0.7546337158,0,-21000000.0,0.0,-21000000.0,1000000.0,535000000.0,1963000000.0,0.0,68000000.0,117000000.0,450000000.0,0.1985878199,303000000.0,0.1337157988,-44000000.0,168000000.0,0.0741394528,26000000.0,141000000.0,0.0622241836,1.37,1.37,103000000,103000000,https://www.sec.gov/Archives/edgar/data/1140536/000095017024086379/0000950170-24-086379-index.htm,https://www.sec.gov/Archives/edgar/data/1140536/000095017024086379/wtw-20240630.htm,22.0,1.3689320388349515,3.951456310679612,3.3106796116504853,12.116504854368932,91.40776699029126,-25.893203883495147,90.6504854368932,58.84466019417476,26720260000.0,31466260000.0,47.376347517730494,11.79181818181818,65.65174447174448,78.35853372434018,2.861760736853379,2.861760736853379,13.886257722859664,69.92502222222222,77.31267813267813,92.27642228739003,0.0052768947607545,0.0127618518682078,0.6418549855413944,0.2023158463304301,10.546666666666669,1.1069117879122614,4.455882352941177,2.8865248226950357,0.0033682306983539,0.6382978723404256,-0.0092674315975286,0.0,0.4078725271757477,0.1621621621621621,0.029126213592233,0.5641025641025641,0.0132391879964695,52.840542783324494,0.0168769122146387,0.0080387685290763,-166.4101941747573,1355000000.0,-2667000000.0,-6178000000.0,14682000000.0,2427500000.0,341500000.0,0.0,96.31509267431598,54.064748201438846,0.0,0.9344329896907216,1.6646706586826348,0.0,0.0151012102388347,0.6407766990291263,2024-07-25,2.34,bmo,2270442755.0,2025-04-24,2024-06-30,0.0897435897435897,258.17349206349206,463105.77777777775
2024-03-31,WTW,USD,1140536,2024-04-25,2024-04-25 14:54:35,2024,Q1,2341000000.0,576000000.0,1765000000.0,0.7539513029,0,0.0,0.0,56000000.0,-1342000000.0,1342000000.0,1918000000.0,0.0,64000000.0,119000000.0,564000000.0,0.2409226826,423000000.0,0.180692012,-38000000.0,242000000.0,0.1033746262,48000000.0,190000000.0,0.0811618966,1.84,1.83,103000000,104000000,https://www.sec.gov/Archives/edgar/data/1140536/000095017024048159/0000950170-24-048159-index.htm,https://www.sec.gov/Archives/edgar/data/1140536/000095017024048159/wtw-20240331.htm,22.728155339805824,1.8446601941747576,0.233009708737864,-0.3495145631067961,18.37864077669903,92.89320388349516,-25.02912621359223,92.126213592233,65.18446601941747,28164320000.0,32921320000.0,37.05831578947368,12.03089278086288,1173.513333333333,-782.3422222222222,2.968102012856992,2.968102012856992,14.062930371636051,58.37113475177305,1371.7216666666666,-914.4811111111112,0.0067461241741323,-0.0012782130014145,0.7008114659078933,0.2199292257829811,8.434397163120567,1.1161762463790212,6.609375,0.1263157894736842,0.0030535088367125,0.4526315789473684,0.0,0.0,0.4016932896782088,2.5,0.025630072618539,0.5042016806722689,0.0102520290474156,61.83595296190364,0.0189525583251575,0.0105024597866342,-164.59708737864077,1524000000.0,-2578000000.0,-6027000000.0,14915000000.0,2501000000.0,372500000.0,0.0,93.42161469457496,54.53125,0.0,0.9633744855967078,1.650429799426934,0.0,0.0200231847402255,0.5825242718446602,2024-04-25,3.25,bmo,2368887325.0,2025-04-24,2024-03-31,0.0123076923076923,263.04295081967217,464811.68852459016
2023-12-31,WTW,USD,1140536,2024-02-22,2024-02-22 12:52:57,2023,Q4,2914000000.0,533000000.0,2381000000.0,0.8170899108,0,54000000.0,-12000000.0,42000000.0,-1325000000.0,1602000000.0,2135000000.0,0.0,63000000.0,118000000.0,1065000000.0,0.3654770075,779000000.0,0.2673301304,-40000000.0,739000000.0,0.2536032944,-116000000.0,622000000.0,0.2134522992,5.98,5.98,103000000,104000000,https://www.sec.gov/Archives/edgar/data/1140536/000095017024018575/0000950170-24-018575-index.htm,https://www.sec.gov/Archives/edgar/data/1140536/000095017024018575/wtw-20231231.htm,28.29126213592233,6.038834951456311,5.067961165048544,4.485436893203883,13.864077669902912,93.13592233009707,-25.41747572815534,92.4271844660194,58.29126213592233,24843600000.0,29360600000.0,9.985369774919612,8.525600549073438,47.593103448275855,53.774025974025975,2.609621848739496,2.609621848739496,10.07570350034317,27.568638497652582,56.2463601532567,63.55108225108225,0.0250366291519747,0.0185963386948751,0.6240546218487395,0.2042282571330354,4.241314553990611,1.0635787806809185,12.365079365079366,0.8392282958199357,0.0035019079360479,0.1398713826366559,0.0185312285518188,0.0,0.4197662426950842,0.1149425287356321,0.0205902539464653,0.5084745762711864,0.0130404941660947,112.06440791084027,0.0522783500623216,0.0368505243201611,-156.6990291262136,803000000.0,-2618000000.0,-6064000000.0,14299000000.0,2325500000.0,198000000.0,4019500000.0,79.43719972546329,66.86679174484053,0.0,1.1329704510108864,1.345959595959596,0.0,0.0653361344537815,0.5825242718446602,2024-02-06,7.05,bmo,2383310000.0,2025-04-24,2023-12-31,0.0553191489361702,231.228253968254,593709.2063492064
2023-09-30,WTW,USD,1140536,2023-10-26,2023-10-26 12:42:18,2023,Q3,2166000000.0,396000000.0,1770000000.0,0.8171745152,0,-29000000.0,0.0,-29000000.0,66000000.0,1611000000.0,2007000000.0,61000000.0,61000000.0,122000000.0,440000000.0,0.2031394275,159000000.0,0.0734072022,5000000.0,164000000.0,0.0757156048,-25000000.0,136000000.0,0.0627885503,1.3,1.29,105000000,105000000,https://www.sec.gov/Archives/edgar/data/1140536/000095017023055453/0000950170-23-055453-index.htm,https://www.sec.gov/Archives/edgar/data/1140536/000095017023055453/wtw-20230930.htm,20.62857142857143,1.2952380952380953,3.742857142857143,3.1619047619047618,13.628571428571428,90.33333333333331,-25.923809523809524,89.61904761904762,56.79047619047619,21940800000.0,26595800000.0,40.33235294117647,10.129639889196676,55.829007633587786,66.08674698795181,2.3316471838469712,2.3316471838469712,12.27876269621422,60.445,67.6737913486005,80.1078313253012,0.0061984977758331,0.0151316269233573,0.6272051009564293,0.2136625276038084,10.579545454545457,1.0467934542237949,2.6065573770491803,2.827338129496403,0.0040107926784802,0.6470588235294118,-0.0133887349953831,0.0,0.4419143467400355,0.1552162849872773,0.0281625115420129,0.5,0.0133887349953831,51.1053334011316,0.0107244413483582,0.0088220031136481,-105.98333333333332,529000000.0,-2722000000.0,-6304000000.0,13979000000.0,2142500000.0,161000000.0,8323500000.0,86.38504155124653,0.0,1827.0454545454545,1.0418470418470418,0.0,0.0492598581913173,0.014452709883103,0.580952380952381,2023-10-26,2.07,bmo,2087730000.0,2025-04-24,2023-09-30,0.0821256038647344,213.39031746031748,677130.1111111111
2023-06-30,WTW,USD,1140536,2023-07-27,2023-07-27 14:01:31,2023,Q2,2159000000.0,1440000000.0,719000000.0,0.3330245484,0,-25000000.0,0.0,-25000000.0,35000000.0,567000000.0,2007000000.0,57000000.0,57000000.0,134000000.0,404000000.0,0.1871236684,142000000.0,0.0657711904,-22000000.0,120000000.0,0.0555812876,24000000.0,94000000.0,0.0435386753,0.88,0.88,107000000,107000000,https://www.sec.gov/Archives/edgar/data/1140536/000095017023035063/0000950170-23-035063-index.htm,https://www.sec.gov/Archives/edgar/data/1140536/000095017023035063/wtw-20230630.htm,20.177570093457945,0.8785046728971962,2.766355140186916,2.205607476635514,14.97196261682243,92.30841121495328,-23.09345794392523,91.57943925233644,58.39252336448598,25198500000.0,29787500000.0,67.01728723404256,11.67137563686892,85.13006756756756,106.77330508474576,2.57153791203184,2.57153791203184,13.796896711440482,73.73143564356435,100.63344594594597,126.21822033898304,0.0037303807766335,0.0093656368434629,0.6317991631799164,0.2151669968373127,11.358910891089108,1.0708496950455344,2.491228070175439,3.083333333333333,0.0035716411691172,0.9574468085106383,-0.0115794349235757,0.0,0.4291523303096653,0.2027027027027027,0.0277906438165817,0.4477611940298507,0.0148216767021769,42.54634790203333,0.0063719991025353,0.0057229832572298,-105.9392523364486,848000000.0,-2471000000.0,-6079000000.0,14491000000.0,2338000000.0,662000000.0,4304000000.0,91.95924038906902,20.125,538.0,0.9786944696282864,4.472049689440993,0.1672862453531598,0.0095928155934279,0.5607476635514018,2023-07-27,2.38,bmo,2127380000.0,2025-04-24,2023-06-30,-0.1386554621848739,230.44387096774196,522978.2419354839
2023-03-31,WTW,USD,1140536,2023-04-27,2023-04-27 16:27:22,2023,Q1,2244000000.0,1313000000.0,931000000.0,0.4148841355,0,0.0,0.0,0.0,646000000.0,646000000.0,1959000000.0,0.0,54000000.0,131000000.0,441000000.0,0.1965240642,285000000.0,0.1270053476,-29000000.0,256000000.0,0.1140819964,50000000.0,203000000.0,0.0904634581,1.9,1.88,107000000,108000000,https://www.sec.gov/Archives/edgar/data/1140536/000095017023015309/0000950170-23-015309-index.htm,https://www.sec.gov/Archives/edgar/data/1140536/000095017023015309/wtw-20230331.htm,20.97196261682243,1.897196261682243,1.2523364485981308,0.6822429906542056,10.607476635514018,95.10280373831776,-20.83177570093458,94.35514018691588,51.62616822429906,24864660000.0,29199660000.0,30.621502463054185,11.080508021390374,185.5571641791045,340.6117808219178,2.4628229001584785,2.4628229001584785,13.012326203208556,66.21238095238095,217.9079104477612,399.9953424657534,0.0081641977006723,0.0029358937544289,0.5417987321711569,0.1714411082555005,9.829931972789115,1.0709920075223318,5.277777777777778,0.6504854368932039,0.0034989418717167,0.4285714285714285,0.0,0.0,0.3887983451388453,0.4552238805970149,0.0271836007130124,0.465648854961832,0.0115864527629233,63.4643989394465,0.0131847727664711,0.0104097225783293,-175.16355140186917,1057000000.0,-2229000000.0,-5784000000.0,14762000000.0,2428500000.0,665500000.0,0.0,99.06417112299464,68.68240670220868,0.0,0.908502024291498,1.3103792415169662,0.0,0.020106973058637,0.5700934579439252,2023-04-27,2.81,bmo,2222430000.0,2025-04-24,2023-03-31,0.0106761565836298,241.7483870967742,544073.2419354839
2022-12-31,WTW,USD,1140536,2023-02-24,2023-02-24 12:14:32,2022,Q4,2722000000.0,1336000000.0,1386000000.0,0.5091844232,0,0.0,0.0,45000000.0,650000000.0,650000000.0,1986000000.0,54000000.0,54000000.0,137000000.0,1007000000.0,0.3699485672,708000000.0,0.2601028655,29000000.0,737000000.0,0.2707567965,131000000.0,588000000.0,0.2160176341,5.42,5.4,108000000,109000000,https://www.sec.gov/Archives/edgar/data/1140536/000095017023004303/0000950170-23-004303-index.htm,https://www.sec.gov/Archives/edgar/data/1140536/000095017023004303/wtw-20221231.htm,25.203703703703702,5.444444444444445,3.4722222222222223,2.9722222222222223,12.083333333333334,93.45370370370372,-21.78703703703704,92.74074074074076,51.12037037037037,26414640000.0,30619640000.0,11.230714285714289,9.704129316678912,70.43904,82.28859813084112,2.637244408945687,2.637244408945687,11.248949301983837,30.40679245283019,81.65237333333333,95.38828660436135,0.0222603828785855,0.0121523518775951,0.545826677316294,0.1720859957820517,4.175769612711023,1.071452736991677,13.11111111111111,0.6323777403035413,0.0033693436669967,0.151360544217687,0.0,0.0,0.3917655576190626,0.144,0.0198383541513592,0.3941605839416058,0.0102865540044085,106.58677563722782,0.0335149499792605,0.0304300574444961,-172.0439814814815,1056000000.0,-2353000000.0,-5841000000.0,14806000000.0,2135500000.0,300500000.0,106500000.0,78.92358559882439,22.16317365269461,0.0,1.1403435274403015,4.060790273556231,0.0,0.0587060702875399,0.5,2023-02-09,6.22,bmo,2699763237.0,2025-04-24,2022-12-31,0.0176848874598071,228.4857142857143,582610.8412698413
2022-09-30,WTW,USD,1140536,2022-10-27,2022-10-27 17:07:02,2022,Q3,1953000000.0,1799000000.0,154000000.0,0.0788530466,0,-64000000.0,110000000.0,46000000.0,515000000.0,515000000.0,1799000000.0,54000000.0,54000000.0,131000000.0,408000000.0,0.2089093702,219000000.0,0.1121351767,31000000.0,185000000.0,0.0947260625,1000000.0,190000000.0,0.0972862263,1.73,1.71,110000000,111000000,https://www.sec.gov/Archives/edgar/data/1140536/000095017022020347/0000950170-22-020347-index.htm,https://www.sec.gov/Archives/edgar/data/1140536/000095017022020347/wtw-20220930.htm,17.754545454545454,1.7272727272727273,1.6272727272727272,1.1090909090909091,13.78181818181818,90.11818181818182,-22.63636363636364,89.43636363636364,50.19090909090909,22103400000.0,26074400000.0,29.08342105263158,11.317665130568356,123.4826815642458,181.1754098360656,2.2467371416954665,2.2467371416954665,13.35094726062468,63.9078431372549,145.66703910614524,213.72459016393444,0.0085959626120868,0.0055195128351294,0.555702378532222,0.1764060533703333,9.732843137254902,1.0657838833026485,4.055555555555555,0.9322916666666666,0.0041170136721047,0.4789473684210526,-0.0327700972862263,0.0,0.4002129650543706,0.3184357541899441,0.0291858678955453,0.4351145038167939,0.0122887864823348,58.9561049769198,0.0126306880960403,0.0102216483752958,-164.02272727272728,929000000.0,-2490000000.0,-6027000000.0,14617000000.0,1954500000.0,586000000.0,208500000.0,86.82027649769586,13.60755975541968,10.655919955530852,1.036624203821656,6.613970588235294,8.446009389671362,0.019312868469201,0.5181818181818182,2022-10-27,2.13,bmo,1984968000.0,2025-04-24,2022-09-30,0.0328638497652583,206.3521875,574070.75
2022-06-30,WTW,USD,1140536,2022-07-28,2022-07-28 13:46:25,2022,Q2,2031000000.0,1894000000.0,137000000.0,0.0674544559,0,0.0,0.0,72000000.0,541000000.0,541000000.0,1894000000.0,0.0,51000000.0,148000000.0,448000000.0,0.2205809946,209000000.0,0.1029049729,42000000.0,179000000.0,0.0881339242,19000000.0,160000000.0,0.0787789266,1.43,1.43,112000000,112000000,https://www.sec.gov/Archives/edgar/data/1140536/000095017022013342/0000950170-22-013342-index.htm,https://www.sec.gov/Archives/edgar/data/1140536/000095017022013342/wtw-20220630.htm,18.133928571428573,1.4285714285714286,2.1160714285714284,1.6964285714285714,17.3125,93.00892857142856,-19.1875,92.29464285714286,49.705357142857146,22107680000.0,25703680000.0,34.54324999999999,10.885120630231413,93.28135021097049,116.3562105263158,2.1386940118022637,2.1386940118022637,12.655677006400788,57.37428571428571,108.45434599156118,135.28252631578948,0.0072373039595289,0.0085942984519406,0.533617103608397,0.1696760896982374,8.026785714285714,1.1142118159542609,4.098039215686274,2.0789473684210527,0.0041162166269821,0.56875,0.0,0.0,0.3865391122458396,0.1983122362869198,0.0231413096996553,0.3175675675675675,0.0123092072870507,54.46662758431225,0.010405237966921,0.0080228651657223,-165.46651785714286,1678000000.0,-2149000000.0,-5722000000.0,15609000000.0,2105500000.0,913000000.0,214500000.0,89.7341211225997,42.76663146779303,9.69376979936642,1.002962962962963,2.1044444444444443,9.284313725490197,0.0154783786398374,0.4196428571428571,2022-07-28,2.31,bmo,2071018167.0,2025-04-24,2022-06-30,0.0043290043290042,214.3824193548387,806312.2580645161
2022-03-31,WTW,USD,1140536,2022-04-28,2022-04-28 16:17:26,2022,Q1,2160000000.0,1981000000.0,179000000.0,0.0828703704,0,0.0,0.0,57000000.0,637000000.0,637000000.0,1981000000.0,0.0,49000000.0,151000000.0,427000000.0,0.1976851852,254000000.0,0.1175925926,-22000000.0,157000000.0,0.0726851852,43000000.0,122000000.0,0.0564814815,1.03,1.03,118000000,118000000,https://www.sec.gov/Archives/edgar/data/1140536/000095017022006544/0000950170-22-006544-index.htm,https://www.sec.gov/Archives/edgar/data/1140536/000095017022006544/wtw-20220331.htm,18.305084745762716,1.0338983050847457,0.1779661016949152,-0.211864406779661,18.864406779661017,93.85593220338984,-13.703389830508474,93.2542372881356,46.440677966101696,27873960000.0,31106960000.0,57.11877049180328,12.90461111111111,1327.331428571429,-1114.9584,2.5330752453653216,2.5330752453653216,14.40137037037037,72.85002341920375,1481.2838095238096,-1244.2784,0.0043768449118819,-0.0008968944491561,0.4935478007997092,0.1653725526019305,7.571428571428571,1.1004425372133566,5.183673469387755,0.168,0.003515826240692,0.8032786885245902,0.0,0.0,0.3864681343442648,2.1904761904761907,0.0212962962962962,0.304635761589404,0.0101851851851851,46.57624343126995,0.0098796400803036,0.0060548910615911,-150.74576271186442,1498000000.0,-1617000000.0,-5354000000.0,15708000000.0,2278000000.0,624000000.0,5622500000.0,91.08333333333331,42.06966178697627,10.2221100454316,0.9881061299176578,2.139308855291577,8.804444444444444,0.0110868774990912,0.3898305084745763,2022-04-28,2.51,bmo,2231415727.0,2025-04-24,2022-03-31,0.0597609561752989,228.9593548387097,1117413.322580645
2021-12-31,WTW,USD,1140536,2022-02-24,2022-02-24 14:54:37,2021,Q4,2706000000.0,1333000000.0,1373000000.0,0.507390983,0,0.0,0.0,52000000.0,84000000.0,657000000.0,1990000000.0,0.0,50000000.0,153000000.0,976000000.0,0.3606799704,690000000.0,0.2549889135,34000000.0,724000000.0,0.2675535846,150000000.0,2402000000.0,0.8876570584,19.23,19.19,125000000,125000000,https://www.sec.gov/Archives/edgar/data/1140536/000095017022001932/0000950170-22-001932-index.htm,https://www.sec.gov/Archives/edgar/data/1140536/000095017022001932/wtw-20211231.htm,21.648,19.216,1.472,1.056,125.6,106.464,4.56,106.08,44.168,29686250000.0,30471250000.0,3.089742922564529,10.970528455284551,161.3383152173913,224.89583333333337,2.2387820512820515,2.2387820512820515,11.260624538063562,31.220543032786885,165.6046195652174,230.84280303030303,0.0809128805423386,0.004446503010653,0.4125942684766214,0.1564483843294252,0.8043032786885246,1.2556370551480576,13.8,0.0764437058579144,0.0033348772579898,0.0412156536219816,0.0,0.0,0.3642550757792393,0.2826086956521739,0.0192165558019216,0.3421052631578947,0.0110864745011086,214.1605677990232,0.0260336077140354,0.1080424613170205,10.604,3764000000.0,570000000.0,-3174000000.0,18073000000.0,2217500000.0,298500000.0,7990500000.0,78.82483370288249,21.74043510877719,744.0360090022505,1.1417721518987345,4.139751552795032,0.1209618874773139,0.1811463046757164,0.416,2022-02-08,5.35,bmo,2787554458.0,2025-04-24,2021-12-31,0.0598130841121495,236.658125,1290957.953125
2021-09-30,WTW,USD,1140536,2021-10-28,2021-10-28 16:01:23,2021,Q3,1973000000.0,842000000.0,1131000000.0,0.5732387228,0,0.0,0.0,56000000.0,80000000.0,539000000.0,842000000.0,0.0,50000000.0,154000000.0,412000000.0,0.2088190573,1131000000.0,0.5732387228,55000000.0,1186000000.0,0.6011150532,267000000.0,903000000.0,0.4576786619,7.01,6.99,129000000,129000000,https://www.sec.gov/Archives/edgar/data/1140536/000156459021052630/0001564590-21-052630-index.htm,https://www.sec.gov/Archives/edgar/data/1140536/000156459021052630/wltw-10q_20210930.htm,15.294573643410851,7.0,11.713178294573645,11.37984496124031,101.43410852713178,88.62790697674419,-10.806201550387597,88.31782945736434,43.82945736434109,29987340000.0,33429340000.0,8.302142857142858,15.19885453623923,19.84602250165453,20.42734332425068,2.6320846133590803,2.6320846133590803,16.94340598073999,81.13917475728155,22.123984116479157,22.772029972752044,0.0301127075625914,0.0489539919179227,0.4918809795488458,0.1503138243656456,8.354368932038835,1.10609153416416,22.62,1.6659316427783903,0.0002000844356318,0.0066445182724252,0.0,0.0,0.3440534306099458,0.0284579748510919,0.0217942219969589,0.2792207792207792,0.0096300050684237,117.94090952479078,0.0450350439956394,0.0369249642199959,-67.71124031007751,1975000000.0,-1394000000.0,-5258000000.0,16478000000.0,2286000000.0,299000000.0,10170000000.0,94.19665484034464,29.394299287410924,530.273159144893,0.9554479418886198,3.061818181818182,0.1697238459987905,0.0792591942420784,0.3333333333333333,2021-10-28,1.59,amc,,2025-04-24,2021-09-30,0.0880503144654087,222.60125,2043253.609375
2021-06-30,WTW,USD,1140536,2021-08-04,2021-08-04 14:05:03,2021,Q2,2286000000.0,1458000000.0,828000000.0,0.3622047244,0,0.0,0.0,59000000.0,74000000.0,568000000.0,2026000000.0,0.0,52000000.0,170000000.0,463000000.0,0.2025371829,260000000.0,0.113735783,22000000.0,282000000.0,0.1233595801,96000000.0,184000000.0,0.0804899388,1.42,1.41,130000000,130000000,https://www.sec.gov/Archives/edgar/data/1140536/000156459021040668/0001564590-21-040668-index.htm,https://www.sec.gov/Archives/edgar/data/1140536/000156459021040668/wltw-10q_20210630.htm,17.584615384615386,1.4153846153846157,3.8,3.376923076923077,135.35384615384615,90.1153846153846,-15.892307692307693,89.76923076923077,47.284615384615385,29902600000.0,33780600000.0,40.62853260869565,13.080752405949257,60.53157894736842,68.11526195899772,2.5623479005998284,2.5623479005998284,14.777165354330709,72.96025917926566,68.38178137651822,76.94897494305239,0.0061533110833171,0.0146809976390012,0.5222793487574978,0.1592756160660621,8.375809935205183,1.072702618128716,5.0,2.6559139784946235,0.0059192177268866,0.9619565217391304,0.0,0.0,0.360127525021559,0.1113360323886639,0.0240594925634295,0.3235294117647059,0.010936132983377,53.46779155461548,0.0084249256547348,0.0075144980805358,4.721153846153846,1394000000.0,-2066000000.0,-5984000000.0,16932000000.0,2538000000.0,618000000.0,7818000000.0,98.7007874015748,19.938271604938272,949.320987654321,0.9118468288791384,4.513931888544891,0.0948046036803433,0.0157669237360754,0.4230769230769231,2021-08-03,1.99,amc,,2025-04-24,2021-06-30,0.3366834170854272,248.68492063492064,1051400.5555555555
2021-03-31,WTW,USD,1140536,2021-04-29,2021-04-29 14:05:52,2021,Q1,2590000000.0,2138000000.0,452000000.0,0.1745173745,0,0.0,0.0,59000000.0,76000000.0,591000000.0,2138000000.0,0.0,59000000.0,174000000.0,485000000.0,0.1872586873,452000000.0,0.1745173745,380000000.0,832000000.0,0.3212355212,96000000.0,733000000.0,0.283011583,5.64,5.63,130000000,130000000,https://www.sec.gov/Archives/edgar/data/1140536/000156459021021810/0001564590-21-021810-index.htm,https://www.sec.gov/Archives/edgar/data/1140536/000156459021021810/wltw-10q_20210331.htm,19.923076923076923,5.638461538461539,-0.9846153846153848,-1.376923076923077,137.46923076923076,89.03076923076924,-17.615384615384617,88.66153846153846,47.43076923076923,29754400000.0,33901400000.0,10.148158253751705,11.488185328185327,-232.45625,-166.22569832402235,2.581502689571404,2.581502689571404,13.08934362934363,69.899793814433,-264.8546875,-189.39329608938547,0.024635011964617,-0.006015916973624,0.5298455665452022,0.1580813833091737,8.550515463917526,1.0973711882229231,7.661016949152542,-0.1739130434782608,0.0030919796735944,0.1255115961800818,0.0,0.0,0.3588734727686892,-0.3984375,0.0196911196911196,0.293103448275862,0.0104247104247104,106.05696666185958,0.0197650100764287,0.029594638242894,-54.85961538461538,1852000000.0,-2290000000.0,-6186000000.0,17508000000.0,2488500000.0,885000000.0,7708500000.0,89.27027027027027,38.43311506080449,10.818521983161832,1.008174386920981,2.3417305585980284,8.319066147859923,0.0635953496442825,0.3923076923076923,2021-04-29,3.28,amc,,2025-04-24,2021-03-31,0.1097560975609757,217.91639344262293,1030739.4098360656
2020-12-31,WTW,USD,1140536,2021-02-23,2021-02-23 16:22:36,2020,Q4,2764000000.0,1464000000.0,1300000000.0,0.4703328509,0,0.0,0.0,59000000.0,75000000.0,689000000.0,2153000000.0,0.0,60000000.0,184000000.0,852000000.0,0.3082489146,587000000.0,0.2123733719,15000000.0,602000000.0,0.2178002894,119000000.0,476000000.0,0.1722141823,3.67,3.66,130000000,130000000,https://www.sec.gov/Archives/edgar/data/1140536/000156459021007578/0001564590-21-007578-index.htm,https://www.sec.gov/Archives/edgar/data/1140536/000156459021007578/wltw-10k_20201231.htm,21.26153846153846,3.661538461538461,4.369230769230769,3.953846153846154,132.6846153846154,84.0923076923077,-25.5,83.23076923076923,52.03846153846154,27388400000.0,32004400000.0,14.38466386554622,9.908972503617944,48.21901408450705,53.28482490272373,2.5312754158964883,2.5312754158964883,11.579015918958032,37.56384976525822,56.345774647887325,62.26536964980545,0.0173796205692921,0.0187670692702019,0.6196857670979667,0.1740157275959617,5.417840375586854,1.0501241464928617,9.783333333333331,1.175983436853002,0.0031765272889252,0.1827731092436974,0.0,0.0,0.3697542238716877,0.0950704225352112,0.0195369030390738,0.2934782608695652,0.0112156295224312,82.80661151890351,0.0231717154380846,0.0196013836270795,-7.415384615384616,969000000.0,-3315000000.0,-7298000000.0,17132000000.0,2315500000.0,428500000.0,7580000000.0,78.40810419681621,52.6844262295082,931.967213114754,1.1478405315614617,1.7082847141190198,0.0965699208443271,0.043992606284658,0.4153846153846154,2021-02-09,5.03,amc,,2025-04-24,2020-12-31,0.0397614314115308,205.8928125,901295.78125
2020-09-30,WTW,USD,1140536,2020-10-29,2020-10-29 15:03:05,2020,Q3,2009000000.0,1936000000.0,73000000.0,0.0363364858,0,0.0,0.0,60000000.0,74000000.0,563000000.0,1936000000.0,0.0,61000000.0,181000000.0,365000000.0,0.1816824291,73000000.0,0.0363364858,95000000.0,168000000.0,0.0836236934,46000000.0,121000000.0,0.0602289696,0.93,0.93,130000000,130000000,https://www.sec.gov/Archives/edgar/data/1140536/000156459020048782/0001564590-20-048782-index.htm,https://www.sec.gov/Archives/edgar/data/1140536/000156459020048782/wltw-10q_20200930.htm,15.453846153846154,0.9307692307692308,4.007692307692308,3.5153846153846158,132.36153846153846,81.6923076923077,-27.96923076923077,80.88461538461539,51.792307692307695,27146600000.0,32171600000.0,56.088016528925614,13.512493777999005,52.10479846449136,59.40175054704595,2.581702330004755,2.581702330004755,16.013738178198107,88.1413698630137,61.74971209213052,70.39737417943107,0.0044572801013754,0.0168345207134595,0.6345221112696149,0.1754081552172884,13.767123287671232,1.036108220603538,1.1967213114754098,4.270491803278689,0.0032416582555458,0.7272727272727273,0.0,0.0,0.3747929647448537,0.1228406909788867,0.0318566450970632,0.3535911602209944,0.0154305624688899,41.157144008769365,0.0026595045784329,0.005088095538455,-65.71346153846154,694000000.0,-3636000000.0,-7503000000.0,16841000000.0,2326500000.0,137000000.0,124500000.0,99.58685913389743,0.0,0.0,0.9037336932073774,0.0,0.0,0.0115073704232049,0.4923076923076923,2020-10-29,1.3,amc,,2025-04-24,2020-09-30,0.023076923076923,204.19078125,749082.171875
2020-06-30,WTW,USD,1140536,2020-07-30,2020-07-30 18:33:29,2020,Q2,2113000000.0,1950000000.0,163000000.0,0.077141505,0,0.0,0.0,59000000.0,76000000.0,573000000.0,1950000000.0,0.0,62000000.0,186000000.0,129000000.0,0.0610506389,163000000.0,0.077141505,14000000.0,177000000.0,0.0837671557,75000000.0,94000000.0,0.0444865121,0.73,0.72,129000000,130000000,https://www.sec.gov/Archives/edgar/data/1140536/000156459020034751/0001564590-20-034751-index.htm,https://www.sec.gov/Archives/edgar/data/1140536/000156459020034751/wltw-10q_20200630.htm,16.37984496124031,0.7286821705426356,5.131782945736434,4.457364341085271,132.7829457364341,81.05426356589147,-30.984496124031008,80.11627906976744,51.97674418604651,25406550000.0,30962550000.0,67.57061170212766,12.023923331755798,38.378474320241686,44.18530434782609,2.4583018867924524,2.4583018867924524,14.653360151443446,240.01976744186047,46.77122356495468,53.84791304347826,0.0036998333107013,0.0226319590814179,0.6427672955974842,0.1743112044082918,43.06976744186046,1.0474788369525212,2.629032258064516,6.490196078431373,0.0034243138088406,0.925531914893617,0.0,0.0,0.3792442928365258,0.1314199395770392,0.0411736867013724,0.4677419354838709,0.0137245622337908,36.2427143421688,0.0047536540177039,0.0039734539459779,-66.49612403100775,903000000.0,-3997000000.0,-7732000000.0,17239000000.0,2512000000.0,564000000.0,267000000.0,103.50212967345009,12.646153846153846,11.492307692307692,0.8695473251028807,7.116788321167883,7.831325301204819,0.0090953072085147,0.6744186046511628,2020-07-30,1.63,amc,,2025-04-24,2020-06-30,0.1042944785276074,191.44444444444449,951965.8412698412
2020-03-31,WTW,USD,1140536,2020-04-30,2020-04-30 13:53:32,2020,Q1,2466000000.0,2106000000.0,360000000.0,0.1459854015,0,0.0,0.0,57000000.0,92000000.0,703000000.0,2106000000.0,0.0,61000000.0,219000000.0,576000000.0,0.2335766423,360000000.0,0.1459854015,31000000.0,391000000.0,0.1585563666,78000000.0,305000000.0,0.1236820762,2.36,2.34,130000000,130000000,https://www.sec.gov/Archives/edgar/data/1140536/000156459020020090/0001564590-20-020090-index.htm,https://www.sec.gov/Archives/edgar/data/1140536/000156459020020090/wltw-10q_20200331.htm,18.96923076923077,2.3461538461538463,0.1769230769230769,-0.4461538461538462,126.82307692307693,79.91538461538461,-31.79230769230769,78.94615384615385,53.84615384615385,22080500000.0,28121500000.0,18.09877049180328,8.95397404703974,960.0217391304348,-380.69827586206895,2.151466432816915,2.151466432816915,11.403690186536902,48.82204861111112,1222.6739130434785,-484.8534482758621,0.0138130930006114,-0.0026267521115916,0.676118094124525,0.1839266307949214,10.48784722222222,1.0497207903780068,5.901639344262295,0.0734824281150159,0.0038042616788569,0.2754098360655738,0.0,0.0,0.3849232645055265,3.5217391304347827,0.0328467153284671,0.3698630136986301,-0.0004055150040551,64.55575889041317,0.0144445964223601,0.0131437190260719,-67.4076923076923,926000000.0,-4133000000.0,-7788000000.0,17328000000.0,2607500000.0,586000000.0,6687000000.0,94.67153284671532,36.495726495726494,12.17948717948718,0.9506553585196608,2.4660421545667446,7.389473684210526,0.0297184059241937,0.6230769230769231,2020-04-30,3.13,amc,,2025-04-24,2020-03-31,0.0670926517571885,196.6216129032258,1084872.9032258063
2019-12-31,WTW,USD,1140536,2020-02-26,2020-02-26 15:29:51,2019,Q4,2690000000.0,1341000000.0,1349000000.0,0.5014869888,0,0.0,0.0,61000000.0,50000000.0,662000000.0,2003000000.0,0.0,62000000.0,190000000.0,894000000.0,0.3323420074,687000000.0,0.2553903346,-12000000.0,675000000.0,0.250929368,124000000.0,544000000.0,0.2022304833,4.2,4.18,129000000,130000000,https://www.sec.gov/Archives/edgar/data/1140536/000156459020006736/0001564590-20-006736-index.htm,https://www.sec.gov/Archives/edgar/data/1140536/000156459020006736/wltw-10k_20191231.htm,20.85271317829457,4.217054263565892,3.5736434108527133,2.89922480620155,108.34108527131782,80.37984496124031,-33.35658914728682,79.44961240310077,52.76744186046512,26050260000.0,31908260000.0,11.971626838235292,9.68411152416357,56.50815618221258,69.65310160427808,2.541736754805347,2.541736754805347,11.861806691449814,35.69156599552573,69.21531453362256,85.31620320855615,0.0208827090401401,0.0143568624650963,0.6581129866328422,0.1899411449973247,6.552572706935123,1.0598576292169606,11.080645161290322,0.8366606170598911,0.0032245359547275,0.1544117647058823,0.0,0.0,0.4131677508377686,0.1887201735357917,0.0323420074349442,0.4578947368421052,0.0096654275092936,86.824390877627,0.0282673297825271,0.0261048994673448,-20.587209302325583,967000000.0,-4303000000.0,-8020000000.0,17653000000.0,2394000000.0,359500000.0,13434000000.0,87.6914498141264,21.34228187919463,878.4563758389262,1.0263258298359406,4.216981132075472,0.1024524409809763,0.0530783491072299,0.6744186046511628,2020-02-06,4.86,amc,,2025-04-24,2019-12-31,0.0082304526748971,191.64203125,551872.390625
2019-09-30,WTW,USD,1140536,2019-11-01,2019-11-01 12:18:06,2019,Q3,1989000000.0,1289000000.0,700000000.0,0.3519356461,0,0.0,0.0,59000000.0,55000000.0,593000000.0,1882000000.0,0.0,62000000.0,176000000.0,346000000.0,0.1739567622,107000000.0,0.0537958773,-7000000.0,100000000.0,0.0502765209,20000000.0,75000000.0,0.0377073906,0.58,0.58,130000000,130000000,https://www.sec.gov/Archives/edgar/data/1140536/000156459019039341/0001564590-19-039341-index.htm,https://www.sec.gov/Archives/edgar/data/1140536/000156459019039341/wltw-10q_20190930.htm,15.3,0.5769230769230769,2.4384615384615387,1.946153846153846,112.66153846153846,77.16153846153846,-36.284615384615385,76.05384615384615,54.11538461538461,25086100000.0,31192100000.0,83.62033333333333,12.612418300653594,79.1359621451104,99.15454545454546,2.5372812784464447,2.5372812784464447,15.682302664655603,90.15057803468208,98.39779179810724,123.28893280632413,0.0029897034612793,0.0100852663427156,0.7052695458683119,0.1953057166064476,17.647398843930635,1.0396749521988529,1.7258064516129032,3.9625,0.0033484678766328,1.12,0.0,0.0,0.4130745315519704,0.2018927444794952,0.0321769733534439,0.3636363636363636,0.0105580693815987,31.42033459458226,0.0043662331038,0.003579098067287,-19.317307692307693,664000000.0,-4717000000.0,-8272000000.0,17334000000.0,2314000000.0,597000000.0,14194000000.0,98.05429864253394,27.99844840961986,962.0713731574864,0.9178587909552376,3.2144638403990027,0.0935481529864286,0.0075857186204106,0.4923076923076923,2019-10-31,1.31,amc,,2025-04-24,2019-09-30,0.0,195.30625,546867.40625
2019-06-30,WTW,USD,1140536,2019-08-01,2019-08-01 17:13:50,2019,Q2,2048000000.0,1278000000.0,770000000.0,0.3759765625,0,0.0,0.0,63000000.0,67000000.0,594000000.0,1872000000.0,0.0,56000000.0,182000000.0,418000000.0,0.2041015625,176000000.0,0.0859375,11000000.0,187000000.0,0.0913085938,38000000.0,138000000.0,0.0673828125,1.06,1.06,130000000,130000000,https://www.sec.gov/Archives/edgar/data/1140536/000156459019028038/0001564590-19-028038-index.htm,https://www.sec.gov/Archives/edgar/data/1140536/000156459019028038/wltw-10q_20190630.htm,15.753846153846156,1.0615384615384615,2.6923076923076925,2.076923076923077,118.62307692307692,78.70769230769231,-25.20769230769231,77.61538461538461,43.246153846153845,25212200000.0,29966200000.0,45.67427536231884,12.31064453125,72.03485714285713,93.37851851851852,2.4987314172447967,2.4987314172447967,14.63193359375,71.68947368421053,85.61771428571429,110.98592592592593,0.0054735405874933,0.0107091011494435,0.5516352824578791,0.1582778820451572,11.373205741626794,1.065624273424785,3.142857142857143,2.348993288590604,0.0033317203576046,0.6086956521739131,0.0,0.0,0.3841494625490531,0.2285714285714285,0.0390625,0.4395604395604395,0.00830078125,43.05593582152704,0.0076606191476918,0.0063720736944175,-2.7903846153846152,1129000000.0,-3277000000.0,-6601000000.0,16535000000.0,2475500000.0,740500000.0,14869000000.0,108.1494140625,55.84507042253521,1028.8028169014085,0.8321820398212109,1.6116015132408574,0.0874803203504688,0.0136769078295341,0.6153846153846154,2019-07-31,1.75,amc,,2025-04-24,2019-06-30,0.0171428571428571,181.07873015873017,514411.1111111111
2019-03-31,WTW,USD,1140536,2019-05-03,2019-05-03 16:02:36,2019,Q1,2312000000.0,1354000000.0,958000000.0,0.4143598616,0,0.0,0.0,61000000.0,55000000.0,599000000.0,1953000000.0,0.0,54000000.0,181000000.0,605000000.0,0.2616782007,359000000.0,0.1552768166,1000000.0,360000000.0,0.1557093426,67000000.0,287000000.0,0.1241349481,2.21,2.2,130000000,130000000,https://www.sec.gov/Archives/edgar/data/1140536/000156459019015683/0001564590-19-015683-index.htm,https://www.sec.gov/Archives/edgar/data/1140536/000156459019015683/wltw-10q_20190331.htm,17.784615384615385,2.207692307692308,-0.3615384615384615,-0.9307692307692308,124.00769230769232,78.78461538461538,-26.161538461538463,77.63076923076923,45.215384615384615,22894300000.0,27726300000.0,19.942770034843207,9.902378892733564,-487.11276595744687,-189.2090909090909,2.2685592548553317,2.2685592548553317,11.99234429065744,45.82859504132232,-589.9212765957446,-229.1429752066116,0.0125358713740974,-0.0052851583145149,0.5770907649623465,0.1622600507062658,7.986776859504133,1.0773762320154072,6.648148148148148,-0.1604095563139931,0.0033632825637822,0.2682926829268293,0.0,0.0,0.380101969743404,-1.574468085106383,0.0320069204152249,0.4088397790055249,0.0043252595155709,62.09798041480603,0.015719917744182,0.0128988764044943,-0.7538461538461538,1366000000.0,-3401000000.0,-6631000000.0,16912000000.0,2434500000.0,465500000.0,13866500000.0,96.92906574394463,45.73116691285082,1005.6203840472674,0.9285140562248996,1.9680232558139537,0.0894969925309009,0.0284383670233848,0.5692307692307692,2019-05-01,2.99,amc,,2025-04-24,2019-03-31,-0.0033444816053512,165.96393442622949,767770.8196721311
2018-12-31,WTW,USD,1140536,2019-02-27,2019-02-27 16:20:19,2018,Q4,2372000000.0,1287000000.0,1085000000.0,0.4574198988,0,0.0,0.0,57000000.0,61000000.0,615000000.0,1902000000.0,0.0,54000000.0,181000000.0,704000000.0,0.2967959528,470000000.0,0.1981450253,7000000.0,477000000.0,0.2010961214,94000000.0,378000000.0,0.1593591906,2.91,2.89,130000000,131000000,https://www.sec.gov/Archives/edgar/data/1140536/000156459019004912/0001564590-19-004912-index.htm,https://www.sec.gov/Archives/edgar/data/1140536/000156459019004912/wltw-10k_20181231.htm,18.246153846153845,2.907692307692308,4.4,3.8461538461538463,104.9,76.99230769230769,-29.123076923076923,75.78461538461538,35.60769230769231,19741800000.0,23283800000.0,13.056746031746034,8.322849915682967,34.513636363636365,39.4836,2.0038367844092573,2.0038367844092573,9.81610455311973,33.07357954545454,40.70594405594406,46.5676,0.0191471902258152,0.0253269711981683,0.4643727161997564,0.1412211384121496,5.03125,1.0731324750016338,8.703703703703704,1.4934725848563968,0.0039510075069142,0.2063492063492063,0.0,0.0,0.4258241758241758,0.1258741258741259,0.0303541315345699,0.3977900552486187,0.0147554806070826,70.4135123530526,0.0218378250637477,0.020321488092038,-5.105769230769231,1119000000.0,-3786000000.0,-5967000000.0,15856000000.0,2255500000.0,461000000.0,6437500000.0,90.26559865092749,16.993006993006993,881.3986013986014,0.9970575872215216,5.296296296296297,0.1021104411298,0.03836784409257,0.5538461538461539,2019-02-07,4.06,amc,,2025-04-24,2018-12-31,-0.0147783251231526,149.6768253968254,866876.7777777778
2018-09-30,WTW,USD,1140536,2018-11-02,2018-11-02 17:23:58,2018,Q3,1859000000.0,1842000000.0,17000000.0,0.0091447015,0,0.0,0.0,58000000.0,70000000.0,554000000.0,1842000000.0,0.0,51000000.0,181000000.0,324000000.0,0.1742872512,17000000.0,0.0091447015,19000000.0,36000000.0,0.0193652501,-10000000.0,44000000.0,0.0236686391,0.34,0.33,131000000,132000000,https://www.sec.gov/Archives/edgar/data/1140536/000156459018026537/0001564590-18-026537-index.htm,https://www.sec.gov/Archives/edgar/data/1140536/000156459018026537/wltw-10q_20180930.htm,14.19083969465649,0.3358778625954198,2.450381679389313,1.809160305343512,107.45801526717555,77.78625954198473,-28.213740458015263,76.70992366412214,37.32824427480916,18569250000.0,22477250000.0,105.50710227272728,9.988838084991931,57.848130841121495,78.35126582278481,1.847870434869141,1.847870434869141,12.091043571812802,69.37422839506173,70.02258566978193,94.84071729957806,0.0023695087308318,0.012763035663799,0.4815404517862474,0.1464544051330165,12.061728395061728,1.077209900353584,0.3333333333333333,6.978260869565218,0.0042543452212663,1.7954545454545454,0.0,0.0,0.4202657304561,0.2616822429906542,0.0451855836471221,0.4640883977900552,0.0059171597633136,24.07729671295495,0.0012291886726019,0.0022970503784912,-53.73664122137404,1201000000.0,-3696000000.0,-6095000000.0,16031000000.0,2263000000.0,697000000.0,7198500000.0,103.2167832167832,33.17589576547231,13.241042345276872,0.8719512195121951,2.712812960235641,6.797047970479705,0.0043785451288685,0.6412213740458015,2018-11-02,1.11,amc,,2025-04-24,2018-09-30,0.1891891891891891,151.18412698412698,527169.1587301587
2018-06-30,WTW,USD,1140536,2018-08-06,2018-08-06 16:03:23,2018,Q2,1990000000.0,1330000000.0,660000000.0,0.3316582915,0,0.0,0.0,64000000.0,63000000.0,597000000.0,1927000000.0,0.0,52000000.0,193000000.0,369000000.0,0.1854271357,63000000.0,0.0316582915,11000000.0,74000000.0,0.0371859296,9000000.0,58000000.0,0.0291457286,0.44,0.44,132000000,133000000,https://www.sec.gov/Archives/edgar/data/1140536/000114053618000019/0001140536-18-000019-index.htm,https://www.sec.gov/Archives/edgar/data/1140536/000114053618000019/wltw-20180630_10q.htm,15.075757575757576,0.4393939393939394,2.856060606060606,2.189393939393939,113.91666666666669,78.5909090909091,-27.696969696969692,77.48484848484848,35.803030303030305,20011200000.0,23774200000.0,86.2551724137931,10.055879396984924,53.08010610079575,69.24290657439447,1.956511536957372,1.956511536957372,11.946834170854272,64.42872628726288,63.06153846153846,82.2636678200692,0.0028983769089309,0.0144419125289837,0.4569808369182636,0.1366147370882413,10.197831978319783,1.0919912098644855,1.2115384615384617,5.8,0.0040477332693691,1.396551724137931,0.0,0.0,0.4100780405109169,0.2334217506631299,0.0442211055276381,0.4559585492227979,0.000502512562814,27.67748883894188,0.0030887384370304,0.0028737055938165,0.428030303030303,1507000000.0,-3656000000.0,-5950000000.0,16461000000.0,2497000000.0,692500000.0,13869500000.0,108.2713567839196,48.38345864661654,955.8947368421052,0.8312447786131997,1.86013986013986,0.0941526263627353,0.0056707078607743,0.6666666666666666,2018-08-02,1.67,amc,,2025-04-24,2018-06-30,0.0179640718562874,152.21265625,562166.140625
2018-03-31,WTW,USD,1140536,2018-05-08,2018-05-08 16:43:04,2018,Q1,2292000000.0,1420000000.0,872000000.0,0.3804537522,0,0.0,0.0,64000000.0,56000000.0,613000000.0,2033000000.0,0.0,51000000.0,192000000.0,573000000.0,0.25,259000000.0,0.1130017452,5000000.0,264000000.0,0.1151832461,43000000.0,215000000.0,0.0938045375,1.62,1.61,133000000,133000000,https://www.sec.gov/Archives/edgar/data/1140536/000114053618000012/0001140536-18-000012-index.htm,https://www.sec.gov/Archives/edgar/data/1140536/000114053618000012/wltw-20180331_10q.htm,17.23308270676692,1.6165413533834587,0.1353383458646616,-0.4511278195488721,109.52631578947368,81.42857142857143,-26.210526315789476,80.2406015037594,34.909774436090224,20241270000.0,23879270000.0,23.53636046511628,8.831269633507853,1124.515,-337.3545,1.896670727136432,1.896670727136432,10.418529668411868,41.67411867364747,1326.6261111111112,-397.98783333333336,0.0106218631538436,-0.0029642408801424,0.4302848575712144,0.134221910440781,6.349040139616056,1.1140217666413563,5.078431372549019,0.0814479638009049,0.0033594729974947,0.3162790697674418,0.0,0.0,0.4184496667835847,4.333333333333333,0.0340314136125654,0.40625,0.0013089005235602,54.0233804699574,0.0117241331281779,0.010806192199437,-0.4398496240601504,1802000000.0,-3486000000.0,-5776000000.0,17044000000.0,2423000000.0,403000000.0,12884000000.0,102.09424083769632,42.46478873239437,862.7957746478874,0.8815384615384615,2.1194029850746268,0.1043120546536399,0.0201461769115442,0.5864661654135338,2018-05-07,2.63,amc,,2025-04-24,2018-03-31,0.0304182509505703,156.97639344262294,584181.7868852459
2017-12-31,WTW,USD,1140536,2018-02-28,2018-02-28 14:54:19,2017,Q4,2078000000.0,1353000000.0,725000000.0,0.3488931665,0,0.0,0.0,302000000.0,18000000.0,568000000.0,1921000000.0,0.0,49000000.0,223000000.0,351000000.0,0.1689124158,110000000.0,0.0529355149,-31000000.0,79000000.0,0.0380173244,-173000000.0,245000000.0,0.1179018287,1.85,1.84,133000000,133000000,https://www.sec.gov/Archives/edgar/data/1140536/000114053618000008/0001140536-18-000008-index.htm,https://www.sec.gov/Archives/edgar/data/1140536/000114053618000008/wtw-10k_2017.htm,15.62406015037594,1.8421052631578947,2.609022556390977,1.669172932330827,99.13533834586468,77.27067669172932,-31.00751879699248,76.13533834586467,34.46616541353384,20041770000.0,23546770000.0,20.450785714285715,9.644740134744946,57.75726224783862,90.27824324324324,1.9792385937191384,1.9792385937191384,11.33145813282002,67.08481481481482,67.85812680115274,106.06653153153154,0.0122244691960839,0.0110768659654311,0.4478570017776022,0.1397190215047138,9.985754985754983,1.0749576414774653,2.2448979591836733,1.3715415019762849,0.0033929138993212,0.2775510204081632,0.0,0.0,0.4436810647606137,0.3602305475504322,0.0601539942252165,0.5605381165919282,0.0091434071222329,56.17481124385331,0.0197038452352519,0.0135681453176053,-9.278195488721805,1106000000.0,-4124000000.0,-6320000000.0,16492000000.0,2200500000.0,68000000.0,12180500000.0,97.2762271414822,9.046563192904657,808.5365853658536,0.92520035618878,9.948529411764708,0.1113122171945701,0.0241951412206201,0.9398496240601504,2018-02-08,2.11,amc,,2025-04-24,2017-12-31,0.04739336492891,157.96238095238093,707032.873015873
2017-09-30,WTW,USD,1140536,2017-11-06,2017-11-06 14:30:21,2017,Q3,1852000000.0,1219000000.0,633000000.0,0.3417926566,0,0.0,0.0,0.0,-29000000.0,561000000.0,1780000000.0,0.0,47000000.0,198000000.0,344000000.0,0.1857451404,41000000.0,0.0221382289,-76000000.0,-35000000.0,-0.0188984881,19000000.0,-54000000.0,-0.0291576674,-0.4,-0.4,134000000,134000000,https://www.sec.gov/Archives/edgar/data/1140536/000114053617000034/0001140536-17-000034-index.htm,https://www.sec.gov/Archives/edgar/data/1140536/000114053617000034/wltw-20170930_10q.htm,13.82089552238806,-0.4029850746268656,1.462686567164179,0.7238805970149254,97.8955223880597,75.23134328358209,-33.44776119402985,73.99253731343283,34.514925373134325,20666820000.0,24332820000.0,-95.6797222222222,11.159190064794815,105.44295918367348,213.06,2.0843993948562782,2.0843993948562782,13.1386717062635,70.73494186046511,124.14704081632654,250.85381443298968,-0.002612883839894,0.0046935135642542,0.4617246596066566,0.1418567178978681,10.656976744186046,1.0779747183292112,0.8723404255319149,-3.6296296296296298,0.0034838451198587,-1.3333333333333333,0.0,0.0,0.4512580565195835,0.5051020408163265,0.0534557235421166,0.5,0.0080993520518358,,0.0035535724317253,-0.0030492969676435,-10.102611940298509,1135000000.0,-4482000000.0,-6500000000.0,16635000000.0,2221500000.0,351500000.0,12478500000.0,104.72462203023758,0.0,901.1812961443808,0.8593967517401392,0.0,0.0998689169261019,-0.0054462934947049,0.7388059701492538,2017-11-02,1.13,amc,,2025-04-24,2017-09-30,-0.0088495575221237,149.32365079365078,771209.9365079365
2017-06-30,WTW,USD,1140536,2017-08-07,2017-08-07 17:14:49,2017,Q2,1953000000.0,1211000000.0,742000000.0,0.3799283154,0,0.0,0.0,0.0,-30000000.0,591000000.0,1802000000.0,0.0,46000000.0,209000000.0,423000000.0,0.2165898618,124000000.0,0.0634920635,-12000000.0,48000000.0,0.024577573,8000000.0,33000000.0,0.0168970814,0.24,0.24,136000000,137000000,https://www.sec.gov/Archives/edgar/data/1140536/000114053617000028/0001140536-17-000028-index.htm,https://www.sec.gov/Archives/edgar/data/1140536/000114053617000028/wltw-20170630_10q.htm,14.360294117647058,0.2426470588235294,1.6470588235294117,1.1029411764705883,100.0220588235294,76.79411764705883,-31.03676470588235,75.46323529411765,31.08823529411765,19782560000.0,23112560000.0,149.8678787878788,10.12931899641577,88.31500000000001,131.88373333333334,1.9275611419662864,1.9275611419662864,11.834388120839732,54.63962174940898,103.18107142857144,154.08373333333333,0.0016681359743127,0.007582436246876,0.4074831920491084,0.1276011472508696,7.872340425531915,1.08011178388449,2.6956521739130435,5.463414634146342,0.0036395693985004,2.1818181818181817,0.0,0.0,0.4474583511319949,0.3303571428571428,0.0378904249871991,0.354066985645933,0.0097286226318484,20.29768390979809,0.0057954757898672,0.0018222983047103,-4.672794117647059,1204000000.0,-4221000000.0,-6097000000.0,16764000000.0,2297500000.0,419000000.0,12508500000.0,105.43778801843318,52.24607762180016,947.6383154417836,0.853583916083916,1.7226173541963017,0.0949729432985648,0.0032154340836012,0.5441176470588235,2017-08-03,1.48,amc,,2025-04-24,2017-06-30,-0.0202702702702702,139.69587301587302,1029090.0317460316
2017-03-31,WTW,USD,1140536,2017-05-09,2017-05-09 16:41:17,2017,Q1,2319000000.0,1231000000.0,1088000000.0,0.4691677447,0,0.0,0.0,0.0,-20000000.0,598000000.0,1829000000.0,0.0,46000000.0,203000000.0,671000000.0,0.2893488573,463000000.0,0.1996550237,-3000000.0,397000000.0,0.1711944804,46000000.0,344000000.0,0.1483398016,2.51,2.5,137000000,138000000,https://www.sec.gov/Archives/edgar/data/1140536/000114053617000020/0001140536-17-000020-index.htm,https://www.sec.gov/Archives/edgar/data/1140536/000114053617000020/wltw-20170331_10q.htm,16.927007299270073,2.510948905109489,0.6934306569343066,0.1313868613138686,96.1094890510949,76.32846715328468,-30.875912408759124,75.02189781021897,30.22627737226277,17931930000.0,21125930000.0,13.03192587209302,7.73261319534282,188.7571578947368,996.2183333333334,1.7446906012842964,1.7446906012842964,9.109931004743425,31.48424739195231,222.3782105263158,1173.6627777777778,0.0191836573084994,0.0010037960219563,0.3984238178633975,0.1270476545048399,4.760059612518629,1.0829619472060337,10.065217391304348,0.2698863636363636,0.0036248189681757,0.188953488372093,0.0,0.0,0.4556651774633904,0.8105263157894737,0.0332039672272531,0.3793103448275862,0.0060370849504096,65.10348242398881,0.0230400543049626,0.0196067255628384,-5.436131386861314,1210000000.0,-4230000000.0,-5980000000.0,16760000000.0,2193500000.0,126000000.0,11385500000.0,89.53428201811126,9.870024370430544,896.783103168156,1.0052015604681404,9.11851851851852,0.1003587151475623,0.0334695466043977,0.5620437956204379,2017-05-04,3.33,amc,,2025-04-24,2017-03-31,0.114114114114114,127.14403225806451,691793.9354838709
2016-12-31,WTW,USD,1140536,2017-03-01,2017-03-01 16:20:38,2016,Q4,1927000000.0,1187000000.0,740000000.0,0.3840166061,0,0.0,0.0,302000000.0,-1000000.0,574000000.0,1761000000.0,0.0,46000000.0,194000000.0,406000000.0,0.210690192,88000000.0,0.0456668396,-47000000.0,41000000.0,0.0212765957,1000000.0,34000000.0,0.0176440062,0.25,0.25,137000000,138000000,https://www.sec.gov/Archives/edgar/data/1140536/000114053617000008/0001140536-17-000008-index.htm,https://www.sec.gov/Archives/edgar/data/1140536/000114053617000008/wtw-20161231x10k.htm,14.065693430656934,0.2481751824817518,2.62043795620438,1.948905109489051,83.02919708029196,73.87591240875912,-34.10948905109489,72.64233576642336,28.547445255474457,16752360000.0,19747360000.0,123.17911764705882,8.693492475350286,46.66395543175487,62.74292134831461,1.683315916398714,1.683315916398714,10.24772184743124,48.63881773399015,55.00657381615599,73.96014981273409,0.0020295647896773,0.0159380529071724,0.3883641479099678,0.1276715224787764,7.376847290640394,1.0318552306887012,1.9130434782608696,8.975,0.0039397434152561,1.9411764705882355,0.0,0.0,0.4886862881115185,0.2562674094707521,0.0477426050856253,0.4742268041237113,0.0150492994291645,20.140272119102267,0.0049318507890961,0.0021965243232766,-14.33941605839416,426000000.0,-4673000000.0,-6353000000.0,16059000000.0,2061500000.0,119000000.0,11054500000.0,97.145822522055,8.871103622577929,796.5037910699242,0.9264423076923076,10.145299145299145,0.1129938124702522,0.0034163987138263,0.6715328467153284,2017-02-09,1.61,amc,,2025-04-24,2016-12-31,0.1677018633540371,124.68460317460318,750177.1904761905
2016-09-30,WTW,USD,1140536,2016-11-07,2016-11-07 16:59:56,2016,Q3,1777000000.0,1155000000.0,622000000.0,0.3500281373,0,0.0,0.0,0.0,-14000000.0,572000000.0,1727000000.0,0.0,45000000.0,202000000.0,272000000.0,0.1530669668,1000000.0,0.0005627462,-59000000.0,-58000000.0,-0.0326392797,-26000000.0,-32000000.0,-0.0180078784,-0.23,-0.23,138000000,138000000,https://www.sec.gov/Archives/edgar/data/1140536/000114053616000074/0001140536-16-000074-index.htm,https://www.sec.gov/Archives/edgar/data/1140536/000114053616000074/wtw-20160930x10q.htm,12.876811594202898,-0.2318840579710145,1.3115942028985508,0.7246376811594203,89.64492753623189,79.3768115942029,-29.84057971014493,78.02173913043478,27.76086956521739,18322260000.0,21341260000.0,-143.14265625000002,10.310782217220034,101.22795580110498,183.2226,1.7017052103650043,1.7017052103650043,12.009712999437252,78.46051470588235,117.90751381215468,213.4126,-0.0017465094371545,0.005457841991108,0.3516299804959599,0.1190528599729568,11.099264705882351,1.036294576914961,0.0222222222222222,-5.838709677419355,0.0036021757141313,-2.0625,0.0,0.0,0.4739473601459074,0.4475138121546961,0.0455824423185143,0.400990099009901,0.0146314012380416,,3.0476945143403548e-05,-0.001912845956124,-8.273550724637682,516000000.0,-4118000000.0,-6114000000.0,16399000000.0,2115000000.0,122000000.0,11685500000.0,103.47214406302756,9.428571428571429,904.2077922077922,0.8697993147332355,9.545454545454543,0.0995346432264736,-0.0029720442091576,0.5869565217391305,2016-11-04,1.03,amc,,2025-04-24,2016-09-30,0.0097087378640776,124.48328125,643357.859375
2016-06-30,WTW,USD,1140536,2016-08-09,2016-08-09 16:28:48,2016,Q2,1949000000.0,1230000000.0,719000000.0,0.3689071319,0,0.0,0.0,0.0,6000000.0,542000000.0,1772000000.0,0.0,47000000.0,169000000.0,320000000.0,0.1641867624,136000000.0,0.069779374,-41000000.0,95000000.0,0.0487429451,19000000.0,72000000.0,0.0369420215,0.52,0.51,139000000,140000000,https://www.sec.gov/Archives/edgar/data/1140536/000114053616000069/0001140536-16-000069-index.htm,https://www.sec.gov/Archives/edgar/data/1140536/000114053616000069/wtw-20160630x10q.htm,14.02158273381295,0.5179856115107914,2.223021582733813,1.733812949640288,91.4820143884892,80.86330935251799,-28.776978417266186,79.49640287769785,27.74100719424461,17279090000.0,20139090000.0,59.99684027777778,8.865618265777321,55.91938511326861,71.69746887966805,1.563718552036199,1.563718552036199,10.333037455105185,62.93465625,65.17504854368931,83.5646887966805,0.0041668861033769,0.0139474937626923,0.3447058823529412,0.1175290814279984,8.9375,1.0563917597280987,2.893617021276596,4.065789473684211,0.0038775190128646,0.9305555555555556,0.0,0.0,0.4702397482180875,0.2200647249190938,0.034889687018984,0.4023668639053254,0.0169317598768599,30.438542003421137,0.0058747300215982,0.004193604752752,-6.685251798561152,813000000.0,-4000000000.0,-5939000000.0,16847000000.0,2227500000.0,118500000.0,11899000000.0,100.99025141098,9.0,861.0,0.8911751257430269,10.0,0.1045296167247386,0.0065158371040723,0.4892086330935252,2016-08-05,1.59,amc,,2025-04-24,2016-06-30,0.0440251572327043,123.400625,801981.875
2016-03-31,WTW,USD,1140536,2016-05-10,2016-05-10 15:37:34,2016,Q1,2234000000.0,1248000000.0,986000000.0,0.4413607878,0,0.0,0.0,0.0,-18000000.0,635000000.0,1883000000.0,0.0,46000000.0,204000000.0,642000000.0,0.2873769024,326000000.0,0.1459265891,-63000000.0,262000000.0,0.1172784244,18000000.0,238000000.0,0.1065353626,1.76,1.75,135000000,136000000,https://www.sec.gov/Archives/edgar/data/1140536/000114053616000058/0001140536-16-000058-index.htm,https://www.sec.gov/Archives/edgar/data/1140536/000114053616000058/wtw-20160331x10q.htm,16.548148148148147,1.762962962962963,0.8740740740740741,0.3851851851851852,96.1851851851852,84.12592592592593,-31.155555555555555,82.6,29.31111111111111,16019100000.0,18976100000.0,16.826785714285712,7.170590868397493,135.7550847457627,308.05961538461537,1.4365617433414044,1.4365617433414044,8.494225604297224,29.55778816199377,160.81440677966103,364.925,0.0148572641409317,0.0032461249383548,0.3507308761546049,0.1184110932816615,4.605919003115265,1.0211719979024647,7.086956521739131,0.4816326530612245,0.0002497019183349,0.0168067226890756,0.0,0.0,0.4711919828029913,0.559322033898305,0.0295434198746642,0.3235294117647059,0.0156669650850492,57.24042860310068,0.0160492178165203,0.0136264742929119,-7.188888888888889,323000000.0,-4206000000.0,-6093000000.0,16676000000.0,1839000000.0,94500000.0,11244500000.0,91.36974037600716,8.221153846153847,867.6201923076924,0.9850088183421516,10.947368421052632,0.1037320256005319,0.0213433772755806,0.4888888888888889,2016-05-06,2.8,amc,,2025-04-24,2016-03-31,0.2178571428571429,115.13131147540985,1304821.8032786886
2015-12-31,WTW,USD,1140536,2016-02-29,2016-02-29 15:47:48,2015,Q4,974000000.0,608000000.0,366000000.0,0.3757700205,0,0.0,0.0,0.0,29000000.0,331000000.0,939000000.0,0.0,39000000.0,48000000.0,233000000.0,0.2392197125,2000000.0,0.0020533881,-16000000.0,-8000000.0,-0.0082135524,4000000.0,-24000000.0,-0.0246406571,-0.35,-0.35,68000018,68000018,https://www.sec.gov/Archives/edgar/data/1140536/000114053616000035/0001140536-16-000035-index.htm,https://www.sec.gov/Archives/edgar/data/1140536/000114053616000035/wtw10-k2015.htm,14.32352562024322,-0.3529410830450074,1.9117641998271235,1.220587912197317,161.61760427769298,35.41175533218241,-36.30881391825514,32.67646193858361,48.60292831098956,8748882315.88,11482882315.88,-91.13419079041668,8.982425375646816,67.29909473753847,105.408220673253,3.937390781224122,3.937390781224122,11.789406895154004,49.28275672051502,88.32986396830769,138.34797970939758,-0.0027432075473729,0.0094869261013315,1.46984698469847,0.1728591087117603,11.733905579399142,0.9767986876025312,0.0512820512820512,-7.222222222222222,0.0128016352210739,-4.666666666666667,0.0,0.0,0.2581242722557426,0.3615384615384615,0.0482546201232032,0.9791666666666666,0.0184804928131416,,0.0004236689733088,-0.0017122066062638,11.624996922794931,-297000000.0,-2469000000.0,-3982000000.0,5143000000.0,1255000000.0,112000000.0,10493000000.0,130.28747433264888,11.101973684210526,1548.0592105263156,0.6907801418439716,8.106666666666667,0.0581373111493593,-0.0108010801080108,0.6911762876298062,2016-02-09,1.44,amc,,2025-04-24,2015-12-31,-0.2430555555555554,118.50609375,477973.96875
2015-09-30,WTW,USD,1140536,2015-11-05,2015-11-05 14:43:56,2015,Q3,846000000.0,570000000.0,276000000.0,0.3262411348,0,0.0,0.0,0.0,9000000.0,225000000.0,795000000.0,0.0,35000000.0,48000000.0,94000000.0,0.1111111111,27000000.0,0.0319148936,-23000000.0,1000000.0,0.0011820331,-112000000.0,117000000.0,0.1382978723,1.72,1.7,67950180,68705182,https://www.sec.gov/Archives/edgar/data/1140536/000114053615000028/0001140536-15-000028-index.htm,https://www.sec.gov/Archives/edgar/data/1140536/000114053615000028/willisgroupholdings10qq320.htm,12.450298144905576,1.7218497434443882,1.559966434231668,0.7652665526419503,161.51539260087316,37.35089443471673,-18.793180533149435,35.2169780860036,38.35162761894082,7374633035.4,9479633035.4,15.757762896153846,8.717060325531914,69.57200976792453,141.81986606538462,3.081752208692018,3.081752208692018,11.205239994562648,100.84715995106384,89.43050033396226,182.30063529615384,0.0158651961986951,0.0070511983105311,1.0743836188884246,0.1443327906585078,22.3936170212766,1.0381281036949752,0.7714285714285715,0.913793103448276,0.007593598180572,0.4786324786324786,0.0,0.0,0.2141694268231067,0.5094339622641509,0.0638297872340425,1.125,0.0141843971631205,36.93728137466425,0.4877697841726618,0.0083583369052721,26.32811274377787,453000000.0,-1277000000.0,-2941000000.0,4799000000.0,1163000000.0,148500000.0,10771500000.0,117.02127659574468,23.526315789473685,1662.3157894736844,0.769090909090909,3.825503355704698,0.0541413373860182,0.048892603426661,0.7946998815897176,2015-10-27,0.45,amc,,2025-04-24,2015-09-30,-0.1777777777777778,118.6028125,425376.828125
2015-06-30,WTW,USD,1140536,2015-08-06,2015-08-06 14:21:46,2015,Q2,922000000.0,561000000.0,361000000.0,0.3915401302,0,0.0,0.0,0.0,23000000.0,218000000.0,779000000.0,0.0,35000000.0,39000000.0,177000000.0,0.1919739696,105000000.0,0.1138828633,-14000000.0,93000000.0,0.100867679,19000000.0,70000000.0,0.0759219089,1.03,1.01,67950180,68705182,https://www.sec.gov/Archives/edgar/data/1140536/000114053615000015/0001140536-15-000015-index.htm,https://www.sec.gov/Archives/edgar/data/1140536/000114053615000015/willisgroupholdings10qq220.htm,13.568764644920735,1.0301665131718565,1.04488317764574,0.4562165986903934,169.07975814044937,37.39504442813838,-18.116213967350784,35.2169780860036,37.60107773077275,8442130363.2,10479130363.2,30.15046558285714,9.156323604338397,118.90324455211268,272.3267859096774,3.527843862599247,3.527843862599247,11.365651153145338,59.20412634576272,147.5933853971831,338.0364633290323,0.0082917459205719,0.0036720589076818,1.0530714584203928,0.1375620940007642,11.508474576271189,1.061495572318793,3.0,0.9861111111111112,0.0065149432233065,0.7857142857142857,0.0,0.0,0.2059064359408264,0.5633802816901409,0.0433839479392624,1.0256410256410255,0.0173535791757049,28.57070893737903,0.0126761321645841,0.0048119887261978,31.464228645163264,750000000.0,-1231000000.0,-2832000000.0,5038000000.0,1188000000.0,139000000.0,10236000000.0,119.67462039045552,23.743315508021396,1767.1122994652408,0.7520391517128875,3.79054054054054,0.0509305492510213,0.029251984956122,0.5886665789553464,2015-07-28,1.43,amc,,2025-04-24,2015-06-30,0.055944055944056,127.42539682539685,232088.3650793651
2015-03-31,WTW,USD,1140536,2015-05-06,2015-05-06 14:37:37,2015,Q1,1087000000.0,567000000.0,520000000.0,0.4783808648,0,0.0,0.0,0.0,-6000000.0,196000000.0,763000000.0,0.0,33000000.0,36000000.0,354000000.0,0.3256669733,293000000.0,0.269549218,-39000000.0,254000000.0,0.2336706532,56000000.0,210000000.0,0.1931922723,3.1,3.05,67572679,68705182,https://www.sec.gov/Archives/edgar/data/1140536/000114053615000009/0001140536-15-000009-index.htm,https://www.sec.gov/Archives/edgar/data/1140536/000114053615000009/willisgroupholdings10qq120.htm,16.086383077989257,3.1077649000715217,-0.9471283504979876,-1.1987093185990154,147.2044641000544,35.10294449033166,-13.836953245556536,34.00782733506836,34.599782554129604,8624301020.77,10426301020.77,10.26702502472619,7.934039577525299,-134.75470344953123,-106.4728521082716,3.752959539064404,3.752959539064404,9.591813266577738,29.452827742288136,-162.91095344953126,-128.71976568851852,0.0243497994207593,-0.0093920654908643,1.0030461270670148,0.1431232536479354,5.090395480225989,1.0739476678043232,8.878787878787879,-0.2990654205607476,0.0062613769939095,0.2571428571428571,0.0,0.0,0.2053399565352375,-0.265625,0.015639374425023,0.4722222222222222,0.0165593376264949,48.76461291440148,0.0398954715813361,0.0164088138771683,26.71197926013856,780000000.0,-935000000.0,-2405000000.0,4549000000.0,1097000000.0,130500000.0,9208500000.0,95.2161913523459,20.63492063492064,1501.111111111111,0.9452173913043478,4.361538461538461,0.0599555884529977,0.0913838120104438,0.2515809681010279,2015-04-28,3.68,amc,,2025-04-24,2015-03-31,-0.0923913043478261,122.71475409836066,308066.2950819672
2014-12-31,WTW,USD,1140536,2015-02-24,2015-02-24 16:57:00,2014,Q4,958000000.0,600000000.0,358000000.0,0.3736951983,0,0.0,0.0,0.0,18000000.0,203000000.0,803000000.0,0.0,34000000.0,38000000.0,186000000.0,0.1941544885,139000000.0,0.1450939457,-16000000.0,123000000.0,0.1283924843,35000000.0,76000000.0,0.0793319415,1.14,1.11,66817677,67950180,https://www.sec.gov/Archives/edgar/data/1140536/000114053615000003/0001140536-15-000003-index.htm,https://www.sec.gov/Archives/edgar/data/1140536/000114053615000003/willisgroup10-k2014.htm,14.337523287437843,1.1374235593374489,2.933355495133421,2.439474212789529,143.42013117277332,30.91996149462065,-19.77021739322066,29.707707437958373,35.06557104641635,7931258259.900001,9605258259.900002,26.089665328618423,8.278975219102296,40.46560336683674,48.65802613435583,3.99559610070529,3.99559610070529,10.026365615762003,51.64117344032259,49.00641969336736,58.927964784662585,0.0095823383263475,0.0205515940420347,1.1632241813602016,0.1495950761256883,9.0,1.0606919468334637,4.088235294117647,2.36144578313253,0.006682420148637,0.6973684210526315,0.0,0.0,0.2194363459669582,0.1683673469387755,0.034446764091858,0.868421052631579,0.0104384133611691,27.57318520793997,0.0185190231790586,0.0063081009296148,22.104928909755422,621000000.0,-1321000000.0,-2516000000.0,4491000000.0,1032500000.0,145000000.0,8939000000.0,98.0793319415449,19.65,1344.0,0.9176245210727968,4.580152671755725,0.0669642857142857,0.0382871536523929,0.4938812823438923,2015-02-10,1.19,amc,,2025-04-24,2014-12-31,0.0252100840336134,111.8028125,276331.9375
2014-09-30,WTW,USD,1140536,2014-11-06,2014-11-06 12:35:53,2014,Q3,812000000.0,569000000.0,243000000.0,0.2992610837,0,0.0,0.0,0.0,-9000000.0,192000000.0,761000000.0,0.0,34000000.0,36000000.0,97000000.0,0.1194581281,34000000.0,0.0418719212,-41000000.0,-9000000.0,-0.0110837438,2000000.0,-7000000.0,-0.0086206897,-0.11,-0.1,66037735,67195178,https://www.sec.gov/Archives/edgar/data/1140536/000114053614000016/0001140536-14-000016-index.htm,https://www.sec.gov/Archives/edgar/data/1140536/000114053614000016/willisgroupholdings10qq320.htm,12.29600015809143,-0.1060000013628571,1.953428596544082,1.5142857337551023,143.7360018480343,34.419714728253474,-13.03800016763143,34.19257186819021,35.54028617123225,7242358397.45,8899358397.45,-258.65565705178574,8.91916058799261,56.14231315852714,72.4235839745,3.2074217880646594,3.2074217880646594,10.959800982081282,91.74596286030928,68.98727439883722,88.99358397450001,-0.0009665359839779,0.0138076569139701,1.0243578387953942,0.1520910047343503,17.082474226804123,1.0818590704647677,1.0,-16.125,0.0074561347335438,-7.714285714285714,0.0,0.0,0.2060757496054708,0.2248062015503876,0.0357142857142857,0.8055555555555556,0.0172413793103448,,0.0077413479052823,-0.0005797581580255,26.980786061181536,819000000.0,-861000000.0,-2111000000.0,4434000000.0,1098000000.0,155500000.0,9456000000.0,113.16502463054188,25.1493848857645,1410.5799648506152,0.7952987267384917,3.5786163522012577,0.0638035433953801,-0.0031000885739592,0.4391428627889797,2014-10-28,0.42,amc,,2025-04-24,2014-09-30,-0.119047619047619,111.15375,236721.015625
2014-06-30,WTW,USD,1140536,2014-08-06,2014-08-06 13:21:37,2014,Q2,935000000.0,575000000.0,360000000.0,0.385026738,0,0.0,0.0,0.0,-3000000.0,209000000.0,784000000.0,0.0,35000000.0,36000000.0,195000000.0,0.2085561497,148000000.0,0.1582887701,-41000000.0,110000000.0,0.1176470588,59000000.0,47000000.0,0.0502673797,0.69,0.69,67572679,68705182,https://www.sec.gov/Archives/edgar/data/1140536/000114053614000013/0001140536-14-000013-index.htm,https://www.sec.gov/Archives/edgar/data/1140536/000114053614000013/willisgroupholdings10qq220.htm,13.836953245556536,0.6955473823969596,2.175435430050065,1.7018712548010713,158.2148311745935,36.43484373321946,-11.36554020597585,36.168463884641895,34.80696688080104,7750586281.3,9359586281.3,41.22652277287234,8.289397092299465,52.72507674353741,67.39640244608695,3.171270982528642,3.171270982528642,10.010252707272729,47.99787836564102,63.67065497482993,81.38770679391304,0.0060640573879421,0.0148375872258157,0.9480360065466448,0.1399915412965983,8.251282051282052,1.0990531682447195,4.228571428571429,3.0625,0.0068381923736368,1.127659574468085,0.0,0.0,0.1951543713370793,0.2176870748299319,0.0342245989304812,0.8888888888888888,0.0149732620320855,23.79138097203138,0.0122927591935116,0.0035282636438705,36.70492330191615,1088000000.0,-768000000.0,-2017000000.0,4814000000.0,1180000000.0,149500000.0,9658000000.0,113.10160427807487,23.791304347826088,1564.2782608695652,0.7957446808510639,3.7828947368421058,0.0575345207124274,0.0192307692307692,0.4735641752489937,2014-07-29,1.56,amc,,2025-04-24,2014-06-30,-0.1666666666666666,112.5026984126984,316014.49206349207
2014-03-31,WTW,USD,1140536,2014-05-09,2014-05-09 11:07:33,2014,Q1,1097000000.0,570000000.0,527000000.0,0.4804010939,0,0.0,0.0,0.0,13000000.0,201000000.0,771000000.0,0.0,32000000.0,36000000.0,362000000.0,0.3299908842,326000000.0,0.2971741112,-32000000.0,294000000.0,0.2680036463,63000000.0,246000000.0,0.224247949,3.63,3.58,67572679,68705182,https://www.sec.gov/Archives/edgar/data/1140536/000114053614000010/0001140536-14-000010-index.htm,https://www.sec.gov/Archives/edgar/data/1140536/000114053614000010/willisgroupholdings10qq120.htm,16.234371882754566,3.6405245972266393,0.0739944023826552,-0.266379848577559,148.58075998437178,36.58283253798477,-10.3888140945248,36.13886612368884,34.8365646417541,7899246175.1,9487246175.1,8.027689202337399,7.200771353783045,1579.8492350200002,-438.8470097277778,3.234744543447994,3.234744543447994,8.64835567465816,26.207862362154696,1897.44923502,-527.06923195,0.03114221212341,-0.0022786984480543,0.9508599508599508,0.146702047005307,4.386740331491713,1.1137602179836512,10.1875,0.02,0.0063297179112622,0.2032520325203252,0.0,0.0,0.2005307050796057,4.6,0.0209662716499544,0.6388888888888888,0.0127620783956244,54.407717268612906,0.0460109317662757,0.0194404931247036,33.05699926445124,1169000000.0,-702000000.0,-1911000000.0,4825000000.0,1113000000.0,135000000.0,8875500000.0,97.2196900638104,23.21052631578948,1471.8947368421054,0.9257383966244724,3.877551020408163,0.0611456768933705,0.1007371007371007,0.3403742509602143,2014-04-29,3.76,amc,,2025-04-24,2014-03-31,-0.0425531914893616,113.792131147541,265386.81967213115
2013-12-31,WTW,USD,1140536,2014-02-27,2014-02-27 15:04:27,2013,Q4,919000000.0,569000000.0,350000000.0,0.3808487486,0,0.0,0.0,0.0,13000000.0,200000000.0,769000000.0,0.0,33000000.0,39000000.0,191000000.0,0.2078346028,152000000.0,0.1653971708,-26000000.0,119000000.0,0.1294885745,34000000.0,68000000.0,0.0739934712,1.01,0.98,67195178,68705182,https://www.sec.gov/Archives/edgar/data/1140536/000114053614000004/0001140536-14-000004-index.htm,https://www.sec.gov/Archives/edgar/data/1140536/000114053614000004/willisgroup10-k2013.htm,13.676576613875476,1.0119773773052585,2.901993949625373,2.30671313944581,137.0336425033356,33.36548941056455,-14.12303722151015,32.94879284343885,35.106685780339774,7976067628.6,9506067628.6,29.32377804632353,8.679072501196954,40.90291091589744,51.45850082967742,3.602559904516712,3.602559904516712,10.343925602393908,49.7699875842932,48.74906476205128,61.32946857161291,0.0085255044423357,0.0194331351259124,1.050587172538392,0.1572259023928619,8.010471204188482,1.1043074324324325,4.606060606060606,2.635135135135135,0.0061433782010949,0.7205882352941176,0.0,0.0,0.2156955522509125,0.2051282051282051,0.0435255712731229,1.0256410256410255,0.0119695321001088,27.390276408960247,0.0203431569367488,0.0058605533051796,24.57393594522512,988000000.0,-949000000.0,-2092000000.0,4660000000.0,1013000000.0,128500000.0,8830500000.0,101.94776931447224,19.45518453427065,1333.2337434094904,0.882804995196926,4.626016260162602,0.0675050421165025,0.030713640469738,0.5952808101795638,2014-02-11,1.27,amc,,2025-04-24,2013-12-31,-0.1259842519685038,118.20109375,241513.640625
2013-09-30,WTW,USD,1140536,2013-11-05,2013-11-05 13:04:14,2013,Q3,795000000.0,541000000.0,254000000.0,0.3194968553,0,0.0,0.0,0.0,14000000.0,179000000.0,720000000.0,0.0,30000000.0,35000000.0,102000000.0,0.1283018868,75000000.0,0.0943396226,-86000000.0,-15000000.0,-0.0188679245,11000000.0,-27000000.0,-0.0339622642,-0.4,-0.4,66817677,66817677,https://www.sec.gov/Archives/edgar/data/1140536/000114053613000015/0001140536-13-000015-index.htm,https://www.sec.gov/Archives/edgar/data/1140536/000114053613000015/willisgroupholdings10qq3.htm,11.898049074648316,-0.4040846855540937,3.427236777477314,3.02315209192322,147.28138483473467,30.63560560478629,-17.360675379361062,30.29138531709206,35.34992693625072,7669332966.06,9378332966.06,-71.01234227833334,9.64695970573585,33.490536969694325,37.96699488148515,3.789196129476285,3.789196129476285,11.796645240327043,91.9444408437255,40.9534190657642,46.42739092108911,-0.0035205147722085,0.02633866607356,1.1521739130434785,0.1521895190236898,16.754901960784313,1.0858720299714089,2.5,-8.481481481481481,0.0063890823643784,-1.8148148148148149,0.0,0.0,0.2092932193434706,0.1179039301310043,0.0339622641509433,0.7714285714285715,0.0125786163522012,,0.0250144314027323,-0.0022284582370419,28.731169447869316,871000000.0,-1160000000.0,-2262000000.0,4550000000.0,1014500000.0,111000000.0,9579500000.0,111.50943396226414,22.292051756007396,1535.822550831793,0.8071065989847716,4.037313432835821,0.0586005199306759,-0.0133399209486166,0.4040846855540937,2013-10-29,0.53,amc,,2025-04-24,2013-09-30,-0.0566037735849057,112.9175,258248.625
2013-06-30,WTW,USD,1140536,2013-08-06,2013-08-06 10:16:06,2013,Q2,890000000.0,529000000.0,361000000.0,0.4056179775,0,0.0,0.0,0.0,14000000.0,190000000.0,719000000.0,0.0,32000000.0,35000000.0,206000000.0,0.2314606742,171000000.0,0.1921348315,-28000000.0,139000000.0,0.1561797753,29000000.0,105000000.0,0.1179775281,1.59,1.56,66062675,67195178,https://www.sec.gov/Archives/edgar/data/1140536/000114053613000007/0001140536-13-000007-index.htm,https://www.sec.gov/Archives/edgar/data/1140536/000114053613000007/willisgroupholdings10qq2.htm,13.472055135520929,1.5893997631794352,1.483439778967473,1.0444627015179146,157.62304508559487,30.27428120341781,-18.194843003254107,29.92612696957851,35.950708929058656,7182334026.0,9022334026.0,17.1007953,8.070038231460675,73.28912271428571,104.09179747826089,3.632945890743551,3.632945890743551,10.137453961797751,43.79773799029126,92.06463291836737,130.75846414492753,0.0146192031197519,0.0096069049072655,1.1851289833080425,0.1470163769843759,8.932038834951456,1.0850213714922876,5.34375,0.9158878504672896,0.0066830642833151,0.4571428571428571,0.0,0.0,0.2009161071719897,0.2959183673469387,0.0325842696629213,0.8285714285714286,0.0101123595505617,32.71395772697535,0.0260638946469942,0.0082449941107184,33.642294987298044,915000000.0,-1202000000.0,-2260000000.0,4569000000.0,1047500000.0,96000000.0,9069000000.0,105.57303370786518,14.97164461247637,1688.9035916824196,0.8524904214559387,6.011363636363637,0.0532890097713307,0.0531107738998482,0.4389770774495583,2013-07-24,1.51,amc,,2025-04-24,2013-06-30,0.0331125827814569,105.8896875,339760.296875
2013-03-31,WTW,USD,1140536,2013-05-08,2013-05-08 11:56:58,2013,Q1,1051000000.0,568000000.0,483000000.0,0.4595623216,0,0.0,0.0,0.0,14000000.0,196000000.0,764000000.0,0.0,31000000.0,40000000.0,287000000.0,0.2730732636,287000000.0,0.2730732636,-10000000.0,256000000.0,0.2435775452,48000000.0,219000000.0,0.2083729781,3.36,3.28,65307673,66440176,https://www.sec.gov/Archives/edgar/data/1140536/000114053613000004/0001140536-13-000004-index.htm,https://www.sec.gov/Archives/edgar/data/1140536/000114053613000004/willisgroupholdings10q.htm,16.093055405602954,3.3533578818525656,0.5971733214257994,0.2449941831490459,158.35811513296454,0.0,-48.7232181737665,28.55713447331066,40.20967030933715,6805712603.33,8869712603.33,7.769078314303653,6.4754639422740246,174.50545136743588,425.357037708125,3.649175658621984,3.649175658621984,8.439307900409133,30.9049219628223,227.4285282905128,554.357037708125,0.0321788492644906,0.0023509661563098,1.3914209115281502,0.1638567910589126,7.191637630662021,1.0863067438819354,9.258064516129032,0.1748878923766816,0.00690596308416,0.2146118721461187,0.0,0.0,0.2009218917724316,0.5897435897435898,0.0218839200761179,0.575,0.011417697431018,46.418224538504255,0.0453143218033424,0.0173054128802844,-9.20642203864774,924000000.0,-3182000000.0,-4207000000.0,4553000000.0,992000000.0,96000000.0,7998000000.0,90.0,16.47887323943662,1301.0387323943662,1.0,5.461538461538462,0.0691754962854707,0.117426273458445,0.3521791382767534,2013-04-30,3.47,amc,,2025-04-24,2013-03-31,0.1152737752161383,96.77666666666669,326004.68333333335
2012-12-31,WTW,USD,1140536,2013-02-28,2013-02-28 16:46:24,2012,Q4,871000000.0,967000000.0,-96000000.0,-0.1102181401,0,1508000000.0,0.0,-1508000000.0,-1983000000.0,185000000.0,1152000000.0,0.0,31000000.0,35000000.0,-740000000.0,-0.849598163,-775000000.0,-0.8897818599,-244000000.0,-806000000.0,-0.9253731343,-13000000.0,-805000000.0,-0.9242250287,-12.33,-12.33,65307666,65307673,https://www.sec.gov/Archives/edgar/data/1140536/000144530513000389/0001445305-13-000389-index.htm,https://www.sec.gov/Archives/edgar/data/1140536/000144530513000389/willisgroup10-k.htm,13.336872274688243,-12.326271160877193,3.292109688929933,2.694936303496132,149.61490125829943,0.0,-49.182587538804405,26.0153226115905,39.58187695759944,5800626894.12,7854626894.12,-1.8014369236397514,6.659732369827784,26.979659972651163,32.95810735295454,3.4141417858269567,3.4141417858269567,9.017941325051664,-10.614360667729729,36.53314834474418,44.62856189840909,-0.1387781035901508,0.0303415481141199,1.5032371983519717,0.1686142470456196,-2.7756756756756755,1.0691713139614518,-25.0,-0.26875,0.0079301773480086,-0.0571428571428571,1.7313432835820894,0.0,0.2120551924473493,0.1813953488372093,0.044776119402985,1.1142857142857143,0.0091848450057405,,-0.1543209876543209,-0.0674486803519061,-12.000888226506213,707000000.0,-3212000000.0,-4219000000.0,4387000000.0,920500000.0,80000000.0,9120000000.0,96.40642939150402,8.190279214064116,724.5604963805584,0.9335476956055734,10.988636363636363,0.124213230571612,-0.4738081224249558,0.5971733854338019,2013-02-12,0.85,amc,,2025-04-24,2012-12-31,0.3999999999999999,92.08919354838709,342035.87096774194
2012-09-30,WTW,USD,1140536,2012-11-07,2012-11-07 13:57:30,2012,Q3,754000000.0,633300000.0,120700000.0,0.1600795756,0,502000000.0,0.0,502000000.0,181000000.0,683000000.0,683000000.0,0.0,32000000.0,35000000.0,105000000.0,0.1392572944,70000000.0,0.0928381963,-32000000.0,38000000.0,0.050397878,10000000.0,26000000.0,0.0344827586,0.4,0.4,65307673,66062675,https://www.sec.gov/Archives/edgar/data/1140536/000119312512456928/0001193125-12-456928-index.htm,https://www.sec.gov/Archives/edgar/data/1140536/000119312512456928/d402199d10q.htm,11.545350880898788,0.3981155476171996,2.327444739915936,1.7915199642773982,6.4923458534497165,41.31214413350786,-15.082454400113138,40.944652858784295,36.917560973271854,6428887330.12,8383887330.12,61.81622432807692,8.52637576938992,42.295311382368425,54.9477549582906,2.40422114065819,2.40422114065819,11.119213965676392,79.84654600114285,55.157153487631575,71.6571566676923,0.004044245709236,0.0181991056915623,0.8896783844427824,0.1400895065363326,18.61904761904762,1.091737326357568,2.1875,5.846153846153846,0.0071552039471099,1.7692307692307692,0.6657824933687002,0.0,0.216876692969026,0.2302631578947368,0.046419098143236,1.0,0.0092838196286472,19.151130910068957,0.0087259257940147,0.0019550342130987,-121.7544529568524,1017000000.0,-985000000.0,-2181000000.0,5146000000.0,1005000000.0,69000000.0,10721500000.0,108.38196286472149,10.23211747986736,1485.7887257224063,0.8303964757709251,8.795833333333333,0.0605738880918221,0.0097232610321615,0.5359247756385379,2012-10-23,0.79,amc,,2025-04-24,2012-09-30,-0.2658227848101266,97.02507936507936,343195.98412698414
2012-06-30,WTW,USD,1140536,2012-08-09,2012-08-09 11:20:44,2012,Q2,842000000.0,644000000.0,198000000.0,0.2351543943,0,500000000.0,0.0,500000000.0,163000000.0,663000000.0,663000000.0,0.0,33000000.0,34000000.0,179000000.0,0.2125890736,179000000.0,0.2125890736,-33000000.0,146000000.0,0.1733966746,36000000.0,108000000.0,0.1282660333,1.64,1.62,65307673,66440176,https://www.sec.gov/Archives/edgar/data/1140536/000119312512346209/0001193125-12-346209-index.htm,https://www.sec.gov/Archives/edgar/data/1140536/000119312512346209/d352817d10q.htm,12.89281888821854,1.65371073625606,1.4699650988942754,1.0565374148302604,6.232039533853855,41.51120190731646,-14.97526944498543,41.1437106325929,37.42286147601676,6312639672.179999,8316639672.179999,14.61259183375,7.497196760308788,65.756663251875,91.48753148086956,2.3493262643021957,2.3493262643021957,9.87724426624703,46.46167414625698,86.631663251875,120.53100974173913,0.0171085323428104,0.0109304512190178,0.8972832154819501,0.1369263970922308,11.195530726256983,1.09245428792171,5.424242424242424,0.8807339449541285,0.0074453798158527,0.4351851851851852,0.5938242280285035,0.0,0.2095070422535211,0.28125,0.0320665083135391,0.7941176470588235,0.009501187648456,39.12665855982285,0.0225787734302076,0.0077591781018751,-125.09249870225815,1077000000.0,-978000000.0,-2171000000.0,5194000000.0,1055500000.0,33000000.0,10703500000.0,117.79097387173395,9.22360248447205,1535.5900621118012,0.764065335753176,9.757575757575758,0.0586093920640698,0.0401935243766282,0.413427684064015,2012-08-01,1.56,amc,,2025-04-24,2012-06-30,0.0,94.18571428571428,465293.90476190473
2012-03-31,WTW,USD,1140536,2012-05-10,2012-05-10 13:33:29,2012,Q1,1013000000.0,677000000.0,336000000.0,0.3316880553,0,506000000.0,0.0,506000000.0,190000000.0,696000000.0,696000000.0,0.0,32000000.0,34000000.0,317000000.0,0.3129318855,317000000.0,0.3129318855,-32000000.0,285000000.0,0.2813425469,68000000.0,225000000.0,0.222112537,3.43,3.39,65685174,66357598,https://www.sec.gov/Archives/edgar/data/1140536/000119312512224769/0001193125-12-224769-index.htm,https://www.sec.gov/Archives/edgar/data/1140536/000119312512224769/d314051d10q.htm,15.422049426252569,3.4254305240936107,0.9438964110835728,0.395827527228595,7.063998947464157,41.1356145604486,-15.376377019264652,40.69411462623209,37.81675298599346,6086388222.84,8074388222.84,6.762653580933333,6.008280575360316,98.16755198129032,234.0918547246154,2.276987737687991,2.276987737687991,7.970768235774926,25.471256223470032,130.2320681103226,310.55339318615387,0.0369677371475675,0.0042718274037189,0.9173213617658064,0.1434841125870443,6.271293375394322,1.101126633618747,9.90625,0.2672413793103448,0.0075578484835027,0.2044444444444444,0.4995064165844027,0.0,0.2172157528234536,0.5806451612903226,0.0355380059230009,1.0588235294117647,0.0088845014807502,56.00343207172523,0.0401538699518718,0.0168199147790984,-121.13464143369704,1122000000.0,-1010000000.0,-2170000000.0,5260000000.0,1020500000.0,29500000.0,9851000000.0,89.64461994076999,0.0,1385.096011816839,1.00396432111001,0.0,0.0649774450523082,0.0841750841750841,0.5480688838549777,2012-04-26,1.25,amc,,2025-04-24,2012-03-31,0.056,97.92919354838708,583197.2096774194
2011-12-31,WTW,USD,1140536,2012-02-29,2012-02-29 16:10:39,2011,Q4,825000000.0,2811000000.0,-1986000000.0,-2.4072727273,0,512000000.0,0.0,512000000.0,226000000.0,719000000.0,719000000.0,0.0,44000000.0,34000000.0,140000000.0,0.1696969697,106000000.0,0.1284848485,-44000000.0,62000000.0,0.0751515152,8000000.0,40000000.0,0.0484848485,0.61,0.61,65685174,66440176,https://www.sec.gov/Archives/edgar/data/1140536/000095012312004309/0000950123-12-004309-index.htm,https://www.sec.gov/Archives/edgar/data/1140536/000095012312004309/u11467e10vk.htm,12.559911921676573,0.6089654265055308,2.542430655660591,1.93346522915506,6.637723148910285,38.56273563346274,-17.994928353238436,38.09078742792095,36.73583935394614,6751122183.72,8684122183.720001,42.19451364825,8.183178404509091,40.42588133964072,53.15844239149607,2.698290241294964,2.698290241294964,10.526208707539396,62.02944416942858,52.00073163904192,68.37891483244096,0.0059249409078179,0.018811687382322,0.9468425259792166,0.151383474982427,13.807142857142855,1.1016247855484913,2.409090909090909,5.964285714285714,0.0065174349985997,1.1,0.6206060606060606,0.0,0.237395360725925,0.2395209580838323,0.0484848484848484,1.1764705882352942,0.0096969696969696,22.8453361491891,0.0160421512849976,0.0033517680576504,-110.5957335212357,1007000000.0,-1182000000.0,-2200000000.0,5128000000.0,1022000000.0,60500000.0,9697000000.0,112.5818181818182,1.889007470651014,297.21451440768413,0.7994186046511628,47.644067796610166,0.3028115910804697,0.0159872102318145,0.6089654265055308,2012-02-14,0.48,amc,,2025-04-24,2011-12-31,-0.0416666666666665,97.28174603174604,409260.38095238095
2011-09-30,WTW,USD,1140536,2011-11-09,2011-11-09 14:55:43,2011,Q3,762000000.0,655000000.0,107000000.0,0.1404199475,0,490000000.0,0.0,490000000.0,182000000.0,672000000.0,672000000.0,0.0,38000000.0,35000000.0,90000000.0,0.1181102362,90000000.0,0.1181102362,-30000000.0,52000000.0,0.0682414698,2000000.0,60000000.0,0.0787401575,0.93,0.9,65307673,66440176,https://www.sec.gov/Archives/edgar/data/1140536/000095012311096962/0000950123-11-096962-index.htm,https://www.sec.gov/Archives/edgar/data/1140536/000095012311096962/u11461e10vq.htm,11.66784797247331,0.918728186808922,2.235571921235044,1.868080646511475,5.558305530193979,41.60307472599736,-15.618379175751675,41.15902276903971,37.315676520889056,5946263626.65,7982263626.65,24.776098444375,7.803495573031496,40.72783305924657,48.73986579221311,2.2121516468191964,2.2121516468191964,10.475411583530184,88.69181807388888,54.67303853869863,65.42839038237705,0.0100903699814269,0.0205170856289014,0.8924851190476191,0.144387601564851,22.622222222222224,1.081053604436229,2.3684210526315788,2.433333333333333,0.0077359503190939,0.7666666666666667,0.6430446194225722,0.0,0.2249172434547096,0.1643835616438356,0.0314960629921259,0.6857142857142857,0.0118110236220472,29.1687156571404,0.0146451957249046,0.0046591085572293,-118.21734943763803,877000000.0,-1020000000.0,-2201000000.0,5001000000.0,1030500000.0,31000000.0,10699500000.0,119.52755905511812,8.51908396946565,1389.297709923664,0.7529644268774703,10.564516129032258,0.0647809316585896,0.0223214285714285,0.3674912747235688,2011-10-24,0.37,amc,,2025-04-24,2011-09-30,0.108108108108108,100.05453125,380272.375
2011-06-30,WTW,USD,1140536,2011-08-09,2011-08-09 11:50:20,2011,Q2,863000000.0,687000000.0,176000000.0,0.2039397451,0,506000000.0,0.0,506000000.0,200000000.0,706000000.0,706000000.0,0.0,34000000.0,36000000.0,193000000.0,0.2236384705,157000000.0,0.1819235226,-34000000.0,123000000.0,0.1425260718,31000000.0,85000000.0,0.0984936269,1.3,1.27,64930172,66440176,https://www.sec.gov/Archives/edgar/data/1140536/000095012311074829/0000950123-11-074829-index.htm,https://www.sec.gov/Archives/edgar/data/1140536/000095012311074829/u10790e10vq.htm,13.291201507983068,1.3090986421536046,1.8327380990150464,1.416906765625078,4.882167877208149,42.18377859833792,-16.001805755265828,41.69094146246832,37.80984901749529,7070895730.8,9174895730.8,20.79675214941177,8.193390186326768,59.41929185546218,76.85756229130435,2.6120782160325087,2.6120782160325087,10.631397138818077,47.53831984870466,77.09996412436975,99.72712750869565,0.0120211078251019,0.0130110814106986,0.8943479867011451,0.1349423109079761,10.901554404145076,1.074319291566664,4.617647058823529,1.4,0.0063641159074069,0.5294117647058824,0.5863267670915412,0.0,0.2105791204503651,0.226890756302521,0.0312862108922363,0.75,0.0115874855156431,35.042759370788865,0.0196635790872309,0.0060015533432182,-130.2052611226719,898000000.0,-1039000000.0,-2221000000.0,5067000000.0,1020500000.0,0.0,10899500000.0,109.39745075318656,0.0,1478.7772925764193,0.8226882745471878,0.0,0.0608610914245216,0.0314000738825267,0.4158313333899685,2011-08-03,0.58,amc,,2025-04-24,2011-06-30,0.0517241379310345,107.74,358449.8253968254
2011-03-31,WTW,USD,1140536,2011-05-10,2011-05-10 09:33:50,2011,Q1,1008000000.0,754000000.0,254000000.0,0.251984127,0,584000000.0,0.0,584000000.0,190000000.0,770000000.0,770000000.0,0.0,40000000.0,37000000.0,275000000.0,0.2728174603,238000000.0,0.2361111111,-205000000.0,27000000.0,0.0267857143,1000000.0,34000000.0,0.0337301587,0.53,0.53,64552671,65685174,https://www.sec.gov/Archives/edgar/data/1140536/000095012311047905/0000950123-11-047905-index.htm,https://www.sec.gov/Archives/edgar/data/1140536/000095012311047905/u10791e10vq.htm,15.615155568078665,0.5267016759074152,0.1084385803338796,-0.2013859349057764,6.692209529176569,41.346081558732095,-17.350172853420737,40.74192375401476,40.54053781910899,6901326056.61,9046326056.61,50.74504453389705,6.8465536275892855,985.9037223728571,-530.8712351238461,2.6240783485209125,2.6240783485209125,8.974529818065477,32.895731114945455,1292.3322938014287,-695.8712351238462,0.0049265894294959,-0.0018836959583366,0.9798479087452472,0.1494953010790115,7.8,1.0832893114985032,5.95,0.2058823529411764,0.006520486009627,1.3235294117647058,0.5793650793650794,0.0,0.219805081796032,2.857142857142857,0.0198412698412698,0.5405405405405406,0.0138888888888888,21.97325395158768,0.0380390348855079,0.0025280690014127,-126.05984963813503,946000000.0,-1120000000.0,-2265000000.0,5121000000.0,915500000.0,0.0,5255500000.0,88.57142857142857,0.0,1254.628647214854,1.0161290322580645,0.0,0.071734373513462,0.0129277566539923,0.309824515239656,2011-05-04,1.22,amc,,2025-04-24,2011-03-31,0.0491803278688525,99.98306451612903,390836.3387096774
2010-12-31,WTW,USD,1140536,2011-02-28,2011-02-25 19:33:24,2010,Q4,835000000.0,2521000000.0,-1686000000.0,-2.0191616766,0,469000000.0,0.0,469000000.0,187000000.0,656000000.0,656000000.0,0.0,42000000.0,36000000.0,213000000.0,0.2550898204,177000000.0,0.2119760479,-42000000.0,135000000.0,0.1616766467,28000000.0,98000000.0,0.1173652695,1.52,1.49,64552671,65685174,https://www.sec.gov/Archives/edgar/data/1140536/000095012311019018/0000950123-11-019018-index.htm,https://www.sec.gov/Archives/edgar/data/1140536/000095012311019018/u10354e10vk.htm,12.935173511255638,1.5181401246743145,3.547490699494061,3.175701281206474,4.8952273407865645,40.40111678725114,-18.24866394761574,39.92088878862968,35.76924028441829,5922062037.54,7873062037.54,15.107301116173469,7.092289865317365,25.86053291502183,28.88810750019512,2.2980450281490103,2.2980450281490103,9.42881681142515,36.96273257061033,34.38018357004367,38.40518067092683,0.01654829000081,0.0346163209200618,0.8797050834303454,0.1430554679119076,9.15962441314554,1.0767290716849356,4.214285714285714,2.2233009708737863,0.0077675646942577,0.4693877551020408,0.5616766467065868,0.0,0.2389095727898025,0.1048034934497816,0.0287425149700598,0.6666666666666666,0.0155688622754491,36.927277443108274,0.0248386842933585,0.008125362739408,-190.4452567113761,791000000.0,-1178000000.0,-2139000000.0,4958000000.0,4735500000.0,4881500000.0,0.0,90.4311377245509,0.0,0.0,0.99523241954708,0.0,0.0,0.0380287155607295,0.3717894182875872,2011-02-09,0.54,amc,,2025-04-24,2010-12-31,0.0555555555555553,86.42203125,209513.203125
2010-09-30,WTW,USD,1140536,2010-11-05,2010-11-05 16:19:52,2010,Q3,733000000.0,613000000.0,120000000.0,0.1637107776,0,462000000.0,0.0,462000000.0,165000000.0,627000000.0,627000000.0,0.0,40000000.0,36000000.0,106000000.0,0.1446111869,106000000.0,0.1446111869,-40000000.0,66000000.0,0.0900409277,10000000.0,64000000.0,0.0873124147,1.01,0.98,64175170,64552671,https://www.sec.gov/Archives/edgar/data/1140536/000095012310101712/0000950123-10-101712-index.htm,https://www.sec.gov/Archives/edgar/data/1140536/000095012310101712/u09753e10vq.htm,11.421863004024765,0.9972704396419986,1.6205644644182478,1.4024115557465606,2.1971114373362783,38.92471184727676,-20.0077381953176,38.48840602993339,36.64968865684345,5239260878.8,7410260878.8,20.465862807812503,7.147695605457026,50.37750845,58.21400976444445,2.121158250526316,2.121158250526316,10.109496424010914,69.9081214981132,71.25250845000001,82.33623198666668,0.0122154634939,0.0171779955382969,0.9360323886639677,0.1467750126968004,20.4811320754717,1.0333562248601982,2.65,1.6,0.0085889977691484,0.703125,0.6302864938608458,0.0,0.2400964956830878,0.1346153846153846,0.0190995907230559,0.3888888888888889,0.0122783083219645,29.38750356968599,0.0158651250554584,0.0053467000835421,-103.45122576223795,340000000.0,-1284000000.0,-2721000000.0,4478000000.0,9159500000.0,10369000000.0,0.0,1059.8635743519783,1433.3931484502448,0.0,0.0849165894346617,0.0627880774352145,0.0,0.025910931174089,0.2181529086716871,2010-10-27,0.31,amc,,2025-04-24,2010-09-30,0.1935483870967742,81.49765625,265018.0
2010-06-30,WTW,USD,1140536,2010-08-06,2010-08-06 16:55:25,2010,Q2,799000000.0,612000000.0,187000000.0,0.2340425532,0,456000000.0,0.0,456000000.0,172000000.0,630000000.0,630000000.0,0.0,41000000.0,37000000.0,206000000.0,0.2578222778,169000000.0,0.211514393,-41000000.0,128000000.0,0.1602002503,35000000.0,89000000.0,0.1113892365,1.38,1.38,64175170,64552671,https://www.sec.gov/Archives/edgar/data/1140536/000095012310074389/0000950123-10-074389-index.htm,https://www.sec.gov/Archives/edgar/data/1140536/000095012310074389/u09352e10vq.htm,12.450298144905576,1.3868292051271542,1.293335101410717,1.0440174915002174,2.1659467360974656,37.849529654537726,-21.34782034858653,37.41322383719435,37.21065327914207,5108343532.0,7316343532.0,14.349279584269665,6.393421191489361,61.546307614457824,76.24393331343283,2.1275899758433985,2.1275899758433985,9.156875509386731,35.51623073786408,88.14871725301205,109.19915719402984,0.0174224774513461,0.0131157976319122,0.9775093710953768,0.1378965922444183,10.718446601941748,1.0237661549136958,4.121951219512195,0.912087912087912,0.0129200394583016,0.7415730337078652,0.5707133917396746,0.0,0.2232079905992949,0.1927710843373494,0.0200250312891113,0.4324324324324324,0.016270337922403,34.16766612158434,0.0216025796094299,0.0067317146963164,-111.98645831401772,274000000.0,-1370000000.0,-2788000000.0,4419000000.0,10107500000.0,11234500000.0,0.0,1091.151439299124,1613.970588235294,0.0,0.0824816764736244,0.0557630979498861,0.0,0.0370678883798417,0.2493176099104996,2010-07-28,0.57,amc,,2025-04-24,2010-06-30,-0.0526315789473682,84.50571428571428,358317.4126984127
2010-03-31,WTW,USD,1140536,2010-05-10,2010-05-10 16:33:22,2010,Q1,972000000.0,656000000.0,316000000.0,0.3251028807,0,486000000.0,0.0,486000000.0,185000000.0,671000000.0,671000000.0,0.0,43000000.0,36000000.0,301000000.0,0.3096707819,301000000.0,0.3096707819,-43000000.0,258000000.0,0.2654320988,67000000.0,204000000.0,0.2098765432,3.21,3.18,63797669,64175170,https://www.sec.gov/Archives/edgar/data/1140536/000095012310047214/0000950123-10-047214-index.htm,https://www.sec.gov/Archives/edgar/data/1140536/000095012310047214/u08858e10vq.htm,15.235666368938965,3.1976089910118817,1.1442424330581733,0.6896803706104059,3.072212559991808,37.60325475214463,-22.32056472157313,36.819527058269166,38.2459114611225,5288188783.41,7489188783.41,6.480623509080882,5.440523439722222,72.44094223849315,120.18610871386365,2.251251078505747,2.251251078505747,7.704926731903292,24.881025858504984,102.59162717,170.2088359865909,0.0385765350586546,0.008320429130298,1.0204342273307792,0.1360772069259154,7.312292358803987,1.0294752573895716,7.0,0.3459715639810427,0.0085095297923502,0.2205882352941176,0.5,0.0,0.2170309395401646,0.3972602739726027,0.029835390946502,0.8055555555555556,0.0123456790123456,51.46868117838606,0.0386594957205644,0.0147911832946635,-111.66552182337573,355000000.0,-1424000000.0,-2817000000.0,4530000000.0,9583000000.0,5770000000.0,0.0,974.8148148148148,1576.9207317073171,0.0,0.0923252279635258,0.0570732556116234,0.0,0.0868454661558109,0.4545620624477675,2010-04-28,1.17,amc,,2025-04-24,2010-03-31,0.0854700854700855,76.83508196721311,326117.2295081967
2009-12-31,WTW,USD,1140536,2010-03-01,2010-02-26 21:04:24,2009,Q4,824000000.0,2522000000.0,-1698000000.0,-2.0606796117,0,455000000.0,0.0,455000000.0,196000000.0,651000000.0,651000000.0,0.0,46000000.0,41000000.0,214000000.0,0.2597087379,173000000.0,0.2099514563,-46000000.0,127000000.0,0.1541262136,32000000.0,79000000.0,0.0958737864,1.24,1.23,63797669,64175170,https://www.sec.gov/Archives/edgar/data/1140536/000095012310018538/0000950123-10-018538-index.htm,https://www.sec.gov/Archives/edgar/data/1140536/000095012310018538/u08176e10vk.htm,12.9158323950676,1.238289756323229,2.069041111831217,1.7242009265260143,2.993839790604261,34.93858059296806,-25.392777281564943,34.170527452970106,37.93242038357232,4458181109.719999,6641181109.719999,14.108168068734177,5.410413968106795,33.77409931606061,40.52891917927272,2.045037206293578,2.045037206293578,8.05968581276699,31.03355658747663,50.31197810393939,60.37437372472726,0.017720231200962,0.0246737396469092,1.0889908256880734,0.1519554502976381,10.200934579439252,1.023464122286048,3.760869565217391,1.5714285714285714,0.0109910294790777,0.620253164556962,0.5521844660194175,0.0,0.2463675350444857,0.1666666666666666,0.0266990291262135,0.5365853658536586,0.0157766990291262,30.85519109560703,0.0232708953099977,0.0067096993375233,-105.40353754931076,241000000.0,-1620000000.0,-2882000000.0,4442000000.0,8809000000.0,5099000000.0,0.0,943.4708737864078,1.641554321966693,0.0,0.0953924519564714,54.82608695652174,0.0,0.0362385321100917,0.3448401853052029,2010-02-03,0.48,amc,,2025-04-24,2009-12-31,-0.0208333333333333,72.13828125,385946.734375
2009-09-30,WTW,USD,1140536,2009-11-06,2009-11-06 06:31:00,2009,Q3,725000000.0,629000000.0,96000000.0,0.1324137931,0,449000000.0,0.0,449000000.0,194000000.0,643000000.0,643000000.0,0.0,47000000.0,44000000.0,126000000.0,0.1737931034,82000000.0,0.1131034483,-47000000.0,35000000.0,0.0482758621,-29000000.0,79000000.0,0.1089655172,1.25,1.25,63420168,63797669,https://www.sec.gov/Archives/edgar/data/1140536/000095012309058730/0000950123-09-058730-index.htm,https://www.sec.gov/Archives/edgar/data/1140536/000095012309058730/u07636e10vq.htm,11.431694725248915,1.2456605286822957,1.2298926738888487,0.6622499013247647,3.200874523069696,34.70504840037636,-26.56883532695782,33.97972707987781,41.8321187670143,4741291759.68,7144291759.68,15.00408784708861,6.539712771972415,60.78579179076924,112.88789904,2.2001353873225056,2.2001353873225056,9.854195530593104,56.70072825142857,91.59348409846154,170.10218475428573,0.0166621258518231,0.0088583453895768,1.2092807424593968,0.1591450381679389,19.071428571428573,1.0264115725618292,1.74468085106383,0.9629629629629628,0.0097019973314413,0.5822784810126582,0.6193103448275862,0.0,0.2373129770992366,0.4615384615384615,0.0496551724137931,0.8181818181818182,0.0151724137931034,30.86036467660445,0.0258433052641946,0.0063255664985186,-114.0961972853809,283000000.0,-1685000000.0,-3176000000.0,4522000000.0,9681000000.0,10875500000.0,0.0,1114.7586206896551,1452.591414944356,0.0,0.0807349665924276,0.0619582348305752,0.0,0.0366589327146171,0.567642772564084,2009-10-26,0.37,amc,,2025-04-24,2009-09-30,0.4324324324324325,69.56984375,372457.203125
2009-06-30,WTW,USD,1140536,2009-08-07,2009-08-07 15:20:42,2009,Q2,784000000.0,605000000.0,179000000.0,0.2283163265,0,443000000.0,0.0,443000000.0,176000000.0,619000000.0,619000000.0,0.0,43000000.0,37000000.0,165000000.0,0.2104591837,165000000.0,0.2104591837,-43000000.0,122000000.0,0.1556122449,31000000.0,87000000.0,0.1109693878,1.38,1.38,63420168,63420168,https://www.sec.gov/Archives/edgar/data/1140536/000095012309032027/0000950123-09-032027-index.htm,https://www.sec.gov/Archives/edgar/data/1140536/000095012309032027/u07252e10vq.htm,12.361998158062274,1.3718033670298695,1.9552139943874003,1.6240890437250182,1.6240890437250182,34.02703064425815,-27.530674469358075,33.33324503334649,40.034583320561374,4322718650.88,6715718650.88,12.421605318620689,5.513671748571428,34.860634281290324,41.9681422415534,2.044805416688741,2.044805416688741,8.565967666938775,40.70132515684848,54.15902137806451,65.20115195029126,0.0201262231078325,0.0238275974724914,1.1807000946073791,0.1396988862148094,14.503030303030304,1.0246333827648706,3.8372093023255816,1.362637362637363,0.0120294666851413,0.5977011494252874,0.5650510204081632,0.0,0.2185033861308557,0.1693548387096774,0.0267857142857142,0.5675675675675675,0.0127551020408163,32.07568861057341,0.0210923342745164,0.0062307527035737,-123.29674055735708,299000000.0,-1746000000.0,-3272000000.0,4539000000.0,10035000000.0,11197000000.0,0.0,1191.811224489796,1725.4710743801654,0.0,0.0755153149682142,0.0521596689369773,0.0,0.0411542100283822,0.3311249506623823,2009-07-29,0.51,amc,,2025-04-24,2009-06-30,0.0196078431372549,67.72142857142858,436265.09523809527
2009-03-31,WTW,USD,1140536,2009-05-08,2009-05-08 13:28:10,2009,Q1,930000000.0,642000000.0,288000000.0,0.3096774194,0,480000000.0,0.0,480000000.0,176000000.0,656000000.0,656000000.0,0.0,38000000.0,38000000.0,274000000.0,0.2946236559,274000000.0,0.2946236559,-38000000.0,236000000.0,0.2537634409,62000000.0,193000000.0,0.2075268817,3.07,3.07,63042667,63042667,https://www.sec.gov/Archives/edgar/data/1140536/000104746909005234/0001047469-09-005234-index.htm,https://www.sec.gov/Archives/edgar/data/1140536/000104746909005234/a2192768z10-q.htm,14.75191396962949,3.06141870552526,1.332430939192341,1.062772296736748,2.6014127860421894,32.993528018096065,-29.250031569889007,32.15282754455804,42.7012391464974,3674126632.76,6181126632.76,4.759231389585492,3.950673798666667,43.73960277095238,54.83771093671642,1.8125933067390232,1.8125933067390232,6.64637272339785,22.55885632394161,73.58484086619048,92.25562138447762,0.0525294904860202,0.0182356262308982,1.3093241243216576,0.1551774542477927,9.14963503649635,1.020488573680063,7.2105263157894735,0.417910447761194,0.0119756351367092,0.2279792746113989,0.5161290322580645,0.0,0.2294334327310998,0.2023809523809523,0.0182795698924731,0.4473684210526316,0.0053763440860215,47.061114763781895,0.0344974298416226,0.0146445102056301,-120.44223953913624,234000000.0,-1844000000.0,-3368000000.0,4463000000.0,9409500000.0,10554500000.0,0.0,937.548387096774,1513.3177570093458,0.0,0.0959950454170107,0.0594719777674849,0.0,0.0952146028613714,0.2696586424555928,2009-04-29,1.1,amc,,2025-04-24,2009-03-31,0.0545454545454543,61.15934426229508,667145.6885245901
2008-12-31,WTW,USD,1140536,2009-02-27,2009-02-27 16:35:40,2008,Q4,799000000.0,1862000000.0,-1063000000.0,-1.3304130163,0,0.0,0.0,1049000000.0,35000000.0,1084000000.0,663000000.0,0.0,0.0,37000000.0,173000000.0,0.2165206508,136000000.0,0.170212766,-36000000.0,100000000.0,0.1251564456,23000000.0,62000000.0,0.0775969962,0.98,0.98,62665166,63042667,https://www.sec.gov/Archives/edgar/data/1140536/000104746909001993/0001047469-09-001993-index.htm,https://www.sec.gov/Archives/edgar/data/1140536/000104746909001993/a2190890z10-k.htm,12.750305329120168,0.9893853947502508,1.5638672368632998,1.1170480263309284,3.1277344737265995,30.24008585567299,-32.90504328991963,29.442194408293755,42.28824671109943,4130261091.06,6604261091.059999,16.65427859298387,5.16928797379224,42.145521337346935,59.00372987228571,2.238623897593496,2.238623897593496,8.265658436871089,38.174919601502886,67.39041929653061,94.34658701514284,0.0150111575595547,0.0169480811156262,1.4363143631436317,0.161565662724058,14.30057803468208,0.7899551113746083,0.0,1.5806451612903225,0.008958271446831,0.5967741935483871,0.0,0.0,0.2412510669430557,0.2857142857142857,0.0350438047559449,0.7567567567567568,0.0500625782227784,25.601127623244945,0.0194646840148698,0.0049819204499799,-119.08928797858766,-2480000000.0,-2062000000.0,-5180000000.0,1789000000.0,9534000000.0,10735500000.0,0.0,1028.523153942428,498.52846401718585,0.0,0.0875041068886211,0.1805313166569711,0.0,0.0336043360433604,0.4468192105323714,2009-02-11,0.43,amc,,2025-04-24,2008-12-31,-0.1395348837209302,65.52796875,651273.625
2008-09-30,WTW,USD,1140536,2008-11-10,2008-11-10 15:01:29,2008,Q3,579000000.0,131000000.0,448000000.0,0.7737478411,0,0.0,0.0,359000000.0,23000000.0,382000000.0,513000000.0,0.0,0.0,20000000.0,86000000.0,0.1485319516,66000000.0,0.1139896373,-30000000.0,34000000.0,0.0587219344,2000000.0,36000000.0,0.0621761658,0.66,0.66,53605142,53605142,https://www.sec.gov/Archives/edgar/data/1140536/000104746908011894/0001047469-08-011894-index.htm,https://www.sec.gov/Archives/edgar/data/1140536/000104746908011894/a2188707z10-q.htm,10.801202615972922,0.6715773647237051,1.4550842902346943,1.4177744366389329,3.563091018395213,27.04964385692701,-5.204724576608714,26.19151722422449,25.557249713096557,4581095435.32,5795095435.32,31.81316274527777,7.9120819262867,58.73199276051282,60.277571517368415,3.2628884866951564,3.2628884866951564,10.00880040642487,67.38483064325581,74.29609532461538,76.25125572789473,0.0078583824563972,0.0165899185190607,0.9757834757834758,0.0915714190227925,14.116279069767442,1.026738432155569,0.0,2.1666666666666665,0.0080766708579637,1.0277777777777777,0.0,0.0,0.1155671412338747,0.0256410256410256,0.003454231433506,0.1,0.0,19.89388543246655,0.0180469631199371,0.0027206771463119,-109.45311925486553,308000000.0,-279000000.0,-1684000000.0,2350000000.0,10475000000.0,11686500000.0,0.0,1544.6113989637306,7665.114503816794,0.0,0.0582670826205092,0.0117415075737205,0.0,0.0256410256410256,0.0373098535957613,2008-10-22,0.39,amc,,2025-04-24,2008-09-30,-0.1794871794871795,84.51828125,495886.15625
2008-06-30,WTW,USD,1140536,2008-08-06,2008-08-06 14:35:01,2008,Q2,661000000.0,141000000.0,520000000.0,0.7866868381,0,0.0,0.0,428000000.0,15000000.0,443000000.0,584000000.0,0.0,21000000.0,17000000.0,60000000.0,0.0907715582,77000000.0,0.1164901664,-21000000.0,56000000.0,0.084720121,12000000.0,39000000.0,0.0590015129,0.74,0.72,53227641,53605142,https://www.sec.gov/Archives/edgar/data/1140536/000104746908008806/0001047469-08-008806-index.htm,https://www.sec.gov/Archives/edgar/data/1140536/000104746908008806/a2187153z10-q.htm,12.418359851792042,0.7327020184869737,0.4884680123246491,0.1127233874595344,4.546509960867888,28.086910708667325,-4.584084423354399,27.09118745277477,27.823889471261744,4423216967.099999,5678216967.099999,28.353954917307693,6.691704942662631,170.12372950384614,737.20282785,3.067418146393897,3.067418146393897,8.590343369288956,94.63694945166664,218.3929602730769,946.3694945166666,0.0088171121358239,0.0013564787901267,1.0124826629681,0.0900012328936012,20.916666666666668,1.0301400205679931,3.6666666666666665,0.6666666666666666,0.0081388727407606,0.9230769230769232,0.0,0.0,0.1072000986314881,0.7692307692307693,0.0302571860816944,1.1764705882352942,0.0,21.13338056066241,0.0167915625867332,0.0026928122626527,-116.95521129707777,381000000.0,-244000000.0,-1705000000.0,2464000000.0,10552000000.0,11748000000.0,0.0,1499.500756429652,7797.446808510638,0.0,0.0600199763915372,0.0115422396856581,0.0,0.0270457697642163,0.3757446248651147,2008-07-30,0.58,amc,,2025-04-24,2008-06-30,0.0172413793103448,92.624375,274841.875
2008-03-31,WTW,USD,1140536,2008-05-09,2008-05-09 10:46:07,2008,Q1,795000000.0,149000000.0,646000000.0,0.8125786164,0,0.0,0.0,411000000.0,10000000.0,421000000.0,570000000.0,0.0,16000000.0,16000000.0,209000000.0,0.2628930818,225000000.0,0.2830188679,-16000000.0,209000000.0,0.2628930818,60000000.0,166000000.0,0.2088050314,3.1,3.07,53605142,53982643,https://www.sec.gov/Archives/edgar/data/1140536/000104746908006264/0001047469-08-006264-index.htm,https://www.sec.gov/Archives/edgar/data/1140536/000104746908006264/a2185413z10-q.htm,14.830666804315154,3.096717848448196,0.1678943411809262,-0.6529224379258244,4.346597943906202,27.88911556283164,-4.346597943906202,26.80712980855456,26.695200247767275,4772465792.26,5992465792.26,7.187448482319277,6.003101625484277,530.2739769177778,-136.35616549314287,3.3211313794432846,3.3211313794432846,7.537692820452831,28.672085130430624,665.8295324733334,-171.21330835028573,0.0347828580079545,-0.007333735122159,0.9846903270702854,0.092933140680415,5.837320574162679,1.038573632779016,14.0625,0.0542168674698795,0.0075432704113636,0.216867469879518,0.0,0.0,0.1134900827531853,4.888888888888889,0.0553459119496855,2.75,0.0113207547169811,43.21825586758352,0.044894122184325,0.0122981182397392,-110.61905217973306,450000000.0,-233000000.0,-1615000000.0,2523000000.0,9166000000.0,10272500000.0,0.0,1142.377358490566,6813.422818791946,0.0,0.0787830740263601,0.013209219858156,0.0,0.115518441196938,0.8208167791067507,2008-04-30,1.17,amc,,2025-04-24,2008-03-31,0.1282051282051283,91.16409836065574,407303.8196721312
2007-12-31,WTW,USD,1140536,2008-02-27,2008-02-27 16:31:47,2007,Q4,639000000.0,1567000000.0,-928000000.0,-1.4522691706,0,0.0,0.0,819000000.0,10000000.0,829000000.0,488000000.0,0.0,0.0,17000000.0,168000000.0,0.2629107981,151000000.0,0.2363067293,-18000000.0,133000000.0,0.2081377152,28000000.0,95000000.0,0.1486697966,1.77,1.76,53605142,53982643,https://www.sec.gov/Archives/edgar/data/1140536/000104746908001829/0001047469-08-001829-index.htm,https://www.sec.gov/Archives/edgar/data/1140536/000104746908001829/a2182840z10-k.htm,11.920498223845764,1.772218045798666,0.6529224379258244,-0.2798239019682104,4.477182431491367,26.02362288304357,-6.174780770098511,25.128186396745296,23.31865849735087,5391605182.36,6441605182.36,14.188434690421053,8.437566795555554,154.04586235314284,-359.44034549066663,4.002676453125464,4.002676453125464,10.080759283818466,38.34288799023809,184.04586235314284,-429.4403454906666,0.0176199845476105,-0.0027821028233069,0.9279881217520416,0.0965400061785604,6.25,1.030924646943614,0.0,0.3684210526315789,0.0066770467759366,0.3789473684210526,0.0,0.0,0.1333024405313562,1.4285714285714286,0.0782472613458529,2.9411764705882355,0.0516431924882629,31.65413197809021,0.0366576034181394,0.0084655141685973,-95.7417480584232,300000000.0,-331000000.0,-1552000000.0,2341000000.0,8422500000.0,9538000000.0,0.0,1160.7042253521126,532.1314613911933,0.0,0.0775391336002912,0.1691311386940097,0.0,0.0705270972531551,0.9327463398940348,2008-02-06,0.59,amc,,2025-04-24,2007-12-31,0.0847457627118644,105.0665625,181976.421875
2007-09-30,WTW,USD,1140536,2007-11-09,2007-11-09 12:22:19,2007,Q3,574000000.0,116000000.0,458000000.0,0.7979094077,0,0.0,0.0,352000000.0,13000000.0,365000000.0,481000000.0,0.0,0.0,16000000.0,77000000.0,0.1341463415,93000000.0,0.1620209059,-17000000.0,76000000.0,0.1324041812,12000000.0,67000000.0,0.1167247387,1.25,1.22,53982643,54737645,https://www.sec.gov/Archives/edgar/data/1140536/000104746907008834/0001047469-07-008834-index.htm,https://www.sec.gov/Archives/edgar/data/1140536/000104746907008834/a2180622z10-q.htm,10.633047366724892,1.2411396752100483,2.5008038231844263,1.4078599300890102,4.779313973196904,24.767220085907983,-7.224544378088342,24.02624117533482,22.2293673171949,5871692079.11,6861692079.11,21.909298802649253,10.22942870925087,43.49401540081481,77.25910630407894,4.527133445728604,4.527133445728604,11.95416738520906,89.11288414428572,50.82734873414815,90.28542209355264,0.0114106801067394,0.0129434580315253,0.9252120277563608,0.089605734767025,12.857142857142858,1.0279590842669264,0.0,2.014925373134328,0.0061311116991435,0.5373134328358209,0.0,0.0,0.1289575866188769,0.437037037037037,0.102787456445993,3.6875,0.0,25.902668323932392,0.0250450238163364,0.0057436776682383,-98.9947824525746,287000000.0,-390000000.0,-1503000000.0,2293000000.0,9446500000.0,10666500000.0,0.0,1349.0592334494772,7611.982758620689,0.0,0.0667131566713156,0.0118234634593823,0.0,0.0516576715497301,1.0929438930954158,2007-10-24,0.4,amc,,2025-04-24,2007-09-30,0.15,108.18555555555557,242007.9523809524
2007-06-30,WTW,USD,1140536,2007-08-08,2007-08-07 19:24:29,2007,Q2,626000000.0,114000000.0,512000000.0,0.8178913738,0,0.0,0.0,360000000.0,14000000.0,374000000.0,488000000.0,0.0,0.0,17000000.0,121000000.0,0.1932907348,138000000.0,0.2204472843,-19000000.0,119000000.0,0.1900958466,36000000.0,78000000.0,0.124600639,1.46,1.43,53605142,54737645,https://www.sec.gov/Archives/edgar/data/1140536/000110465907059828/0001104659-07-059828-index.htm,https://www.sec.gov/Archives/edgar/data/1140536/000110465907059828/a07-19007_110q.htm,11.677984175473316,1.4550842902346943,0.3357886823618525,-0.5969576575321822,3.525781164799452,23.65444717971272,-8.58126632702512,22.889595180999613,22.38591215745684,6256792174.24,7314792174.24,20.05382107128205,9.99487567769968,347.5995652355556,-195.524755445,5.099260125704972,5.099260125704972,11.684971524345048,60.45282788628099,406.3773430133333,-228.587255445,0.0124664521096186,-0.0051144418911256,0.9779951100244498,0.0798987948598441,8.743801652892563,1.0247243568326094,0.0,0.2307692307692307,0.0055939208184186,0.4487179487179487,0.0,0.0,0.1150542645981756,2.7777777777777777,0.0798722044728434,2.9411764705882355,0.0,27.37501658535291,0.0315891371317151,0.0058686329094876,-109.04271086531212,296000000.0,-460000000.0,-1483000000.0,2262000000.0,10157000000.0,11484500000.0,0.0,1479.249201277955,9096.315789473683,0.0,0.0608416755758577,0.0098941156049297,0.0,0.0635696821515892,0.9327463398940348,2007-08-01,0.56,amc,,2025-04-24,2007-06-30,-0.0357142857142857,114.27793650793652,267031.4126984127
2007-03-31,WTW,USD,1140536,2007-05-10,2007-05-10 09:05:40,2007,Q1,739000000.0,111000000.0,628000000.0,0.849797023,0,0.0,0.0,377000000.0,13000000.0,390000000.0,501000000.0,0.0,0.0,16000000.0,222000000.0,0.300405954,238000000.0,0.3220568336,-12000000.0,226000000.0,0.3058186739,68000000.0,169000000.0,0.2286874154,2.94,2.91,57380152,58135154,https://www.sec.gov/Archives/edgar/data/1140536/000110465907037890/0001104659-07-037890-index.htm,https://www.sec.gov/Archives/edgar/data/1140536/000110465907037890/a07-10997_110q.htm,12.87901781786845,2.94526929799698,1.394210318578452,0.9410919650404552,5.36770972652704,20.86087189173009,-7.9121435579327155,19.98949044261856,20.91315477867678,6016308937.2,6963308937.2,8.899865291715976,8.14114876481732,75.203861715,111.41312846666666,5.245256266085439,5.245256266085439,9.422610199188092,31.36625647387387,87.041361715,128.9501655037037,0.0280903128087456,0.0089756029093033,1.046207497820401,0.0808298531591,4.2657657657657655,1.0431825909554573,0.0,0.4733727810650887,0.0059837352728688,0.2130177514792899,0.0,0.0,0.1112084063047285,0.325,0.0351826792963464,1.625,0.0121786197564276,36.3960812570954,0.0539874693481419,0.012807881773399,-101.4680128417924,508000000.0,-454000000.0,-1377000000.0,2340000000.0,9390500000.0,10754500000.0,0.0,1220.9066305818674,9281.351351351352,0.0,0.073715710723192,0.009696863807111,0.0,0.1473408892763731,0.4531183535379969,2007-04-25,1.01,amc,,2025-04-24,2007-03-31,0.0891089108910891,106.3360655737705,241058.0983606557
2006-12-31,WTW,USD,1140536,2007-02-28,2007-02-28 15:06:52,2006,Q4,621000000.0,244089000.0,376911000.0,0.606942029,0,0.0,0.0,829000000.0,18000000.0,847000000.0,496000000.0,0.0,0.0,17000000.0,142000000.0,0.2286634461,132000000.0,0.2125603865,-11000000.0,121000000.0,0.1948470209,-38000000.0,148000000.0,0.2383252818,2.58,2.55,57380152,58135154,https://www.sec.gov/Archives/edgar/data/1140536/000110465907014849/0001104659-07-014849-index.htm,https://www.sec.gov/Archives/edgar/data/1140536/000110465907014849/a07-4697_110k.htm,10.822557597965234,2.5792890893701363,1.0979406258805309,0.7493880462359179,6.029959627851805,26.07173295741705,-2.788420637156904,25.339772540163366,13.94210318578452,6035818188.88,6547818188.88,10.195638832567568,9.719513991755234,95.80663791873016,140.36786485767442,4.151181697991746,4.151181697991746,10.54399064231884,46.11139569633803,103.93362204571427,152.27484160186046,0.0245202879491409,0.0071241377149531,0.5502063273727648,0.0597996711018089,3.6056338028169015,1.0311018395600229,0.0,0.4256756756756756,0.0061300719872852,0.25,0.0,0.0,0.1237853191807445,0.3174603174603174,0.0322061191626409,1.1764705882352942,2.898550724637681e-05,38.34799178443635,0.0612480739599383,0.0126258317693226,-86.5978884127041,328000000.0,-160000000.0,-1008000000.0,2151000000.0,9097000000.0,10559000000.0,0.0,1268.9855072463768,3710.0401902584713,0.0,0.0709227957971676,0.0242584973166368,0.0,0.1017881705639614,0.348552579644613,2007-02-07,0.54,amc,,2025-04-24,2006-12-31,0.0185185185185185,104.33222222222224,153978.53968253967
2006-09-30,WTW,USD,1140536,2006-11-08,2006-11-08 10:17:47,2006,Q3,543000000.0,138000000.0,405000000.0,0.7458563536,0,0.0,0.0,383000000.0,-82000000.0,301000000.0,439000000.0,0.0,0.0,17000000.0,121000000.0,0.2228360958,97000000.0,0.1786372007,-9000000.0,88000000.0,0.1620626151,3000000.0,89000000.0,0.1639042357,1.51,1.48,59267657,60022659,https://www.sec.gov/Archives/edgar/data/1140536/000110465906072518/0001104659-06-072518-index.htm,https://www.sec.gov/Archives/edgar/data/1140536/000110465906072518/a06-21878_110q.htm,9.161826660365534,1.5016621966344983,-0.4893056595775331,-0.6411591401360779,3.5601204886503277,25.44389429803173,-1.6028978503401947,25.022079074257988,10.71410668385288,5965882353.62,6446882353.62,16.758096498932584,10.986891995616944,-205.72008115931035,-156.99690404263157,4.022847170343898,4.022847170343898,11.87271151679558,53.28001945140496,-222.30628805586207,-169.65479877947368,0.014918162096508,-0.0063695523558124,0.428186109238031,0.044029954236583,3.975206611570248,1.0076757222940922,0.0,-0.3258426966292135,0.0062019325569752,0.4157303370786517,0.0,0.0,0.1111496325058937,-0.3103448275862069,0.0165745856353591,0.5294117647058824,0.0,29.07629584571904,0.0331422645271248,0.0069428192526718,-94.899989044615,89000000.0,-95000000.0,-1230000000.0,1850000000.0,10079500000.0,11554000000.0,0.0,1564.3093922651935,7210.434782608696,0.0,0.0575333757151938,0.0124819102749638,0.0,0.0600134861766689,0.1518534805585447,2006-10-25,0.35,amc,,2025-04-24,2006-09-30,0.0285714285714286,93.09396825396826,191647.6507936508
2006-06-30,WTW,USD,1140536,2006-08-09,2006-08-09 11:37:13,2006,Q2,593000000.0,108000000.0,485000000.0,0.8178752108,0,0.0,0.0,351000000.0,15000000.0,366000000.0,474000000.0,0.0,0.0,15000000.0,134000000.0,0.2259696459,119000000.0,0.2006745363,-9000000.0,110000000.0,0.1854974705,36000000.0,72000000.0,0.1214165261,1.22,1.19,59267657,60022659,https://www.sec.gov/Archives/edgar/data/1140536/000110465906052890/0001104659-06-052890-index.htm,https://www.sec.gov/Archives/edgar/data/1140536/000110465906052890/a06-15564_110q.htm,10.005457107913006,1.2148278444683582,1.653515677193043,1.4172991518797513,4.488113980952545,24.7521173310428,-2.159693945721526,24.262811671465265,10.12356537056965,5039528874.71,5429528874.71,17.49836414829861,8.498362351956155,51.42376402765306,59.99439136559524,3.504540246668985,3.504540246668985,9.156035201871838,40.51887219932836,55.40335586438776,64.63724850845239,0.0142870497996984,0.0166682247663148,0.4172461752433936,0.0392824407489852,2.91044776119403,1.0207386137034378,0.0,1.3611111111111112,0.0073419561470672,0.5138888888888888,0.0,0.0,0.104425821657719,0.1428571428571428,0.0236087689713322,0.9333333333333332,0.0,25.75248788138201,0.0292490118577075,0.0052635426566269,-92.80356738245956,260000000.0,-128000000.0,-1010000000.0,2081000000.0,10187000000.0,11471000000.0,0.0,1627.133220910624,10043.333333333334,0.0,0.0553120044771942,0.0089611682708264,0.0,0.0500695410292072,0.2362165253132918,2006-08-02,0.42,amc,,2025-04-24,2006-06-30,0.0714285714285715,90.7715873015873,290615.5555555556
2006-03-31,WTW,USD,1140536,2006-05-09,2006-05-09 15:29:23,2006,Q1,671000000.0,453000.0,670547000.0,0.9993248882,0,0.0,0.0,348000000.0,119000000.0,467000000.0,467000000.0,0.0,0.0,14000000.0,218000000.0,0.3248882265,204000000.0,0.304023845,-9000000.0,195000000.0,0.2906110283,62000000.0,140000000.0,0.2086438152,2.36,2.33,59267657,60022659,https://www.sec.gov/Archives/edgar/data/1140536/000110465906032607/0001104659-06-032607-index.htm,https://www.sec.gov/Archives/edgar/data/1140536/000110465906032607/a06-9703_110q.htm,11.32152060608706,2.3621652531329187,0.2530891342642413,0.0506178268528482,3.610738315503176,23.655397749231085,-3.458884834944631,23.132346871751658,10.12356537056965,5379132549.320001,5821132549.320001,9.60559383807143,8.016590982593145,358.6088366213333,1793.0441831066669,3.923510247498177,3.923510247498177,8.675309313442623,26.70244288678899,388.0755032880001,1940.37751644,0.0260265012465063,0.0005577107409965,0.437636761487965,0.042866328498964,2.027522935779817,1.0234098939929328,0.0,0.1071428571428571,0.0063207217312944,0.2428571428571428,0.0,0.0,0.114810316496392,0.8,0.0178837555886736,0.8571428571428571,4.470938897168405e-06,35.0635791824946,0.0519755179448866,0.0112994350282485,-86.7463007690687,265000000.0,-205000000.0,-1010000000.0,2087000000.0,8839500000.0,10019000000.0,0.0,1294.7391952309983,2163576.1589403977,0.0,0.0695120687869056,4.1597796143250685e-05,0.0,0.1021152443471918,0.202471307411393,2006-05-03,0.89,amc,,2025-04-24,2006-03-31,-0.0112359550561797,92.48516129032258,365408.2741935484
2005-12-31,WTW,USD,1140536,2006-03-02,2006-03-02 13:29:57,2005,Q4,562000000.0,1761000.0,560239000.0,0.996866548,0,0.0,0.0,492000000.0,-37000000.0,455000000.0,455000000.0,0.0,0.0,14000000.0,121000000.0,0.2153024911,107000000.0,0.1903914591,-9000000.0,98000000.0,0.1743772242,31000000.0,60000000.0,0.1067615658,1.01,1.0,59267657,60022659,https://www.sec.gov/Archives/edgar/data/1140536/000104746906002748/0001047469-06-002748-index.htm,https://www.sec.gov/Archives/edgar/data/1140536/000104746906002748/a2167658z10-k.htm,9.482406230433574,1.0123565370569652,2.0247130741139303,1.8728595935553856,4.353133109344951,21.47883119455861,-5.247381383745269,21.057015970784875,10.12356537056965,5799340237.45,6206340237.45,24.163917656041665,10.319110742793594,48.32783531208333,52.24630844549549,4.646907241546474,4.646907241546474,11.043310031049822,51.29206807809917,51.71950197875,55.91297511216216,0.0103460044666015,0.0191401082632129,0.4807692307692308,0.0492368291482028,3.363636363636364,1.0185146876292923,0.0,2.0,0.0058627358644075,0.5666666666666667,0.0,0.0,0.1299852289512555,0.075,0.0160142348754448,0.6428571428571429,0.0,21.90062042046029,0.0290520497317274,0.0056593095642331,-78.21297879212604,179000000.0,-311000000.0,-1066000000.0,1975000000.0,7996500000.0,9189000000.0,0.0,1285.302491103203,467529.8126064736,0.0,0.0700224271118863,0.0001925010931351,0.0,0.048076923076923,0.1518534805585447,2006-02-08,0.38,amc,,2025-04-24,2005-12-31,0.0,98.43920634920634,275463.92063492065
2005-09-30,WTW,USD,1140536,2005-11-07,2005-11-07 14:14:11,2005,Q3,487000000.0,404000000.0,83000000.0,0.1704312115,0,0.0,0.0,402000000.0,13000000.0,415000000.0,415000000.0,18000000.0,9000000.0,13000000.0,85000000.0,0.1745379877,72000000.0,0.1478439425,-3000000.0,63000000.0,0.1293634497,18000000.0,49000000.0,0.1006160164,0.74,0.74,60400160,61155162,https://www.sec.gov/Archives/edgar/data/1140536/000110465905053016/0001104659-05-053016-index.htm,https://www.sec.gov/Archives/edgar/data/1140536/000110465905053016/a05-18484_210q.htm,8.06289254862901,0.8112561291228367,1.6059560107125543,1.4735060304476015,4.139061883279779,21.37411556525678,-4.536411824074638,20.99332187199504,10.082754747669542,6008003915.2,6423003915.2,30.6530812,12.3367636862423,61.93818469278351,67.50566196853933,4.738173434700316,4.738173434700316,13.188919743737166,75.56475194352942,66.21653520824742,72.16858331685393,0.0081557869621276,0.0148135722373338,0.473186119873817,0.0488678937937774,4.882352941176471,1.0183429513602638,8.0,1.979591836734694,0.0058255621158054,0.7142857142857143,0.0,0.0,0.1274637563121029,0.0824742268041237,0.0164271047227926,0.6153846153846154,0.0,19.575408639013155,0.0199800199800199,0.0045738821991972,-78.83671169082996,178000000.0,-274000000.0,-1105000000.0,1960000000.0,8246500000.0,9518500000.0,0.0,1472.340862422998,2056.188118811881,0.0,0.061127149491653,0.0437703141928494,0.0,0.0386435331230283,0.1324499802649529,2005-11-02,0.35,amc,,2025-04-24,2005-09-30,-0.1428571428571428,90.6971875,352660.34375
2005-06-30,WTW,USD,1140536,2005-08-08,2005-08-08 10:29:31,2005,Q2,549000000.0,410000000.0,139000000.0,0.2531876138,0,0.0,0.0,407000000.0,-64000000.0,343000000.0,343000000.0,19000000.0,6000000.0,14000000.0,216000000.0,0.393442623,206000000.0,0.3752276867,1000000.0,200000000.0,0.364298725,77000000.0,119000000.0,0.2167577413,1.85,1.85,61532663,61910164,https://www.sec.gov/Archives/edgar/data/1140536/000110465905037076/0001104659-05-037076-index.htm,https://www.sec.gov/Archives/edgar/data/1140536/000110465905037076/a05-13896_110q.htm,8.922090695148365,1.9339322271815216,0.4712944083047405,0.3900367517004749,3.624091484550246,23.28844438278252,-2.015189883785787,22.930910693723757,7.410698282309023,5333651228.84,5627651228.84,11.205149640420167,9.715211710091076,183.9190078910345,222.23546786833333,3.780050481105599,3.780050481105599,10.250730835774135,26.05394087425926,194.05693892551724,234.48546786833333,0.0223111701336123,0.0044997317916529,0.3189227498228207,0.0349704693814112,1.3611111111111112,1.0255559890753023,34.333333333333336,0.2436974789915966,0.0065621088628271,0.2941176470588235,0.0,0.0,0.1209978240596829,0.1724137931034483,0.0091074681238615,0.3571428571428571,0.0,31.588029564335116,0.0484288990825688,0.0105207320307665,-78.29175213820992,262000000.0,-124000000.0,-921000000.0,2042000000.0,8772000000.0,10086000000.0,0.0,1397.704918032787,2152.7560975609754,0.0,0.0643912737508796,0.0418068726419904,0.0,0.0843373493975903,0.0812576566042656,2005-07-27,0.49,amc,,2025-04-24,2005-06-30,-0.0408163265306122,90.425625,483234.5625
2005-03-31,WTW,USD,1140536,2005-05-06,2005-05-06 13:59:08,2005,Q1,669000000.0,2000000.0,667000000.0,0.9970104634,0,511000000.0,0.0,511000000.0,64000000.0,575000000.0,575000000.0,18000000.0,6000000.0,13000000.0,94000000.0,0.1405082212,94000000.0,0.1405082212,-6000000.0,88000000.0,0.1315396114,26000000.0,72000000.0,0.1076233184,1.17,1.14,61532663,63420168,https://www.sec.gov/Archives/edgar/data/1140536/000104746905013753/0001047469-05-013753-index.htm,https://www.sec.gov/Archives/edgar/data/1140536/000104746905013753/a2157506z10-q.htm,10.87227445365074,1.1701102551014249,-1.722662320010431,-1.885177633218962,4.436668050592902,24.49105770052565,-1.0400980045345998,24.11727248014603,7.410698282309023,6009895195.21,6259895195.21,20.86769165003472,8.983400889701047,-56.69712448311321,-51.80944133801725,4.049794605936658,4.049794605936658,9.357092967429,66.5946297362766,-59.055615049150944,-53.96461375181035,0.0119802421941376,-0.0193015013127773,0.3032345013477089,0.0332446808510638,2.6595744680851063,1.0328874024526198,15.666666666666666,-1.4722222222222223,0.005158159833587,0.4305555555555556,0.7638266068759342,0.0,0.1160608747044917,-0.0943396226415094,0.014947683109118,0.7692307692307693,0.0,25.198155224482612,0.0238915125278761,0.0060175511909736,-81.13577011935921,354000000.0,-64000000.0,-911000000.0,2168000000.0,8167000000.0,9463500000.0,0.0,1213.1838565022422,466425.0,0.0,0.0741849634065203,0.0001929570670525,0.0,0.0485175202156334,0.1625153132085312,2005-04-27,0.91,amc,,2025-04-24,2005-03-31,-0.0879120879120879,102.77655737704916,315872.0
2004-12-31,WTW,USD,1140536,2005-03-08,2005-03-08 17:06:12,2004,Q4,588000000.0,6000.0,587994000.0,0.9999897959,0,1562000.0,410438000.0,412000000.0,6000000.0,418000000.0,418000000.0,70000.0,22000.0,12000000.0,182000000.0,0.3095238095,170000000.0,0.2891156463,-7000000.0,163000000.0,0.2772108844,53000000.0,108000000.0,0.1836734694,1.76,1.7,61532663,63420168,https://www.sec.gov/Archives/edgar/data/1140536/000104746905005731/0001047469-05-005731-index.htm,https://www.sec.gov/Archives/edgar/data/1140536/000104746905005731/a2152742z10-k.htm,9.555900416661636,1.7551653826521372,2.779011855865884,2.535238886053087,6.9069008113625765,23.467211227311907,-1.738913851331284,23.142180600894847,7.313546628072963,6710752226.78,6809752226.78,15.534148673101852,11.412843923095238,39.24416506888889,43.017642479358976,4.712606900828652,4.712606900828652,11.581211270034013,37.41622102626373,39.82311243730994,43.65225786397435,0.0160935758541365,0.0232462762337528,0.3160112359550562,0.0386166652364198,0.5439560439560439,1.0205298013245032,7727.272727272727,1.5833333333333333,0.0044704377372601,0.2777777777777778,0.002656462585034,0.0,0.1330987728481936,0.087719298245614,0.0255102040816326,1.25,1.870748299319728e-05,30.230993550823392,0.0442437047359691,0.0106909522866759,-69.83283008570587,186000000.0,-107000000.0,-963000000.0,1986000000.0,7453000000.0,8692000000.0,0.0,1119.795918367347,128430000.0,0.0,0.0803717878622198,7.00770847932726e-07,0.0,0.0758426966292134,0.2437729698127968,2005-02-09,0.68,amc,,2025-04-24,2004-12-31,-0.0735294117647059,100.050625,623317.75
2004-09-30,WTW,USD,1140536,2004-11-09,2004-11-09 16:06:01,2004,Q3,490000000.0,2000000.0,488000000.0,0.9959183673,0,365000000.0,4000000.0,369000000.0,12000000.0,381000000.0,381000000.0,18000000.0,6000000.0,12000000.0,109000000.0,0.2224489796,109000000.0,0.2224489796,-6000000.0,103000000.0,0.2102040816,31000000.0,75000000.0,0.1530612245,1.27,1.19,59267657,63042667,https://www.sec.gov/Archives/edgar/data/1140536/000104746904033582/0001047469-04-033582-index.htm,https://www.sec.gov/Archives/edgar/data/1140536/000104746904033582/a2146153z10-q.htm,8.267578385965216,1.2654456713212063,0.725522184890825,0.5567960953813308,5.702941825420904,22.77802208378172,-1.4341717608307003,22.474315122664628,7.693909681632936,5871646778.99,6051646778.99,19.572155929966662,11.982952610183672,136.5499250927907,177.92869027242423,4.408143227469969,4.408143227469969,12.350299548959184,55.51969522009174,140.7359716044186,183.3832357269697,0.0127732479188574,0.0056202290842972,0.3378378378378378,0.0386764073914911,1.651376146788991,1.0198373983739837,18.166666666666668,0.5733333333333334,0.0049389891952915,0.3866666666666666,0.7448979591836735,0.0,0.1233347657928663,0.2325581395348837,0.0204081632653061,0.8333333333333334,0.0,25.29625580451394,0.0316158401482496,0.0073529411764705,-71.78451478181431,183000000.0,-85000000.0,-877000000.0,1854000000.0,8032000000.0,9316000000.0,0.0,1394.0816326530614,396990.0,0.0,0.064558629776021,0.0002267059623668,0.0,0.0563063063063063,0.1687260895094942,2004-10-27,0.43,amc,,2025-04-24,2004-09-30,0.0697674418604651,93.9484375,246929.6875
2004-06-30,WTW,USD,1140536,2004-08-09,2004-08-09 14:24:03,2004,Q2,532000000.0,1000000.0,531000000.0,0.9981203008,0,369000000.0,4000000.0,373000000.0,6000000.0,379000000.0,379000000.0,16000000.0,4000000.0,11000000.0,153000000.0,0.287593985,153000000.0,0.287593985,-4000000.0,149000000.0,0.280075188,52000000.0,96000000.0,0.1804511278,1.62,1.51,59645158,63797669,https://www.sec.gov/Archives/edgar/data/1140536/000104746904025790/0001047469-04-025790-index.htm,https://www.sec.gov/Archives/edgar/data/1140536/000104746904025790/a2141469z10-q.htm,8.919416392525944,1.609518747523479,1.894537692397428,1.7101136692436962,7.511087488442901,23.354787659377145,-0.6203353506080075,23.053002894216498,7.611682410163119,5917396125.179999,5984396125.179999,15.40988574265625,11.122925047330826,52.36633739097345,58.0136875017647,4.303560818312727,4.303560818312727,11.248864896954888,39.11370016457516,52.95925774495575,58.67055024686274,0.0162233519556847,0.0172373114529149,0.3272727272727272,0.0354861603974449,0.4379084967320261,1.025796365057651,38.25,1.1770833333333333,0.0050697974861514,0.3125,0.693609022556391,0.0,0.1127671319296585,0.0973451327433628,0.0206766917293233,1.0,0.0,28.893691487268903,0.0407045471375715,0.0085325748822326,-75.18632107571918,264000000.0,-37000000.0,-790000000.0,1932000000.0,8635500000.0,9976000000.0,0.0,1433.571428571429,882900.0,0.0,0.0627802690582959,0.0001019367991845,0.0,0.0698181818181818,0.1844240231537319,2004-07-21,0.58,amc,,2025-04-24,2004-06-30,-0.0172413793103448,96.25645161290322,247362.74193548388
2004-03-31,WTW,USD,1140536,2004-05-10,2004-05-10 14:08:09,2004,Q1,665000000.0,1000000.0,664000000.0,0.9984962406,0,417000000.0,2000000.0,419000000.0,12000000.0,431000000.0,431000000.0,17000000.0,5000000.0,12000000.0,234000000.0,0.3518796992,234000000.0,0.3518796992,-22000000.0,212000000.0,0.3187969925,72000000.0,148000000.0,0.222556391,2.49,2.3,59645158,64175170,https://www.sec.gov/Archives/edgar/data/1140536/000104746904016618/0001047469-04-016618-index.htm,https://www.sec.gov/Archives/edgar/data/1140536/000104746904016618/a2135935z10-q.htm,11.14927049065743,2.48134140243203,2.7328287067325734,2.514873043005436,4.644132219416704,22.93564215220957,-0.8047593737617393,22.617091566762216,5.113575187444385,5877433869.320001,5966433869.320001,9.92809775222973,8.838246420030076,36.05787649889571,39.18289246213334,4.356882038042995,4.356882038042995,8.972081006496241,25.49758063811966,36.60388876883436,39.77622579546667,0.0251810574632842,0.0255213420235988,0.2223869532987398,0.0233154581487526,0.3803418803418803,1.0150018989745535,46.8,1.101351351351351,0.0044236992840904,0.1756756756756756,0.6270676691729323,0.0,0.1100489624621123,0.0797546012269938,0.0195488721804511,1.0833333333333333,0.0030075187969924,35.534720041279016,0.0661791442769989,0.0129246354030215,-77.52934446078591,158000000.0,-48000000.0,-809000000.0,1816000000.0,7888500000.0,9176000000.0,0.0,1190.5714285714284,912780.0,0.0,0.0755939524838013,9.8599881680142e-05,0.0,0.1097108969607116,0.2179556637271377,2004-04-28,0.86,amc,,2025-04-24,2004-03-31,0.0930232558139534,97.09870967741936,367627.5322580645
2003-12-31,WTW,USD,1140536,2004-03-15,2004-03-15 12:58:39,2003,Q4,577000000.0,0.0,577000000.0,1.0,0,1408000.0,373592000.0,375000000.0,10000000.0,385000000.0,385000000.0,72000.0,53000.0,11000000.0,203000000.0,0.3518197574,192000000.0,0.3327556326,-13000000.0,179000000.0,0.3102253033,57000000.0,118000000.0,0.2045060659,1.98,1.84,59645158,64175170,https://www.sec.gov/Archives/edgar/data/1140536/000104746904007909/0001047469-04-007909-index.htm,https://www.sec.gov/Archives/edgar/data/1140536/000104746904007909/a2129365z10-k.htm,9.673878305427577,1.9783667938309424,2.850189448739494,2.565170503865544,7.125473621848734,22.516496645042,-0.0335316405734058,22.19794605959465,6.20424209455527,5382975509.5,5388975509.5,11.40460913029661,9.329246983535528,31.664561820588236,35.18284646732026,4.065691472432024,4.065691472432024,9.339645597053726,26.546677386699507,31.69985593823529,35.22206215359477,0.0219209617044979,0.0284229418710863,0.2794561933534743,0.0337652856360649,0.0295566502463054,1.02686188609638,3622.641509433962,1.4406779661016949,0.0046442715475631,0.211864406779661,0.0024402079722703,0.0,0.1227413761635334,0.1,0.0294627383015597,1.5454545454545454,3.466204506065858e-05,31.43410227682557,0.0572943674236124,0.0122750442109643,-66.30881923390999,233000000.0,-2000000.0,-708000000.0,1827000000.0,7258000000.0,8491500000.0,0.0,1088.734835355286,0.0,0.0,0.0826647564469914,0.0,0.0,0.0891238670694864,0.2850189448739493,2004-02-04,0.63,amc,,2025-04-24,2003-12-31,0.111111111111111,86.83890625,308798.421875
2003-09-30,WTW,USD,1140536,2003-11-14,2003-11-14 12:16:44,2003,Q3,452000000.0,1000000.0,451000000.0,0.9977876106,0,339000000.0,4000000.0,343000000.0,3000000.0,346000000.0,346000000.0,18000000.0,12000000.0,9000000.0,115000000.0,0.2544247788,106000000.0,0.2345132743,-10000000.0,94000000.0,0.2079646018,-3000000.0,99000000.0,0.2190265487,1.72,1.56,57757653,63420168,https://www.sec.gov/Archives/edgar/data/1140536/000104746903037411/0001047469-03-037411-index.htm,https://www.sec.gov/Archives/edgar/data/1140536/000104746903037411/a2122303z10-q.htm,7.825802755524017,1.7140585681346852,1.4543527244779146,1.229274326642047,6.025175572837075,20.18780091358629,-3.064528955149892,19.893467624108617,7.9643125388076275,4704938413.38,4872938413.38,11.881157609545454,10.40915578181416,56.01117158785714,66.26673821661971,4.094811499895561,4.094811499895561,10.780837197743365,42.37337750765217,58.01117158785714,68.6329353997183,0.0210417206989281,0.0150905269658979,0.3899042645778938,0.0392019600980049,1.4608695652173913,1.0172582220774993,8.833333333333334,0.8484848484848485,0.0040383100331276,0.1919191919191919,0.75,0.0,0.1175183759187959,0.1547619047619047,0.0287610619469026,1.4444444444444444,0.0,27.698696615505213,0.0493828346381057,0.0098165592464055,-73.79108704434371,159000000.0,-177000000.0,-890000000.0,1732000000.0,8046000000.0,9301000000.0,0.0,1500.5309734513276,789570.0,0.0,0.0599787685774946,0.0001139860936965,0.0,0.0861618798955613,0.2250783978358677,2003-10-22,0.36,amc,,2025-04-24,2003-09-30,0.0277777777777778,77.896875,375986.84375
2003-06-30,WTW,USD,1140536,2003-08-14,2003-08-14 14:12:59,2003,Q2,492000000.0,0.0,492000000.0,1.0,0,0.0,0.0,351000000.0,5000000.0,356000000.0,356000000.0,20000000.0,13000000.0,9000000.0,145000000.0,0.2947154472,136000000.0,0.2764227642,-13000000.0,123000000.0,0.25,44000000.0,80000000.0,0.162601626,1.4,1.25,57380152,63797669,https://www.sec.gov/Archives/edgar/data/1140536/000104746903027679/0001047469-03-027679-index.htm,https://www.sec.gov/Archives/edgar/data/1140536/000104746903027679/a2116310z10-q.htm,8.57439345925748,1.394210318578452,2.509578573441213,2.1958812517610617,5.960249111922883,18.6475630109868,-4.531183535379969,18.333865689306645,8.766097378062017,4674187181.92,4878187181.92,14.6068349435,9.50038045105691,32.45963320777778,37.09672366603175,4.443143709049429,4.443143709049429,9.915014597398374,33.64267022013793,33.87629987444444,38.71577128507936,0.0171152752096544,0.0269565584552057,0.4657794676806083,0.0394239279105318,1.406896551724138,1.0152783184118337,10.461538461538462,1.8,0.004064939847778,0.2375036216469999,0.0,0.0,0.1070078043285863,0.125,0.0365853658536585,2.0,0.0,23.98183596553676,0.0405711070580283,0.0072078565636543,-80.167093318261,157000000.0,-260000000.0,-926000000.0,1713000000.0,8412000000.0,9719000000.0,0.0,1565.121951219512,0.0,0.0,0.0575035063113604,0.0,0.0,0.0760456273764258,0.3136973216801517,2003-07-23,0.47,amc,,2025-04-24,2003-06-30,0.0425531914893617,81.52285714285713,323699.5555555556
2003-03-31,WTW,USD,1140536,2003-05-15,2003-05-15 15:05:52,2003,Q1,555000000.0,1000000.0,554000000.0,0.9981981982,0,351000000.0,8000000.0,359000000.0,10000000.0,369000000.0,369000000.0,15000000.0,15000000.0,10000000.0,186000000.0,0.3351351351,186000000.0,0.3351351351,-8000000.0,171000000.0,0.3081081081,61000000.0,117000000.0,0.2108108108,2.09,1.83,56247649,63797669,https://www.sec.gov/Archives/edgar/data/1140536/000104746903018880/0001047469-03-018880-index.htm,https://www.sec.gov/Archives/edgar/data/1140536/000104746903018880/a2110873z10-q.htm,9.86707906671797,2.080086938389194,1.6889594798886616,1.5289527923202622,4.373516126869587,17.600735632523946,-5.760240752462383,17.24516521570528,9.138159712239704,4127452483.62,4437452483.62,8.819342913717948,7.436851321837838,43.44686824863158,47.99363353046512,4.255105653216495,4.255105653216495,7.995409880396396,23.85727141731183,46.71002614336842,51.59828469325581,0.0283467830252002,0.0208360969245061,0.5144329896907216,0.0414555121708066,1.6666666666666667,1.0073036518259129,12.4,0.811965811965812,0.0045125374761515,0.159190461652735,0.6324324324324324,0.0,0.1091634128105009,0.0947368421052631,0.0162162162162162,0.9,0.0144144144144144,28.409636843858543,0.0585940856057872,0.0109111256178308,-81.7811958682931,73000000.0,-324000000.0,-979000000.0,1599000000.0,7428500000.0,8667000000.0,0.0,1340.7567567567569,864810.0,0.0,0.0671262699564586,0.0001040691018836,0.0,0.1206185567010309,0.1600066875683995,2003-04-23,0.64,amc,,2025-04-24,2003-03-31,0.1406249999999999,70.79754098360655,308617.2786885246
2002-12-31,WTW,USD,1140536,2003-03-26,2003-03-26 16:05:27,2002,Q4,483000000.0,0.0,483000000.0,1.0,0,1214000000.0,-924000000.0,290000000.0,-4000000.0,286000000.0,286000000.0,74000000.0,65000000.0,10000000.0,207000000.0,0.4285714286,197000000.0,0.4078674948,-18000000.0,182000000.0,0.3768115942,58000000.0,118000000.0,0.2443064182,2.1,1.85,56247649,63797669,https://www.sec.gov/Archives/edgar/data/1140536/000104746903010326/0001047469-03-010326-index.htm,https://www.sec.gov/Archives/edgar/data/1140536/000104746903010326/a2106004z10-k.htm,8.587025566170775,2.097865459230127,1.8489661674570608,1.5467313131611955,4.711308022847319,15.627319819180354,-6.809173482077447,15.182856798157022,11.236025171469834,4272008941.55,4628008941.55,9.050866401588983,8.844739009420291,41.07700905336539,49.103551052298855,5.002352390573771,5.002352390573771,9.581799050828158,22.35753111859903,44.50008597644231,53.19550507528736,0.0276216650326547,0.0203651259139064,0.6639344262295082,0.0558896007885657,1.7198067632850242,1.011812476928756,3.0307692307692307,0.8813559322033898,0.0,0.0,2.5134575569358177,0.0,0.1243962543124692,0.1634615384615384,0.0351966873706004,1.7,0.165631469979296,26.77052099061664,0.0665112885132706,0.013283800517843,-72.16746072355842,96000000.0,-383000000.0,-1043000000.0,1571000000.0,6759500000.0,7978000000.0,753000000.0,1227.7639751552797,0.0,0.0,0.0733039915009864,0.0,0.0,0.1381733021077283,0.3022348542958658,2003-02-05,0.47,amc,,2025-04-24,2002-12-31,0.0425531914893617,82.29078125,261325.40625
2002-09-30,WTW,USD,1140536,2002-09-30,2002-09-29 20:00:00,2002,Q3,390000000.0,0.0,390000000.0,1.0,0,0.0,0.0,317000000.0,9000000.0,326000000.0,326000000.0,0.0,0.0,9000000.0,73000000.0,0.1871794872,64000000.0,0.1641025641,-16000000.0,48000000.0,0.1230769231,20000000.0,31000000.0,0.0794871795,0.56,0.5,55492647,63042667,,,7.027958136507707,0.5586325698249716,1.315489599910417,1.0812243286934935,4.4690605585997725,17.191466826226545,-5.514244076336817,16.84907912214027,11.857426804671976,4923307641.84,5387307641.84,39.70409388580645,12.623865748307692,67.44257043616437,82.055127364,5.265569670417112,5.265569670417112,13.813609338051284,73.79873481972604,73.79873481972604,89.78846069733333,0.0062965799123644,0.0121869288626408,0.7037433155080214,0.0622575456523796,6.356164383561644,1.0030857142857144,0.0,2.3548387096774195,0.0,0.0,0.0,0.0,0.1192165767811524,0.1780821917808219,0.0333333333333333,1.4444444444444444,0.0,14.55266292836722,0.020524097489463,0.0033301106456117,-61.566715316355335,27000000.0,-306000000.0,-838000000.0,1489000000.0,7184000000.0,8544500000.0,1566000000.0,1599.2307692307693,0.0,0.0,0.0562770562770562,0.0,0.0,0.0331550802139037,0.2342652712169235,2002-10-29,0.28,amc,,2025-04-24,2002-09-30,0.0,80.950625,240161.8125
2002-06-30,WTW,USD,1140536,2002-06-30,2002-06-29 20:00:00,2002,Q2,411000000.0,0.0,411000000.0,1.0,0,0.0,0.0,372000000.0,9000000.0,381000000.0,381000000.0,0.0,0.0,8000000.0,38000000.0,0.0924574209,30000000.0,0.0729927007,-17000000.0,13000000.0,0.0316301703,20000000.0,-7000000.0,-0.0170316302,-0.13,-0.13,55492647,55492647,,,7.40638665155043,-0.1261428383475742,1.4055916273015414,1.1893467615628428,3.8563667723401274,16.092222092054826,-6.469325566682736,15.65973236057743,12.19981450875825,4667486539.17,5182486539.17,-166.6959478275,11.356414937153286,59.839571015,70.71949301772727,5.371100735523591,5.371100735523591,12.609456299683698,136.381224715,66.4421351175641,78.52252332075757,-0.0014997365158432,0.0141403728636647,0.7790563866513234,0.0608429945178394,13.552631578947368,1.0011765964274253,0.0,-11.142857142857142,0.0,0.0,0.0,0.0,0.1125190976903028,0.1538461538461538,0.0291970802919708,1.5,0.0,,-0.0090854027861901,-0.0007088607594936,-65.38704127773902,11000000.0,-359000000.0,-874000000.0,1457000000.0,7413500000.0,8710000000.0,1491500000.0,1628.759124087591,0.0,0.0,0.0552567894595321,0.0,0.0,-0.0080552359033371,0.2162448657386986,2002-07-30,0.29,amc,,2025-04-24,2002-06-30,0.2068965517241379,79.0359375,288519.0
2002-03-31,WTW,USD,1140536,2002-03-31,2002-03-30 19:00:00,2002,Q1,451000000.0,0.0,451000000.0,1.0,0,0.0,0.0,315000000.0,8000000.0,323000000.0,323000000.0,0.0,0.0,8000000.0,136000000.0,0.3015521064,128000000.0,0.2838137472,-17000000.0,111000000.0,0.2461197339,43000000.0,68000000.0,0.1507760532,1.22,1.14,55492647,60022659,,,8.127202870679426,1.2253875725192924,1.5857956820837904,1.4956936546926658,4.180734070948175,14.470385599014586,-8.055121248766525,14.055916273015416,13.821651001798491,3623669849.1,4207669849.1,13.322315621691176,8.034744676496674,41.17806646704545,43.65867288072289,4.64573057576923,4.64573057576923,9.329644898226164,30.938748890441172,47.81443010340909,50.69481745903615,0.0187655064704332,0.0229049564271464,0.9833333333333332,0.0711766889383815,4.294117647058823,1.0057771358737917,0.0,1.2941176470588236,0.0,0.0,0.0,0.0,0.1159985152190052,0.0568181818181818,0.0110864745011086,0.625,0.0,19.686004298226887,0.0441771348813602,0.0071383581776191,-63.44534258746028,52000000.0,-447000000.0,-920000000.0,1485000000.0,6546000000.0,7680500000.0,1327500000.0,1474.5232815964523,0.0,0.0,0.0610366761402084,0.0,0.0,0.0871794871794871,0.0901020273911244,2002-04-30,0.42,amc,,2025-04-24,2002-03-31,0.1904761904761905,67.76183333333333,233947.31666666668
2001-12-31,WTW,USD,1140536,2002-03-26,2002-03-26 00:00:00,2001,Q4,387000000.0,0.0,387000000.0,1.0,0,0.0,0.0,283000000.0,22000000.0,305000000.0,305000000.0,0.0,0.0,17000000.0,99000000.0,0.2558139535,82000000.0,0.2118863049,-19000000.0,63000000.0,0.1627906977,26000000.0,27000000.0,0.0697674419,0.49,0.45,55492647,60022659,https://www.sec.gov/Archives/edgar/data/1140536/000091205702011620/0000912057-02-011620-index.htm,https://www.sec.gov/Archives/edgar/data/1140536/000091205702011620/a2073759z20-f.htm,6.973896920073033,0.486550947912072,1.4956936546926658,1.135285545128168,3.0634689312982317,12.83052870049612,-8.81197827885197,12.542202212844524,14.182059111362989,3461631319.86,4120631319.86,32.05214185055556,8.944783772248062,41.70640144409639,54.94652888666667,4.973608218189655,4.973608218189655,10.647626149509044,41.62253858444445,49.646160480240965,65.40684634698412,0.0077997907648616,0.0181995117846772,1.1307471264367817,0.0879427869035646,6.656565656565657,1.0009665838166253,0.0,3.074074074074074,0.0,0.0,0.0,0.0,0.1342049390993407,0.2409638554216867,0.0516795865633074,1.1764705882352942,0.0,11.71769851336852,0.0282124956993146,0.0034847702632937,-56.59758850573482,7000000.0,-489000000.0,-988000000.0,1393000000.0,5479500000.0,6520500000.0,1244500000.0,1326.2790697674418,0.0,0.0,0.067859021567596,0.0,0.0,0.0387931034482758,0.3604081095644978,2002-02-12,0.25,amc,,2025-04-24,2001-12-31,0.1999999999999999,62.08671875,206880.453125
2001-09-30,WTW,USD,1140536,2001-09-30,2001-09-29 20:00:00,2001,Q3,325000000.0,0.0,325000000.0,1.0,0,0.0,0.0,402000000.0,-5000000.0,397000000.0,397000000.0,0.0,0.0,17000000.0,-55000000.0,-0.1692307692,-72000000.0,-0.2215384615,-21000000.0,-93000000.0,-0.2861538462,-11000000.0,-81000000.0,-0.2492307692,-1.47,-1.47,55115146,55115146,,,5.896745696727357,-1.4696504659535874,0.7620409823463046,0.6350341519552538,2.957444764820182,12.029361221323809,-9.743238274284897,11.775347560541707,15.168244315274062,3369740026.44,4085740026.44,-10.400432180370371,10.368430850584616,80.23190539142857,96.27828646971427,5.192203430570108,5.192203430570108,12.57150777366154,-74.2861822989091,97.27952443904762,116.73542932685714,-0.024037462642355,0.0103865579318818,1.2881355932203389,0.099785151587491,-13.018181818181818,1.0011995801469489,0.0,-0.5185185185185185,0.0,0.0,0.0,0.0,0.143232275005968,0.1666666666666666,0.0215384615384615,0.4117647058823529,0.0,,-0.037146794012722,-0.0112844803566453,-54.69458431626036,8000000.0,-537000000.0,-1038000000.0,1388000000.0,5443500000.0,6422000000.0,1179500000.0,1455.5076923076924,0.0,0.0,0.0618340943683409,0.0,0.0,-0.1248073959938366,0.1270068303910507,2001-10-30,0.12,amc,,2025-04-24,2001-09-30,0.3333333333333334,48.73542372881356,134700.81355932204
2001-06-30,WTW,USD,1140536,2001-06-30,2001-06-29 20:00:00,2001,Q2,337000000.0,0.0,337000000.0,1.0,0,0.0,0.0,259000000.0,16000000.0,275000000.0,275000000.0,0.0,0.0,16000000.0,78000000.0,0.2314540059,62000000.0,0.1839762611,-21000000.0,41000000.0,0.1216617211,16000000.0,17000000.0,0.0504451039,0.34,0.32,48320128,52095138,,,6.9743192733264285,0.3518202600787812,1.200327946151136,1.0347654708199447,3.787241623200998,12.16884193684255,-12.831091838167316,11.775631057930973,18.8120362595066,2272012418.56,3040012418.56,33.41194733176471,6.741876612937685,39.1726279062069,45.4402483712,3.9929919482601055,3.9929919482601055,9.020808363679524,38.97451818666666,52.41400721655173,60.8002483712,0.0074823534682854,0.0220069219655454,1.5975395430579964,0.1043388429752066,9.846153846153848,1.0042802111570837,0.0,3.411764705882353,0.0,0.0,0.0,0.0,0.1386593204775023,0.1379310344827586,0.0237388724035608,0.5,0.0,9.654811007023577,0.0221989888718617,0.0022654584221748,-64.85392588364004,30000000.0,-620000000.0,-1085000000.0,1416000000.0,5654500000.0,6556000000.0,1092500000.0,1503.8278931750742,0.0,0.0,0.0598472740188243,0.0,0.0,0.0298769771528998,0.1655624753311911,2001-06-29,,amc,,2025-04-24,2001-06-30,,45.5,511876.4285714286
2001-03-31,WTW,USD,1140536,2001-03-31,2001-03-30 19:00:00,2001,Q1,375000000.0,0.0,375000000.0,1.0,0,0.0,0.0,268000000.0,18000000.0,286000000.0,286000000.0,0.0,0.0,18000000.0,107000000.0,0.2853333333,89000000.0,0.2373333333,-21000000.0,68000000.0,0.1813333333,31000000.0,39000000.0,0.104,0.82,0.79,46810124,49830132,,,8.011087516025379,0.8331531016666395,0.8117902016239051,0.7049757014102334,2.94808020589734,6.237966812478429,-19.824771239657476,5.832071711666476,19.974311539956613,2058241152.28,2897241152.28,13.19385354025641,5.488643072746666,54.16424084947368,62.37094400848485,7.53934488014652,7.53934488014652,7.725976406079999,27.077020114766352,76.24318821789473,87.79518643272726,0.0189482170040172,0.0160331066957069,3.4249084249084247,0.1086703858670385,7.841121495327103,1.003047011027278,0.0,0.9743589743589745,0.0,0.0,0.0,0.0,0.1417945141794514,0.131578947368421,0.0133333333333333,0.2777777777777778,0.0,10.45598844221037,0.0282864898295766,0.005281690140845,-72.78340044559592,21000000.0,-928000000.0,-1399000000.0,1421000000.0,,,,1362.72,0.0,0.0,0.0660443818245861,0.0,0.0,0.1428571428571428,0.1068145002136717,2001-07-31,0.11,amc,,2025-04-24,2001-03-31,0.0909090909090908,,
