date,symbol,reportedCurrency,cik,fillingDate,acceptedDate,calendarYear,period,revenue,costOfRevenue,grossProfit,grossProfitRatio,researchAndDevelopmentExpenses,generalAndAdministrativeExpenses,sellingAndMarketingExpenses,sellingGeneralAndAdministrativeExpenses,otherExpenses,operatingExpenses,costAndExpenses,interestIncome,interestExpense,depreciationAndAmortization,ebitda,ebitdaratio,operatingIncome,operatingIncomeRatio,totalOtherIncomeExpensesNet,incomeBeforeTax,incomeBeforeTaxRatio,incomeTaxExpense,netIncome,netIncomeRatio,eps,epsdiluted,weightedAverageShsOut,weightedAverageShsOutDil,link,finalLink,revenuePerShare,netIncomePerShare,operatingCashFlowPerShare,freeCashFlowPerShare,cashPerShare,bookValuePerShare,tangibleBookValuePerShare,shareholdersEquityPerShare,interestDebtPerShare,marketCap,enterpriseValue,peRatio,priceToSalesRatio,pocfratio,pfcfRatio,pbRatio,ptbRatio,evToSales,enterpriseValueOverEBITDA,evToOperatingCashFlow,evToFreeCashFlow,earningsYield,freeCashFlowYield,debtToEquity,debtToAssets,netDebtToEBITDA,currentRatio,interestCoverage,incomeQuality,dividendYield,payoutRatio,salesGeneralAndAdministrativeToRevenue,researchAndDdevelopementToRevenue,intangiblesToTotalAssets,capexToOperatingCashFlow,capexToRevenue,capexToDepreciation,stockBasedCompensationToRevenue,grahamNumber,roic,returnOnTangibleAssets,grahamNetNet,workingCapital,tangibleAssetValue,netCurrentAssetValue,investedCapital,averageReceivables,averagePayables,averageInventory,daysSalesOutstanding,daysPayablesOutstanding,daysOfInventoryOnHand,receivablesTurnover,payablesTurnover,inventoryTurnover,roe,capexPerShare,report_date,epsEstimated,time,revenueEstimated,updatedFromDate,fiscalDateEnding,surprise(%),QuarterAvgPrice,QuarterAvgVolume
2024-12-31,WYNN,USD,1174922,2025-02-13,2025-02-13 17:00:42,2024,Q4,1838797000.0,1035519000.0,803278000.0,0.4368497447,0,272303000.0,-2429000.0,269874000.0,166509000.0,436383000.0,1471902000.0,24557000.0,163488000.0,151284000.0,595738000.0,0.3239824733,366895000.0,0.19952991,-85929000.0,280966000.0,0.1527988136,-41394000.0,276972000.0,0.1506267413,2.37,2.29,108199000,110267000,https://www.sec.gov/Archives/edgar/data/1174922/000117492225000039/0001174922-25-000039-index.htm,https://www.sec.gov/Archives/edgar/data/1174922/000117492225000039/wynn-20241231.htm,16.994584053457057,2.559838815515855,4.427286758657659,3.2513147071599557,22.42308154419172,-8.952051312858714,-11.475753010656293,-2.071747428349615,113.94848381223488,9322425840.0,19061894840.0,8.414592305359387,5.0698504728907,19.46112928680578,26.500049290910177,-41.58808106673328,-41.58808106673328,10.36650312133422,31.997110877600555,39.79286146112545,54.18559090818644,0.0297102926591905,0.0377357788667589,-54.27181356257333,0.9374062786278556,16.348577730478834,1.897768415637459,2.2441708259933453,1.486003226206725,0.0029519140696108,0.0993566136649192,0.1480875811739958,0.0,0.0210404360067908,0.2656191287356897,0.0691968716503235,0.8410605219322599,0.0080612487403449,,0.0366690304781915,0.0218004060008023,-103.87810885498016,1382145000.0,-1241665000.0,-11024887000.0,9973766000.0,356437000.0,209067500.0,75631000.0,15.858977364004836,17.829841847421438,6.586523279630794,5.675019134857538,5.047717235529817,13.66426507264162,-1.235594059626786,1.1759720514977032,2025-02-13,1.27,amc,1769733970.0,2025-05-11,2024-12-31,0.905511811023622,94.40890625,2570640.203125
2024-09-30,WYNN,USD,1174922,2024-11-04,2024-11-04 17:00:42,2024,Q3,1693323000.0,977216000.0,716107000.0,0.4229004153,0,271829000.0,0.0,271829000.0,311041000.0,582870000.0,1560086000.0,30729000.0,167922000.0,156273000.0,335907000.0,0.1983714861,133237000.0,0.0786837479,-121525000.0,11712000.0,0.0069165776,17127000.0,-32053000.0,-0.0189290525,-0.29,-0.29,109727000,109727000,https://www.sec.gov/Archives/edgar/data/1174922/000117492224000160/0001174922-24-000160-index.htm,https://www.sec.gov/Archives/edgar/data/1174922/000117492224000160/wynn-20240930.htm,15.432145233169594,-0.2921158876119825,2.545599533387407,4.313177248990677,21.93889380006744,-9.71026274298942,-12.26556818285381,-2.5645647835081613,123.7152113882636,10520624760.0,21520312760.0,-82.0564749009453,6.213005291961427,37.66499747602221,22.2295524772224,-37.38646050845409,-37.38646050845409,12.70892367256572,64.0662825127193,77.04509421060357,45.47134155411687,-0.003046682182019,0.0449851611283967,-47.643502889105264,0.9500813491277512,32.74623035542576,1.5276001027957151,0.7934457664868213,9.66007262666436,0.0039844591890947,-1.3078027017751848,0.1605299166195699,0.0,0.0198694686472971,0.6943659803595147,0.1145386910825636,1.2411037095339563,0.0080728839093309,,-0.0048862467151213,-0.0023174730585532,-113.37414674601511,1447368000.0,-1345864000.0,-10986204000.0,10049025000.0,353250500.0,206820500.0,73815500.0,20.667775728552677,19.61593956709673,6.951492812233938,4.3546050229132485,4.588105489015865,12.946859391353886,0.1139046630798644,1.76757771560327,2024-11-04,1.04,amc,1727648789.0,2025-04-25,2024-09-30,-0.1346153846153846,80.39375,2583505.375
2024-06-30,WYNN,USD,1174922,2024-08-06,2024-08-06 16:51:29,2024,Q2,1732932000.0,1155745000.0,577187000.0,0.3330696184,0,264727000.0,2429000.0,267156000.0,-38815000.0,305971000.0,1461716000.0,34884000.0,174596000.0,176405000.0,446063000.0,0.2574036373,271216000.0,0.1565070066,-115450000.0,154208000.0,0.0889867577,7935000.0,111943000.0,0.0645974568,1.01,0.91,110937000,111175000,https://www.sec.gov/Archives/edgar/data/1174922/000117492224000094/0001174922-24-000094-index.htm,https://www.sec.gov/Archives/edgar/data/1174922/000117492224000094/wynn-20240630.htm,15.62086589686038,1.0090682098848895,3.179822782299864,2.312357464146318,25.95540712296168,-8.130398334189675,-10.931032928599114,-0.9899672787257632,115.58096937901692,9725846790.0,19994041790.0,21.72053364212144,5.612364934111668,27.570718874022,37.91368824212751,-88.55848257211538,-88.55848257211538,11.537695529888074,44.82335856145881,56.67888023018483,77.94158015171952,0.0115098461262106,0.0263756982336753,-115.16253277972028,0.9516781218194588,23.019607095858657,1.2966087228655154,1.5533918302824807,3.1512466165816533,0.0043355607907946,0.3766827760556712,0.1527624857755526,0.0,0.0233783839302899,0.2728030388932985,0.0555324732880459,0.5455287548538874,0.0093292754707051,,0.0214740185381808,0.008624863472856,-99.49824449913014,771487000.0,-1212656000.0,-10819247000.0,9387198000.0,307417500.0,188536000.0,72919000.0,16.496821571763924,15.625142224279577,5.618609641400136,5.455596377064818,5.759947570918805,16.018197693757624,-1.0192945075757576,0.8674653181535467,2024-08-06,1.14,amc,1752400000.0,2025-04-25,2024-06-30,-0.0175438596491226,96.00428571428571,1709414.396825397
2024-03-31,WYNN,USD,1174922,2024-05-07,2024-05-07 17:16:45,2024,Q1,1862909000.0,1034349000.0,828560000.0,0.4447667599,0,271616000.0,2122000.0,271616000.0,-4722000.0,463584000.0,1497933000.0,40172000.0,182404000.0,174933000.0,554374000.0,0.2975851209,362941000.0,0.194824868,-166429000.0,196512000.0,0.1054866341,20014000.0,144216000.0,0.0774144094,1.3,1.3,111023000,111333000,https://www.sec.gov/Archives/edgar/data/1174922/000117492224000082/0001174922-24-000082-index.htm,https://www.sec.gov/Archives/edgar/data/1174922/000117492224000082/wynn-20240331.htm,16.779487133296705,1.2989740864505552,2.838096610612216,1.9579456509011648,29.44376390477649,-8.524179674481864,-11.38795564882952,-1.23355520928096,117.35457517811624,11830610880.0,22257060880.0,20.50849226160759,6.350611264425691,37.54629056725929,54.42439117293918,-86.38445948610106,-86.38445948610106,11.947476167649627,40.148096555754776,70.63625737081632,102.3892172584956,0.0121900721326065,0.0183741145917902,-93.8033704993684,0.9536712025237524,18.80761002500117,1.4321079176034517,1.989764478849148,1.7852553570012124,0.0023632761049782,0.1938689188439563,0.1458020762152096,0.0,0.0236026450225139,0.3101201546205259,0.0524539846015022,0.5585967198870425,0.0077132055296313,,0.0268755910712809,0.010964669019678,-98.07376849841924,1137792000.0,-1264325000.0,-10646204000.0,9885305000.0,319452000.0,192341500.0,74619000.0,14.357802769754183,15.350524822859596,6.411511008373383,6.268368596732079,5.8629917242942975,14.037252666720953,-1.0530327922718012,0.8801509597110508,2024-05-07,1.27,amc,1798933468.0,2025-04-25,2024-03-31,0.2519685039370079,99.2411475409836,1855740.9672131147
2023-12-31,WYNN,USD,1174922,2024-02-23,2024-02-23 17:08:56,2023,Q4,1840460000.0,1199643000.0,640817000.0,0.3481830629,0,279484000.0,2350000.0,281834000.0,1388000.0,280446000.0,1480089000.0,44931000.0,184955000.0,176527000.0,635851000.0,0.3454848244,360371000.0,0.1958048531,-83356000.0,274369000.0,0.1490763179,-499408000.0,729156000.0,0.3961813894,6.53,6.36,111661000,112033000,https://www.sec.gov/Archives/edgar/data/1174922/000117492224000046/0001174922-24-000046-index.htm,https://www.sec.gov/Archives/edgar/data/1174922/000117492224000046/wynn-20231231.htm,16.482567772095898,6.530086601409624,3.5830683945155424,3.131308155936271,33.3544926160432,-9.859610786219005,-12.81236958293406,-2.2512963344408523,121.81313081559362,10173433710.0,20711050710.0,3.488085440564159,5.527658145246297,25.427926561340104,29.096465586523475,-40.47001658829988,-40.47001658829988,11.253192522521545,32.57217604438776,51.766108815788485,59.23451131862318,0.0716725562661576,0.0343684354729038,-53.37224224487036,0.9586029745310574,16.572462731048628,1.92761175648298,1.94842529263875,0.5487015124335534,0.0027535442603282,0.0384183905775993,0.151855514382274,0.0,0.0235569267508812,0.1260819467668443,0.0274083652999793,0.2857579860304656,0.0083544331308477,,0.0786632518644239,0.0533534701421686,-99.2172826680757,2041167000.0,-1430642000.0,-10855536000.0,10892250000.0,295539500.0,198080500.0,75311500.0,16.709996413939994,15.624373251042186,5.668086255661059,5.385997565201105,5.760231054003832,15.878375158831004,-2.9005895410172564,0.4517602385792711,2024-02-07,1.12,amc,1739480000.0,2025-04-25,2023-12-31,0.7053571428571426,88.66380952380952,2247118.476190476
2023-09-30,WYNN,USD,1174922,2023-11-09,2023-11-09 17:04:12,2023,Q3,1671936000.0,1073200000.0,598736000.0,0.3581094013,0,268445000.0,0.0,268445000.0,3861000.0,441284000.0,1514484000.0,46534000.0,188571000.0,171969000.0,237250000.0,0.1419013646,62595000.0,0.037438634,-185885000.0,-123290000.0,-0.0737408609,-2749000.0,-116678000.0,-0.0697861641,-1.03,-1.03,112797000,112797000,https://www.sec.gov/Archives/edgar/data/1174922/000117492223000160/0001174922-23-000160-index.htm,https://www.sec.gov/Archives/edgar/data/1174922/000117492223000160/wynn-20230930.htm,14.822521875581796,-1.0344069434470775,2.445198010585388,1.2561858914687447,31.73651781519012,-15.151546583685736,-18.169330744612,-7.28533560289724,120.52053689371172,10423570770.0,21041246770.0,-22.334053484804333,6.234431682791686,37.792440366772894,73.56395309610852,-12.684384774704172,-12.684384774704172,12.584959454189637,88.68807911485774,76.2886424761884,148.4977964486852,-0.0111936689043077,0.0135936142351341,-16.313423318617023,1.0052130803378847,44.75311275026343,2.66253994296033,0.3319439362362187,-2.2881094399415964,0.0026872748905411,-0.2400709645348737,0.1605593754784872,0.0,0.0255241705302558,0.4862641446497783,0.080216587237789,0.7798905616709988,0.0096558713969912,,0.0051280078848093,-0.0089780871821988,-99.65659769320106,2517142000.0,-2049446000.0,-11014134000.0,11414691000.0,239580500.0,183192000.0,73025000.0,13.423378646072576,15.757379798732762,6.295555348490496,6.70472035193109,5.711609490255351,14.295799976022698,0.1419848034228805,1.1890121191166432,2023-11-09,0.79,amc,1584040000.0,2025-04-25,2023-09-30,0.2531645569620252,100.30809523809523,1936714.6825396824
2023-06-30,WYNN,USD,1174922,2023-08-09,2023-08-09 17:07:35,2023,Q2,1595822000.0,923366000.0,672456000.0,0.4213853425,0,257321000.0,0.0,257321000.0,6959000.0,422120000.0,1345486000.0,44127000.0,190243000.0,169962000.0,434498000.0,0.2722722208,250336000.0,0.1568696258,-118196000.0,132140000.0,0.0828037212,4305000.0,105184000.0,0.065912113,0.93,0.84,112889000,113198000,https://www.sec.gov/Archives/edgar/data/1174922/000117492223000135/0001174922-23-000135-index.htm,https://www.sec.gov/Archives/edgar/data/1174922/000117492223000135/wynn-20230630.htm,14.136204590349813,0.9317471144221314,3.200028346428793,2.083666256234,34.920736298487896,-13.350849064124937,-17.29106467414894,-5.582944308125681,123.51741090806011,11922207290.0,22021755290.0,28.336551400403103,7.470887912311023,33.0028326523607,50.68470043320594,-18.91654191253354,-18.91654191253354,13.799631343595966,50.68321439914568,60.96021373128709,93.6207568562598,0.0088225273593611,0.0197298196783827,-21.822211080312197,0.99781103545162,23.24417603763424,3.2329955789062343,1.3158749599196815,2.82589275237611,0.0023933487571494,0.2712770003042288,0.1612466803941793,0.0,0.0322705406957181,0.3488600628930817,0.0789718402177686,0.7414892740730281,0.011458044819535,,0.0194071990487644,0.0078855202150045,-98.68851703886118,3005717000.0,-1951971000.0,-10939086000.0,12059900000.0,228563000.0,180834500.0,70080500.0,12.959753656736153,17.39693685927357,6.918285923458304,6.94457644673055,5.173324518449626,13.009002662759409,-0.1668917085678291,1.116362090194793,2023-08-09,0.59,amc,1537270000.0,2025-04-25,2023-06-30,0.5423728813559323,107.15645161290324,2366269.806451613
2023-03-31,WYNN,USD,1174922,2023-05-09,2023-05-09 17:08:48,2023,Q1,1423679000.0,819188000.0,604491000.0,0.4245978202,0,259772000.0,0.0,259772000.0,172746000.0,432518000.0,1251706000.0,40193000.0,187740000.0,168812000.0,340527000.0,0.2391880473,169515000.0,0.1190682731,-167351000.0,2164000.0,0.0015200056,1018000.0,12332000.0,0.008662065,0.11,-0.0198,112753000,113116000,https://www.sec.gov/Archives/edgar/data/1174922/000117492223000105/0001174922-23-000105-index.htm,https://www.sec.gov/Archives/edgar/data/1174922/000117492223000105/wynn-20230331.htm,12.62652878415652,0.1093718127233865,1.5032061231186753,0.3306696939327557,34.08803313437336,-14.335494399262103,-18.34194212127393,-6.362881697161051,124.74515090507568,12618188230.0,22652310230.0,255.80173998540383,8.863085168777513,74.44754134437817,338.43440161999786,-17.58794290485257,-17.58794290485257,15.91110793233587,66.52133378557353,133.64904466903846,607.5611584057505,0.0009773193881099,0.0029547823602247,-19.343451801838217,1.01119416823976,29.466450531088576,3.10251182604319,0.9029242569511026,147.8979057591623,1.3868869033347744e-05,0.0141907233214401,0.1824652888748095,0.0,0.0329159362259792,0.780023718073526,0.0928629276683859,0.7831611496813022,0.0103323853200054,,0.0071838154099102,0.0009291544588941,-100.14609810825432,2882365000.0,-2068109000.0,-11087111000.0,12009686000.0,221682500.0,190328500.0,69638000.0,14.371132818563735,20.125380254593576,7.600672861418869,6.262554325831824,4.471965193276668,11.841056922320837,-0.0171890375978835,1.1725364291859195,2023-05-09,-0.18,amc,1369230000.0,2025-04-25,2023-03-31,-2.611111111111111,104.5908064516129,2586298.129032258
2022-12-31,WYNN,USD,1174922,2023-02-27,2023-02-27 16:55:16,2022,Q4,1004937000.0,672126000.0,332811000.0,0.3311759842,0,232017000.0,0.0,232017000.0,183575000.0,415592000.0,1087718000.0,18895000.0,178620000.0,172292000.0,323451000.0,0.3218619675,-31985000.0,-0.0318278658,-126669000.0,-27461000.0,-0.0273260911,6084000.0,32411000.0,0.032251773,0.29,0.29,112321000,112795000,https://www.sec.gov/Archives/edgar/data/1174922/000117492223000048/0001174922-23-000048-index.htm,https://www.sec.gov/Archives/edgar/data/1174922/000117492223000048/wynn-20221231.htm,8.947009018794349,0.2885569038737191,0.7279671655344949,0.119585829898238,32.559717238984696,-14.60425922133884,-16.787760080483615,-6.684751738321418,123.84715235797402,9263112870.0,19344688870.0,71.45037849804079,9.217605551392774,113.28807658439938,689.6302017569982,-12.33703258226142,-12.33703258226142,19.249653331502373,59.80716977223753,236.58597546657532,1440.1942279630732,0.0034989317797225,0.0014500525027069,-18.288919846891076,1.0236238268816482,31.16878909015585,2.2245422521409965,-0.1790672936961146,-2.437501863168878,1.3926204053691945e-05,0.0039801302027089,0.2308771594637275,0.0,0.0182818614844466,0.8357263410219407,0.0679982924302717,0.3966173705105286,0.0189643728910369,,-0.0032154215581048,0.0024610004960573,-99.72536969934384,2218164000.0,-1885618000.0,-11025878000.0,11212641000.0,213032500.0,168314000.0,69202000.0,19.34745163129629,26.442452754394264,9.38582944269378,4.651775423199234,3.403617691442924,9.588923445658686,-0.043166435369547,0.6083813356362568,2023-02-08,-1.17,amc,954521157.0,2025-04-25,2022-12-31,0.0512820512820513,73.1784126984127,3674552.8412698414
2022-09-30,WYNN,USD,1174922,2022-11-09,2022-11-09 16:46:03,2022,Q3,889722000.0,565942000.0,323780000.0,0.363911424,0,201275000.0,0.0,201275000.0,170763000.0,372038000.0,937980000.0,6892000.0,165277000.0,172502000.0,131378000.0,0.1476618539,-46963000.0,-0.0527839033,-153410000.0,-206401000.0,-0.2319836983,1390000.0,-207791000.0,-0.233545984,-1.85,-1.84,112513385,112709000,https://www.sec.gov/Archives/edgar/data/1174922/000117492222000149/0001174922-22-000149-index.htm,https://www.sec.gov/Archives/edgar/data/1174922/000117492222000149/wynn-20220930.htm,7.907699159526664,-1.846811381596954,0.0392220001202523,-0.7496352545077193,17.273544832021543,-14.193537951062444,-16.42350374579878,-6.782775222699059,110.11922714795222,7091718656.55,17372823656.55,-8.532273602502034,7.970712937917686,1607.0062670632224,-84.08089083455847,-9.292656461482824,-9.292656461482824,19.52612575225745,132.23540970748527,3936.73774225017,-205.97580926384805,-0.02930051374896,-0.0118933088133859,-16.018557222470463,1.0378004889066412,78.2559104264032,1.4210127483431558,-0.2841472195163271,-0.0212376859440495,3.525238550870837e-06,-0.0001203131993204,0.2262223481042393,0.0,0.0213000807769871,20.112621799229547,0.0997581266957544,0.5145273677986342,0.0225621036683368,,-0.0044225967319194,-0.0180242017049308,-99.90921524581276,688371000.0,-1847864000.0,-11052901000.0,9785988000.0,198206000.0,146485000.0,68692500.0,21.24582734831779,22.129228790229387,10.863127316933538,4.236125923668775,4.067019273610533,8.28490704142878,0.2722796084140402,0.7888572546279716,2022-11-09,-1.2,amc,871209293.0,2025-04-25,2022-09-30,-0.0,62.30984375,2839684.671875
2022-06-30,WYNN,USD,1174922,2022-08-09,2022-08-09 17:04:10,2022,Q2,908832000.0,569590000.0,339242000.0,0.373272508,0,200378000.0,0.0,200378000.0,163983000.0,364361000.0,933951000.0,2691000.0,154830000.0,162968000.0,105094000.0,0.1156363332,-59436000.0,-0.0653982254,-160676000.0,-212704000.0,-0.2340410549,718000.0,-213422000.0,-0.2348310799,-1.87,-1.86,114079823,114471000,https://www.sec.gov/Archives/edgar/data/1174922/000117492222000130/0001174922-22-000130-index.htm,https://www.sec.gov/Archives/edgar/data/1174922/000117492222000130/wynn-20220630.htm,7.9666322764192925,-1.8708128605704448,-0.3512102223370385,-1.2117392573443948,17.662176772486752,-12.046424721398806,-14.295016919863208,-5.341540545693168,106.74073363525468,6500268314.54,16507504314.54,-7.614337222193588,7.152332130184677,-162.23901349123943,-47.02331764415669,-10.667334547510343,-10.667334547510343,18.16342769020017,157.0737084375892,-412.0077950017471,-119.41624273548668,-0.0328327985358098,-0.0212660452324393,-19.729051040268345,1.0198161246723616,95.2217633737416,1.4661840423578267,-0.3838790931989924,0.1877313491580062,1.9691494843941392e-05,-0.0005997507286034,0.2204785923030879,0.0,0.0217600479652638,-2.4501821993710378,0.1080166631456638,0.6023820627362427,0.0160590736241681,,-0.0055652501927875,-0.0185069179601963,-96.19198392339722,753945000.0,-1630773000.0,-10791571000.0,9963945000.0,186693500.0,159375000.0,70659500.0,18.45687651843245,24.30421882406643,10.914429677487314,4.876231355295633,3.703060799916784,8.245964531306551,0.3502384461124914,0.8605290350073562,2022-08-09,-0.94,amc,980850991.0,2025-04-25,2022-06-30,-0.1276595744680851,66.0924193548387,3246820.2258064514
2022-03-31,WYNN,USD,1174922,2022-05-10,2022-05-10 17:03:25,2022,Q1,953334000.0,618354000.0,334980000.0,0.3513773767,0,196780000.0,0.0,196780000.0,187345000.0,384125000.0,1002479000.0,1280000.0,152158000.0,184556000.0,83244000.0,0.0873188201,-62992000.0,-0.0660754783,-158605000.0,-253470000.0,-0.2658774364,1140000.0,-254610000.0,-0.2670732398,-2.21,-2.21,115030000,115030000,https://www.sec.gov/Archives/edgar/data/1174922/000117492222000085/0001174922-22-000085-index.htm,https://www.sec.gov/Archives/edgar/data/1174922/000117492222000085/wynn-20220331.htm,8.287698861166652,-2.213422585412501,-1.020472920107798,-1.8658523863339995,20.145631574371905,-8.982517604103277,-11.349656611318787,-2.930018256107102,105.95821090150396,9172492200.0,18891355200.0,-9.006413927182749,9.621488586371616,-78.14024108702134,-42.73649972743664,-27.214847495846183,-27.214847495846183,19.816092995739165,226.93954158858296,-160.9350019167696,-88.01865171994464,-0.0277579958040193,-0.0233992022364434,-35.711532755756,0.9882509764510468,116.75151362260344,2.3093924518690123,-0.4139907201724523,0.4610384509642198,1.907878428067783e-05,-0.0006873257138368,0.2064124430682216,0.0,0.0223569315503095,-0.8284193039996592,0.1020041244726402,0.5269078220160819,0.0145804093843291,,-0.0057133133642463,-0.0213831876293459,-93.1829935668956,1511361000.0,-1305551000.0,-10546962000.0,10818271000.0,193235000.0,167738000.0,71105500.0,17.65449464720654,24.00576368876081,10.514947748377145,5.097851952065965,3.749099639855942,8.55924367421516,0.7554296225967244,0.8453794662262019,2022-05-10,-1.15,amc,986354251.0,2025-04-25,2022-03-31,0.0521739130434783,84.26467741935484,3474303.2741935486
2021-12-31,WYNN,USD,1174922,2022-02-28,2022-02-28 16:53:06,2021,Q4,1053124000.0,718816000.0,334308000.0,0.3174440997,0,221923000.0,0.0,221923000.0,-30795000.0,415739000.0,1134555000.0,1082000.0,151961000.0,170424000.0,64083000.0,0.0608503842,-105624000.0,-0.1002958816,-152678000.0,-258302000.0,-0.2452721617,-1871000.0,-177190000.0,-0.1682517918,-1.54,-1.54,114768000,114768000,https://www.sec.gov/Archives/edgar/data/1174922/000117492222000031/0001174922-22-000031-index.htm,https://www.sec.gov/Archives/edgar/data/1174922/000117492222000031/wynn-20211231.htm,9.176111808169525,-1.5438972535898507,-0.0501794925414749,-1.0422853060086434,21.979384497420885,-7.286133765509549,-9.96613167433431,-1.868273386309773,106.316168269901,9759870720.0,19287073720.0,-13.770346407810829,9.267541827932892,-1694.7162215662445,-81.58994424055977,-45.51796360380192,-45.51796360380192,18.314152673379397,300.9702061389136,-3349.031727730509,-161.23484772740574,-0.0181549535934836,-0.0122564123472324,-56.197394808271696,0.9616072396185216,148.66974080489365,2.2330628629996583,-0.6950730779607925,0.0224582831248951,6.362789198912668e-05,-0.0035047124555561,0.210728271314679,0.0,0.0245457083196271,-19.77114082305956,0.1081183222488519,0.6681101253344599,0.0191857748945043,,-0.0092853465220461,-0.0144961470142796,-92.88242585041128,1588037000.0,-1143793000.0,-10491124000.0,11032288000.0,210698000.0,162602500.0,67005000.0,17.046112328652654,21.352863597916578,8.760280795085253,5.279796252939142,4.2148913464132,10.27364328897909,0.8263765168969023,0.9921058134671684,2022-02-15,-1.24,amc,994084623.0,2025-04-25,2021-12-31,0.1048387096774194,88.57828125,3538990.359375
2021-09-30,WYNN,USD,1174922,2021-11-09,2021-11-09 16:55:10,2021,Q3,994644000.0,687561000.0,307083000.0,0.3087365932,0,197350000.0,0.0,197350000.0,-27085000.0,375446000.0,1063007000.0,507000.0,150325000.0,177110000.0,82607000.0,0.0830518256,-83664000.0,-0.0841145174,-161164000.0,-244828000.0,-0.2461463599,1155000.0,-166249000.0,-0.1671442245,-1.45,-1.45,114654482,114655000,https://www.sec.gov/Archives/edgar/data/1174922/000117492221000160/0001174922-21-000160-index.htm,https://www.sec.gov/Archives/edgar/data/1174922/000117492221000160/wynn-20210930.htm,8.675142765025095,-1.4500000095940426,0.0870005238870644,-0.846613218312739,21.593198598202207,-5.168476536311943,-7.6640091575312335,-0.4643342246315325,104.76054481673032,9716967349.5,19102151349.5,-14.612068868835305,9.769291675715133,974.132065112782,-100.10474460687354,-182.51939121492168,-182.51939121492168,19.20501340127724,231.2413154998971,1915.0026415538848,-196.7914384709688,-0.0171091446559769,-0.0099895364992653,-222.79088245238364,0.9407699821418586,113.61245415037466,2.219729331443068,-0.5565541327124564,-0.04055158283296,5.5984545427951066e-05,-0.0032722001335346,0.1984126984126984,0.0,0.0226943941775241,10.731127819548872,0.1076194095575904,0.6043871040596239,0.0257177442381394,,-0.0073923077726637,-0.0134925164980991,-91.80675335483178,1569294000.0,-878713000.0,-10344398000.0,11092919000.0,233946000.0,161403000.0,65071500.0,20.08152665677368,20.24499644395188,8.383067102409822,4.481730972861179,4.44554289002541,10.73592742376216,3.122750666816936,0.9336137421998034,2021-11-09,-1.17,amc,1027890000.0,2025-04-25,2021-09-30,0.0598290598290598,98.710625,4744456.453125
2021-06-30,WYNN,USD,1174922,2021-08-09,2021-08-06 18:14:01,2021,Q2,990113000.0,630195000.0,359918000.0,0.3635120436,0,197545000.0,0.0,197545000.0,-98000.0,383788000.0,1013983000.0,720000.0,150424000.0,183307000.0,161031000.0,0.1626390119,-29521000.0,-0.0298157887,-143179000.0,-172700000.0,-0.1744245354,697000.0,-131369000.0,-0.1326808152,-1.15,-1.15,114233913,114545000,https://www.sec.gov/Archives/edgar/data/1174922/000117492221000104/0001174922-21-000104-index.htm,https://www.sec.gov/Archives/edgar/data/1174922/000117492221000104/wynn-20210630.htm,8.667417354424337,-1.1500000004376985,0.2372237743444891,-0.4369718123898986,24.534885712966865,-3.097495224557352,-5.649364387964194,0.8994877029205854,106.71794110738377,13970807559.9,23208475559.9,-26.58695651161994,14.110316256730291,515.5469781135835,-279.8807532483923,135.96628347769385,135.96628347769385,23.440229105061743,144.1242714750576,856.4329148640172,-464.94131377887294,-0.0094031071172338,-0.0035729502239566,117.17907194020556,0.9245714298878148,57.365774291906526,1.2666298178861302,-0.1962519278838483,-0.1562829806744061,6.656737600976996e-06,-0.0007079295724257,0.1995176308158765,0.0,0.0223848190827299,2.842023690911104,0.0777850608970895,0.4201476212037729,0.0253577116955337,,-0.002513428103913,-0.0103187024272346,-90.6584435219338,676787000.0,-645349000.0,-10161415000.0,10280184000.0,230648000.0,150677500.0,65676000.0,22.357357190542896,24.012995977435555,9.439935258134389,4.025520513581532,3.7479704775102154,9.533963691376702,-1.2785055278729367,0.6741955867343877,2021-08-04,-1.41,amc,932470000.0,2025-04-25,2021-06-30,-0.2056737588652481,127.3157142857143,2280862.111111111
2021-03-31,WYNN,USD,1174922,2021-05-10,2021-05-10 16:12:48,2021,Q1,725783000.0,522009000.0,203774000.0,0.2807643607,0,179774000.0,0.0,179774000.0,-16710000.0,373889000.0,895898000.0,904000.0,152852000.0,185121000.0,2287000.0,0.0031510796,-175732000.0,-0.2421274679,-159954000.0,-335686000.0,-0.4625156555,493000.0,-280978000.0,-0.3871377533,-2.53,-2.53,111020000,111020000,https://www.sec.gov/Archives/edgar/data/1174922/000117492221000057/0001174922-21-000057-index.htm,https://www.sec.gov/Archives/edgar/data/1174922/000117492221000057/wynn-20210331.htm,6.53740767429292,-2.5308773194019096,-2.2870293640785446,-2.726319582057287,26.035011709601875,-1.827949918933525,-4.420599891911367,2.1048729958566024,110.13723653395785,13918577400.0,23102754400.0,-12.384045548050024,19.17732628072027,-54.81783573448441,-45.98507116520636,59.56178840566066,59.56178840566066,31.83149012859215,10101.772802798429,-90.9893992264854,-76.3283326064835,-0.0201872642530263,-0.0217461879401554,51.67078478109234,0.9170399951818616,4015.818539571491,2.372296299973282,-1.1496872791981787,0.7552702578090839,2.119469479689785e-05,-0.0010499042629672,0.247696625575413,0.0,0.0218605563598022,-0.1920789583546666,0.067196393412356,0.2634493115313768,0.0335444616366048,,-0.0146713495964911,-0.021816628911626,-92.64379616285352,1879884000.0,-490775000.0,-10120084000.0,11608499000.0,207747500.0,140845000.0,65768500.0,26.70265079231671,22.96719022085826,11.25015085946794,3.370451896329939,3.9186334564453658,7.999892723594679,-1.2023895619279108,0.4392902179787425,2021-05-10,-2.0,amc,791970000.0,2025-04-25,2021-03-31,0.205,120.49786885245902,2809041.1147540985
2020-12-31,WYNN,USD,1174922,2021-02-26,2021-02-26 17:05:22,2020,Q4,685995000.0,478585000.0,207410000.0,0.3023491425,0,173544000.0,0.0,173544000.0,-8213000.0,362267000.0,840852000.0,1415000.0,149287000.0,184004000.0,23568000.0,0.0343559355,-178611000.0,-0.2603677869,-131112000.0,-309723000.0,-0.4514945444,568000.0,-269502000.0,-0.3928629217,-2.52,-2.52,106818000,106818000,https://www.sec.gov/Archives/edgar/data/1174922/000117492221000029/0001174922-21-000029-index.htm,https://www.sec.gov/Archives/edgar/data/1174922/000117492221000029/wynn-20201231.htm,6.422091782283885,-2.52300174127956,-2.727499110636784,-2.999194892246625,32.59780186859893,-6.90255387668745,-9.506937033084313,-3.2952966728454007,124.86828998857872,12052274940.0,21759136940.0,-11.180134971169045,17.56904196094724,-41.36756619277423,-37.62009607701144,-34.239709258885725,-34.239709258885725,31.719089701819986,923.2491912763068,-74.68486589827903,-67.9191958622584,-0.0223610896151693,-0.0265815376428842,-37.46876819972898,0.9509246408696692,411.8661744738629,2.027312099391352,-1.1964270164180404,0.9389444102471552,4.1071084294397946e-05,-0.0018367210632945,0.2529814357247502,0.0,0.0200579730542028,-0.0996135179477322,0.0423064308048892,0.157724832068868,0.0317101436599392,,-0.014218323520298,-0.019828932397601,-102.4319028628134,1932259000.0,-1015512000.0,-10793717000.0,11805692000.0,189492000.0,147452500.0,69956000.0,26.25998731769182,27.92193654209806,12.465183823145312,3.427267458707621,3.2232721345923303,7.220110130497096,0.765637207135288,0.271695781609841,2021-02-04,-2.22,amc,723890000.0,2025-04-25,2020-12-31,0.1036036036036035,92.259375,3431944.8125
2020-09-30,WYNN,USD,1174922,2020-11-09,2020-11-06 19:21:50,2020,Q3,370452000.0,286707000.0,83745000.0,0.226061676,0,160896000.0,0.0,160896000.0,412000.0,356847000.0,643554000.0,2033000.0,145142000.0,183486000.0,-95540000.0,-0.2579011586,-283007000.0,-0.7639505253,-141161000.0,-424168000.0,-1.1450012417,407365000.0,-758142000.0,-2.0465323443,-7.1,-7.1,106780563,106783000,https://www.sec.gov/Archives/edgar/data/1174922/000117492220000199/0001174922-20-000199-index.htm,https://www.sec.gov/Archives/edgar/data/1174922/000117492220000199/wynn-20200930.htm,3.469283075422631,-7.1000000252855004,-1.6210066245857873,-2.2710406574649733,33.291592590685255,-5.119199455803581,-6.418518321541346,-1.2053036281518763,122.31231633420026,7667912229.030001,17028453229.03,-2.528521117755645,20.69880100264002,-44.29963388851016,-31.61986544096362,-59.57834882660078,-59.57834882660078,45.96669265931889,-178.23375789229644,-98.3780488354748,-70.21955699117125,-0.098872023747187,-0.0316256880304271,-100.35069889590764,0.924703138428864,-97.97509943479172,2.2913939716942027,-1.9498628928911,0.2081601090996989,2.7126027761837365e-05,-0.0002743549361465,0.4343234751060866,0.0,0.0099334751712522,-0.4010064012201604,0.1873684040037575,0.3782904417775743,0.027137118978977,,-0.0443663691596976,-0.0548251009120812,-101.02886421379893,2180777000.0,-685373000.0,-10644270000.0,12038987000.0,237572000.0,181129500.0,79203000.0,43.445142690551,45.96480030135295,23.11220165534849,2.071577958462416,1.958020037288205,3.894047020794002,5.890631920001865,0.650034032879186,2020-11-05,-3.32,amc,348091590.0,2025-04-25,2020-09-30,1.1204819277108435,79.29,4543249.703125
2020-06-30,WYNN,USD,1174922,2020-08-06,2020-08-06 16:51:18,2020,Q2,85698000.0,240267000.0,-154569000.0,-1.8036476931,0,152081000.0,0.0,152081000.0,2233000.0,361880000.0,602147000.0,3983000.0,133218000.0,179266000.0,-341447000.0,-3.9843053514,-523016000.0,-6.1030129058,-130915000.0,-653931000.0,-7.6306448225,80938000.0,-637564000.0,-7.4396602021,-5.97,-5.97,106713000,106713000,https://www.sec.gov/Archives/edgar/data/1174922/000117492220000143/0001174922-20-000143-index.htm,https://www.sec.gov/Archives/edgar/data/1174922/000117492220000143/wynn-20200630.htm,0.8030699165050181,-5.974567297330222,-4.043434258244075,-4.534152352571852,35.5883538088143,2.569490127725769,1.2453871599523956,5.805468874457658,122.41098085519104,7949051369.999999,17080936370.0,-3.116962128507883,92.75655639571518,-18.42245854452161,-16.4286495485199,12.831004973213089,12.831004973213089,199.3154609209083,-50.02514700670968,-39.58621318834635,-35.30191270902526,-0.0802063001386793,-0.0608692757762364,20.87042528154907,0.8685951426455301,-26.74466315416448,2.265624908080911,-3.926016003843325,0.5871617934625083,8.151916119772164e-05,-0.0010163685528041,1.7746155102802863,0.0,0.0094922803299144,-0.1213617096227696,0.6110527666923382,0.2921133957359454,0.2460267450815655,,-0.0441457128282038,-0.0432411653094034,-98.85495675316037,2366530000.0,132899000.0,-10375096000.0,12363217000.0,338544500.0,205029000.0,85480500.0,311.19302667506827,80.84705764836619,31.75679556493401,0.2892095653993345,1.1132130545980208,2.834039089868954,-1.029127435962416,0.4907180943277763,2020-08-04,-4.89,amc,69507498.0,2025-04-25,2020-06-30,0.2556237218813906,80.15793650793651,6430108.349206349
2020-03-31,WYNN,USD,1174922,2020-05-08,2020-05-08 16:32:00,2020,Q1,953716000.0,737660000.0,216056000.0,0.2265412345,0,234328000.0,0.0,234328000.0,10335000.0,436238000.0,1173898000.0,7953000.0,128827000.0,178746000.0,-66880000.0,-0.0701256978,-247411000.0,-0.259417898,-127042000.0,-374453000.0,-0.3926252679,75800000.0,-402037000.0,-0.4215479241,-3.77,-3.77,106641114,106663000,https://www.sec.gov/Archives/edgar/data/1174922/000117492220000085/0001174922-20-000085-index.htm,https://www.sec.gov/Archives/edgar/data/1174922/000117492220000085/wynn-20200331.htm,8.943229906619317,-3.770000002062994,-1.6550839857130524,-2.9614844421073845,27.015574874808603,9.306729485215245,7.957746953018514,11.64738395362224,109.28235427098032,6418728651.66,15062922651.66,-3.9913793081606914,6.730230646922144,-36.366734570311614,-20.32426682517669,5.1676840258435375,5.1676840258435375,15.793928854774377,-225.22312577242823,-85.34233796974505,-47.69524866270233,-0.0626349892351386,-0.0492022668567433,9.278848553647482,0.8074605766958514,-129.24931220095695,1.812020880320155,-1.9204902698968385,0.3920018300821982,0.0167363360923845,-0.2672042622942664,0.2456999777711604,0.0,0.0100787152445743,-0.7893257790368272,0.1460770292204387,0.7794076510803039,0.0098184365156923,,-0.0235648065013765,-0.0284537516923823,-94.44037456322896,1530527000.0,848623000.0,-9865503000.0,11660355000.0,363600000.0,228331500.0,87350500.0,35.93248933644817,23.697014884906327,10.514844237182444,2.504697048882399,3.797946721860101,8.559327933907312,-0.3236778333293079,1.306400456394332,2020-05-06,-1.05,amc,226305491.0,2025-04-25,2020-03-31,2.371428571428571,112.03322580645164,4655182.548387097
2019-12-31,WYNN,USD,1174922,2020-02-28,2020-02-28 16:32:03,2019,Q4,1653459000.0,1007123000.0,646336000.0,0.3908993208,0,230682000.0,61300000.0,230682000.0,18505000.0,417392000.0,1424515000.0,4470000.0,113049000.0,175054000.0,428052000.0,0.2588827422,226578000.0,0.1370327296,-86629000.0,139949000.0,0.0846401392,157419000.0,-72942000.0,-0.0441147921,-0.68,-0.68,106607000,106608000,https://www.sec.gov/Archives/edgar/data/1174922/000117492220000024/0001174922-20-000024-index.htm,https://www.sec.gov/Archives/edgar/data/1174922/000117492220000024/wynn-20191231.htm,15.509853949553031,-0.684213982196291,1.1367452418696709,-0.5982064967591246,22.061440618345888,14.459388220285724,13.085988724943014,16.350192764077406,100.14436200249514,14804514090.0,23015651090.0,-50.740705252118126,8.953662649028491,122.16457556628296,-232.14391811581703,8.493477844806073,8.493477844806073,13.919698698304584,53.7683531206489,189.9216164541816,-360.899614100011,-0.0049270107452746,-0.004307672620142,6.06010802933946,0.7615043628630982,19.18256894022221,1.4404962670534434,2.0042459464480005,-6.936748712077848,0.0071857812659895,-1.4584464368950674,0.1395147989759649,0.0,0.0105551895315219,1.52624499731815,0.1118612557069755,1.0565768277217316,0.006004382328198,,-0.0023124223636306,-0.0053145870193131,-90.74285694185184,873453000.0,1395058000.0,-9473472000.0,11096618000.0,316520000.0,277288500.0,84502500.0,18.856596988495028,23.45227941373596,7.910364473852747,4.772865435630389,3.837580066835088,11.377478281498886,-0.0418474566061117,1.7349517386287956,2020-02-06,0.85,amc,1749590337.0,2025-04-25,2019-12-31,-1.7294117647058824,121.648125,1787637.421875
2019-09-30,WYNN,USD,1174922,2019-11-06,2019-11-06 17:13:20,2019,Q3,1647762000.0,1036619000.0,611143000.0,0.3708927624,0,246442000.0,0.0,246442000.0,-8703000.0,425092000.0,1461711000.0,6427000.0,114652000.0,172998000.0,350833000.0,0.2129148506,177835000.0,0.1079251737,-131225000.0,46610000.0,0.0282868521,19727000.0,-3496000.0,-0.0021216656,-0.0328,-0.0328,106707000,106707000,https://www.sec.gov/Archives/edgar/data/1174922/000117492219000115/0001174922-19-000115-index.htm,https://www.sec.gov/Archives/edgar/data/1174922/000117492219000115/wrl-q31910q.htm,15.441929770305602,-0.0327626116374745,2.534426045151677,0.2165556149081128,15.707591816844255,15.61171244623127,14.215627840722728,17.981491373574368,91.86449811165151,11601185040.0,19613008040.0,-829.6041933638445,7.040570810590364,42.8972864321608,502.0419352605159,6.046217065163744,6.046217065163744,11.902816086303726,55.90411403716298,72.52231740009836,848.7540263112342,-0.0003013485249951,0.0019918654792872,5.04908297116197,0.729674676423045,22.836571816220253,1.093695347661398,1.5510850225028785,10.05992634750586,0.0163473816981717,-54.24742562929062,0.1495616478593389,0.0,0.0112202567767648,0.9145543760006803,0.1501023812905019,1.4296870484051838,0.0062363375293276,,0.0089479893073933,-0.000266299291458,-90.71445875153458,180868000.0,1516907000.0,-9499927000.0,10395265000.0,291653500.0,362135000.0,81126000.0,15.654560549399733,25.36380290154821,6.9878518529951705,5.749123376283534,3.548363798178955,12.879494570484308,-0.0018220185943877,2.317870430243564,2019-11-06,0.88,amc,8723445882.0,2025-04-25,2019-09-30,-0.8068181818181818,119.01546875,2112483.546875
2019-06-30,WYNN,USD,1174922,2019-08-08,2019-08-08 16:20:17,2019,Q2,1658332000.0,1016729000.0,641603000.0,0.3868965925,0,202224000.0,0.0,202224000.0,11715000.0,415957000.0,1432686000.0,6265000.0,93149000.0,140269000.0,358985000.0,0.2164735409,218716000.0,0.1318891513,-78473000.0,140243000.0,0.0845687112,-1991000.0,94551000.0,0.0570157242,0.88,0.88,106876000,107141000,https://www.sec.gov/Archives/edgar/data/1174922/000117492219000080/0001174922-19-000080-index.htm,https://www.sec.gov/Archives/edgar/data/1174922/000117492219000080/wrl-q21910q.htm,15.51641154234814,0.8846794415958681,2.2978592013174146,-0.7498128672480258,14.052603016579962,17.318565440323365,16.073515101613083,19.18878887682922,88.24083049515326,14027475000.0,21863267000.0,37.08970555573183,8.458785695506087,57.11838215533459,-175.04367520620937,6.839931422586369,6.839931422586369,13.183890198102672,60.90300987506442,89.02489148404224,-272.82362703869626,0.0067404147931113,-0.0057128599409373,4.553141400444018,0.7092657547423624,21.82763068094767,0.9959374246968128,2.3480230598288765,1.726633575657016,0.0135246721166852,2.006504426182695,0.121944218648618,0.0,0.0101073475569137,1.3263093173063611,0.196416037319427,2.322131048200244,0.0059276429568988,19.5437549652113,0.0196923967283076,0.0072551788614791,-89.34694412216027,-8025000.0,1717873000.0,-9347012000.0,10218019000.0,278250000.0,388828500.0,74569500.0,16.102107418779834,38.25178587411198,7.237857875599103,5.589330493164721,2.3528313239071577,12.434618301005308,0.0461039749446685,3.0476720685654404,2019-08-06,1.42,amc,1658332000.0,2025-04-25,2019-06-30,0.0140845070422535,128.56904761904764,2184314.8571428573
2019-03-31,WYNN,USD,1174922,2019-05-09,2019-05-09 17:23:24,2019,Q1,1651546000.0,1006582000.0,644964000.0,0.390521366,0,217322000.0,0.0,217322000.0,-6358000.0,387014000.0,1393596000.0,7287000.0,93180000.0,136557000.0,391733000.0,0.237191698,255176000.0,0.1545073525,-93760000.0,161416000.0,0.0977363028,1685000.0,104872000.0,0.063499291,0.98,0.98,106792000,107073000,https://www.sec.gov/Archives/edgar/data/1174922/000117492219000065/0001174922-19-000065-index.htm,https://www.sec.gov/Archives/edgar/data/1174922/000117492219000065/wrl-1q1910q.htm,15.46507229005918,0.982021125177916,2.470765600419507,-0.4440501161135665,17.069546407970634,17.93433028691288,16.681080979848677,19.46044647539141,88.38132069817964,13812477280.0,21334824280.0,32.92699023571592,8.363362134630218,52.34814665464,-291.2734290715084,6.646301777482654,6.646301777482654,12.918092671957064,54.46266788858738,80.85721971666578,-449.9024541869636,0.0075925554753202,-0.0034332002173617,4.496751065815938,0.7100582643244433,19.20274013167132,1.193775593339475,2.7385275810259717,1.651889739624744,0.0058478286235414,0.7702055839499581,0.1315870099894281,0.0,0.0101690366711249,1.179721668473194,0.1884773418360736,2.279480363511208,0.0062595894997777,20.736147538661584,0.0222714047732848,0.0080501159480141,-86.09777417784103,363897000.0,1781406000.0,-9004157000.0,10303738000.0,268224000.0,333661500.0,67000000.0,14.157861785260598,30.89408513166339,6.023920554907599,6.356892118674077,2.913178999036255,14.940436079735203,0.0504624149512563,2.9148157165330737,2019-05-09,1.59,amc,1641287950.0,2025-04-25,2019-03-31,0.0125786163522012,119.50934426229507,2086899.5573770488
2018-12-31,WYNN,USD,1174922,2019-02-28,2019-02-28 16:41:29,2018,Q4,1687586000.0,1034760000.0,652826000.0,0.3868401373,0,204122000.0,40600000.0,204122000.0,-5113000.0,365209000.0,1399969000.0,8837000.0,100717000.0,138911000.0,443294000.0,0.2626793538,258033000.0,0.1529006522,-103486000.0,154547000.0,0.0915787403,-372713000.0,476616000.0,0.2824247179,4.43,4.41,107619000,107974000,https://www.sec.gov/Archives/edgar/data/1174922/000117492219000021/0001174922-19-000021-index.htm,https://www.sec.gov/Archives/edgar/data/1174922/000117492219000021/wrl-20181231x10k.htm,15.68111578810433,4.428734702979957,4.307789516721025,1.0951319005008409,20.58187680614018,16.863091089863314,14.795556546706436,18.90115128369526,88.49568384764773,10644595290.0,17852694290.0,5.583423180296087,6.307586866684128,22.96073185936152,90.31788769440932,5.233014566965714,5.233014566965714,10.578835265284258,40.27280831682811,38.50883151423641,151.47758970616934,0.044775398877565,0.01107200384694,4.632512389860397,0.7129924489279085,16.260312569085077,1.4034471747226316,2.561960741483563,0.8993036022579581,0.0205819943390257,0.4596719371569565,0.1209550209589318,0.0,0.016835765071065,0.7457786885245902,0.204874299739391,2.4889533586253068,0.0037201067086358,43.398550135556896,0.0775872510060382,0.0366803673423934,-83.12363523169701,759313000.0,1592283000.0,-8760104000.0,10367739000.0,254658000.0,318877500.0,64851500.0,14.753594779762334,27.98875101472805,5.794995941087788,6.100208209829239,3.2155775708834167,15.530640731235083,0.2343103145679981,3.2126576162201843,2019-01-30,1.36,amc,2149284056.0,2025-04-25,2018-12-31,-0.2205882352941176,107.8552380952381,3201266.0793650798
2018-09-30,WYNN,USD,1174922,2018-11-07,2018-11-07 17:20:14,2018,Q3,1709072000.0,1052475000.0,656597000.0,0.3841833463,0,192327000.0,0.0,192327000.0,11216000.0,346784000.0,1399259000.0,6948000.0,93007000.0,137458000.0,428441000.0,0.2506863374,290983000.0,0.1702578943,-75095000.0,215888000.0,0.1263188444,-3884000.0,156115000.0,0.0913448936,1.44,1.44,108064000,108533000,https://www.sec.gov/Archives/edgar/data/1174922/000117492218000175/0001174922-18-000175-index.htm,https://www.sec.gov/Archives/edgar/data/1174922/000117492218000175/wrl-20180930x10q.htm,15.81536867041753,1.444653168492745,4.114108306188925,1.2154371483565294,18.037949733491264,14.253433150725495,12.186306262955286,16.703000074030204,83.51696217056559,13539338560.0,20522255560.0,21.681674662908755,7.922041060879822,30.45374372170127,103.0822533023716,7.501047682733397,7.501047682733397,12.0078355739255,47.89984049145623,46.16026910368499,156.24694933191213,0.0115304746467614,0.009700990887992,4.948589828326204,0.721646252863363,16.298433156490624,1.141112774463284,3.128613975292182,2.0229465081994067,0.0059584151502302,0.5167536751753515,0.1125330003651104,0.0,0.0180474378854325,0.7045685096505296,0.1832819214170029,2.278819712203,0.0069230553189099,23.300771329643823,0.0280325763654974,0.0128446272779024,-80.3404741634587,288915000.0,1316901000.0,-8500888000.0,9733325000.0,231393000.0,281674500.0,64920500.0,12.252544070700358,27.018513503883703,5.39380032779876,7.345413285655344,3.3310492817106017,16.685823451074892,0.0864906401299063,2.898671157832396,2018-11-07,1.69,amc,1719273214.0,2025-04-25,2018-09-30,-0.0059171597633136,148.44349206349207,2642301.746031746
2018-06-30,WYNN,USD,1174922,2018-08-08,2018-08-08 16:27:18,2018,Q2,1605424000.0,985754000.0,619670000.0,0.38598526,0,183631000.0,0.0,183631000.0,-957000.0,331307000.0,1317061000.0,6861000.0,89898000.0,137870000.0,417442000.0,0.2600197829,279572000.0,0.1741421581,-83994000.0,195578000.0,0.1218232691,-9702000.0,155756000.0,0.0970186069,1.44,1.44,107792000,108405000,https://www.sec.gov/Archives/edgar/data/1174922/000117492218000160/0001174922-18-000160-index.htm,https://www.sec.gov/Archives/edgar/data/1174922/000117492218000160/wrl-20180630x10q.htm,14.893721240908416,1.4449680866854684,0.992170105388155,-2.15803584681609,13.960525827519668,16.880612661422,14.802462149324626,15.891578224729107,77.95174966602345,18037913280.0,24905427280.0,28.9521965124939,11.23560709195826,168.66059468152747,-77.54273417046758,10.53010579777406,10.53010579777406,15.513301956367911,59.66200641047139,232.8741751131391,-107.06531831019822,0.0086349234294578,-0.0128961147771966,4.852743602541762,0.7034771383472477,16.451420796182465,1.0810839588990044,3.1098800863200515,0.5209859703819174,0.0121169780898292,1.4032525231772772,0.1143816213037801,0.0,0.0189571309948516,3.175066387403224,0.211512348139806,2.462950605642997,0.0059959238182561,22.730233744739262,0.0286316769304041,0.0134358727692997,-76.87175300578893,141639000.0,1595587000.0,-8108503000.0,9419569000.0,229170000.0,274483500.0,67172000.0,12.90018088679377,22.586872586872587,6.095689188174737,6.976646357892175,3.9846153846153847,14.764532314835618,0.0909266572678686,3.150205952204246,2018-08-01,1.96,amc,2056590849.0,2025-04-25,2018-06-30,-0.2193877551020407,184.60375,2405039.109375
2018-03-31,WYNN,USD,1174922,2018-05-09,2018-05-09 16:30:13,2018,Q1,1715578000.0,1013286000.0,702292000.0,0.4093617428,0,169585000.0,0.0,169585000.0,-78551000.0,316978000.0,1330264000.0,7220000.0,98227000.0,136357000.0,-13939000.0,-0.0081249585,-81294000.0,-0.047385779,-167229000.0,-248523000.0,-0.1448625478,-111045000.0,-204307000.0,-0.1190893098,-1.99,-1.99,102570000,102570000,https://www.sec.gov/Archives/edgar/data/1174922/000117492218000100/0001174922-18-000100-index.htm,https://www.sec.gov/Archives/edgar/data/1174922/000117492218000100/wrl-20180331x10q.htm,16.725923759383836,-1.991878716973774,-0.5230184264404797,-6.410061421468265,20.092327191186502,7.520600565467485,5.449975626401482,6.9373306034903,92.17724480842352,18704665200.0,26029396200.0,-22.88793971816923,10.90283577896196,-348.66840398165755,-28.44902536959299,26.28676798367535,26.28676798367535,15.172377006466624,-1867.379022885429,-485.20665473660665,-39.58963953276145,-0.0109227830498671,-0.0351505890626687,13.149090311174572,0.7659647746319455,-525.4846832627878,1.1664626717975863,-0.8276135889317601,0.390215161698599,0.002750971452833,-0.25185627511539,0.0988500668579336,0.0,0.0173868992778981,-11.255899787495808,0.351971172397874,4.428331512133591,0.0042574572534737,,-0.0043924909641157,-0.0170216258053335,-89.47993565369991,349390000.0,559004000.0,-8995487000.0,9449617000.0,226177000.0,293507000.0,69607500.0,11.972839474509469,26.786050532623563,6.002362610358773,7.51701383716141,3.359957821717173,14.994095798990813,-0.2871246637678797,5.887042995027786,2018-04-24,1.96,amc,1476907826.0,2025-04-25,2018-03-31,0.1734693877551019,172.85,4474236.918032787
2017-12-31,WYNN,USD,1174922,2018-02-28,2018-02-28 17:06:26,2017,Q4,1689096000.0,1071738000.0,617358000.0,0.3654960997,0,182848000.0,37800000.0,182848000.0,8413000.0,324857000.0,1396595000.0,9195000.0,96789000.0,136880000.0,467875000.0,0.2769972814,301419000.0,0.1784498927,-91480000.0,209939000.0,0.1242907449,-334025000.0,491682000.0,0.291091803,4.8,4.77,102402000,103065000,https://www.sec.gov/Archives/edgar/data/1174922/000117492218000019/0001174922-18-000019-index.htm,https://www.sec.gov/Archives/edgar/data/1174922/000117492218000019/wrl-20171231x10k.htm,16.494755961797622,4.801488252182574,5.850198238315658,3.06358274252456,29.01551727505322,10.53055604382727,9.322522997597703,9.256127810003711,94.9729009199039,17263953180.0,24088105180.0,8.77800752315521,10.22082414498643,28.81782687222905,55.03034001982679,18.213879870780698,18.213879870780698,14.260945014374553,51.484061298423725,40.20903193606111,76.78291319883844,0.0284802672292696,0.0181717939529305,10.15842868989266,0.7592512351815472,14.58541704515095,1.7737148304140828,3.1141865294609925,1.1013081748056857,0.0126904306166567,0.4455867817003673,0.1082519880456765,0.0,0.009754577033954,0.4763283879066289,0.1689394800532355,2.084709234365868,0.0086916314999265,31.622329945147115,0.072219705255359,0.0391527845839563,-82.3053065369817,1493494000.0,954645000.0,-8179605000.0,10115955000.0,224130000.0,282426500.0,77266500.0,11.942198667216074,23.969785525940107,6.015686669689794,7.536300685322673,3.754726962517122,14.960885588251717,0.5187361660016501,2.786615495791098,2018-01-22,1.36,bmo,1599025714.0,2025-04-25,2017-12-31,0.0294117647058822,154.22619047619048,1538172.4761904762
2017-09-30,WYNN,USD,1174922,2017-11-08,2017-11-08 16:46:27,2017,Q3,1612331000.0,1001659000.0,610672000.0,0.3787510133,0,178506000.0,0.0,178506000.0,-43612000.0,325052000.0,1326711000.0,8447000.0,95874000.0,137982000.0,395309000.0,0.2451785645,257327000.0,0.1595993627,-151815000.0,105512000.0,0.065440657,-457000.0,79767000.0,0.0494730921,0.78,0.78,102173000,102794000,https://www.sec.gov/Archives/edgar/data/1174922/000117492217000177/0001174922-17-000177-index.htm,https://www.sec.gov/Archives/edgar/data/1174922/000117492217000177/wrl-20170930x10q.htm,15.780401867420943,0.7807052743875583,4.638730388654537,2.1140516574828965,30.270727100114517,3.897409295997964,2.6808354457635577,3.220772611159504,100.54542785275952,15215603159.999998,22456772160.0,47.68765015607958,9.437022025874338,32.10361187712706,70.44293334691363,46.23735295190168,46.23735295190168,13.928140164767656,56.80814795514395,47.38185465647437,103.96701910656994,0.0052424474508968,0.0141958881109514,30.926454679162266,0.8188921523204865,18.317743840894085,1.7247584694513929,2.6840123495421078,4.472520524676796,0.005301991590585,1.0113580804091915,0.1107129987576992,0.0,0.0100017267524485,0.5442607178348908,0.15998824062801,1.8694757287182384,0.006514171097622,7.521679913127273,0.0239936785682809,0.0064831964945695,-85.41733628257954,1494494000.0,273909000.0,-8473192000.0,10005638000.0,210155500.0,289382000.0,83702500.0,12.511004254089269,25.10578949522742,7.448373148945899,7.193667124730069,3.58483050362184,12.083175506954412,0.2423968931189147,2.5246787311716403,2017-10-26,1.37,amc,1459446710.0,2025-04-25,2017-09-30,0.1094890510948904,136.34650793650795,1942780.603174603
2017-06-30,WYNN,USD,1174922,2017-08-04,2017-08-04 16:35:08,2017,Q2,1529261000.0,968677000.0,560584000.0,0.3665718278,0,164169000.0,0.0,164169000.0,-24257000.0,306530000.0,1275207000.0,7080000.0,97739000.0,137686000.0,384575000.0,0.2514776745,246889000.0,0.1614433377,-137486000.0,109403000.0,0.0715397829,2607000.0,74916000.0,0.0489883676,0.73,0.73,101944000,102494000,https://www.sec.gov/Archives/edgar/data/1174922/000117492217000131/0001174922-17-000131-index.htm,https://www.sec.gov/Archives/edgar/data/1174922/000117492217000131/wrl-20170630x10q.htm,15.000990740014126,0.7348740484972142,3.8155065526171232,1.2640665463391667,25.72613395589736,3.5088479949776348,2.283694969787334,2.682090167150593,97.16878874676291,13672729280.0,20994342280.0,45.62686635698649,8.940742803223257,35.15129594208264,106.10200893965732,50.00577595886227,50.00577595886227,13.728423258031167,54.59102198530846,53.97447162748607,162.9185985224733,0.0054792279190069,0.0094248922333668,35.871291003317204,0.8272007714664686,19.038192810245075,1.9742653624337545,2.526002926160489,3.642192986563041,0.015985469727665,2.917467563671312,0.1073518516459911,0.0,0.0105336985665476,0.6687028238826844,0.1700847664329372,1.889110003921968,0.0069183742997434,6.65938926180861,0.0233561495430522,0.0063856109127836,-85.21521374480106,1500280000.0,232809000.0,-8459004000.0,9946954000.0,191090500.0,320385500.0,85487000.0,11.54551773699846,27.812490644456304,7.85165746683363,7.79523292503275,3.235956144687788,11.462547924456857,0.2739930437454054,2.5514400062779563,2017-07-25,1.09,amc,1447935593.0,2025-04-25,2017-06-30,0.0825688073394494,125.8411111111111,2065616.2698412696
2017-03-31,WYNN,USD,1174922,2017-05-04,2017-05-04 08:08:27,2017,Q1,1475680000.0,921319000.0,554361000.0,0.3756647783,0,159962000.0,0.0,159962000.0,-21953000.0,301395000.0,1222714000.0,6471000.0,98262000.0,139820000.0,389750000.0,0.2641155264,249930000.0,0.1693659872,-114515000.0,135415000.0,0.0917644747,2890000.0,100816000.0,0.0683183346,0.99,0.99,101753000,102069000,https://www.sec.gov/Archives/edgar/data/1174922/000117492217000098/0001174922-17-000098-index.htm,https://www.sec.gov/Archives/edgar/data/1174922/000117492217000098/wrl-20170331x10q.htm,14.50256994879758,0.9907914262970132,4.074415496349002,2.6431849675193853,26.30723418474148,3.465833931186304,2.355370357630733,2.161744616866333,97.4038898116026,11661911330.0,18931356330.0,28.918800909577847,7.90273726688713,28.129188125928643,43.36056742467057,53.017363432198,53.017363432198,12.828903508890816,48.57307589480436,45.66349962854331,70.38934951218062,0.0086448950902801,0.0230624288240065,44.61128184612027,0.8295238829478234,18.65155869146889,2.043145003547345,2.543506136655065,3.1283455951707224,0.00441231274565,0.510395175368989,0.1083988398568795,0.0,0.0095517758612177,0.3512726009686818,0.0986880624525642,1.0415677299384924,0.0055615038490729,6.9419994040107,0.0233004933615014,0.0086045917158955,-84.68835808280836,1573240000.0,239666000.0,-8395459000.0,9959990000.0,202485000.0,319964000.0,89003500.0,11.344044779355958,33.3522590980974,8.446520694786496,7.933678132493199,2.6984678829487176,10.655274905743298,0.4583295448346093,1.4312305288296168,2017-04-25,1.01,amc,1159708064.0,2025-04-25,2017-03-31,0.2277227722772277,99.73516129032258,2421786.370967742
2016-12-31,WYNN,USD,1174922,2017-02-24,2017-02-24 09:07:32,2016,Q4,1300433000.0,818947000.0,481486000.0,0.3702505242,0,166985000.0,0.0,166985000.0,84600000.0,319136000.0,1138083000.0,3596000.0,95667000.0,140543000.0,294637000.0,0.2265683815,138894000.0,0.1068059639,-5345000.0,133549000.0,0.1026957944,6983000.0,113800000.0,0.0875093142,1.12,1.12,101509000,101910000,https://www.sec.gov/Archives/edgar/data/1174922/000117492217000027/0001174922-17-000027-index.htm,https://www.sec.gov/Archives/edgar/data/1174922/000117492217000027/wrl-20161231x10k.htm,12.81101183146322,1.121082859647913,2.853963687948852,0.1536809543981321,25.87513422455152,2.540474243663124,1.4214798687801082,1.5560098119378578,100.6907663359899,8781543590.0,16453773590.0,19.29161597100176,6.752784334141013,30.31222869628551,562.9194608974359,55.59733578560168,55.59733578560168,12.65253464807491,55.84422048147381,56.79531654832708,1054.7290762820512,0.0129589973372779,0.0017764530620521,64.10519851344421,0.8470576582351178,26.03960127207377,2.1113922817254243,1.4518485998306625,2.2889480587203512,0.0070075379538143,0.5407469244288226,0.1284072305147593,0.0,0.0095024434986171,0.9461517485148584,0.2107782561654464,1.9503141387333416,0.0110440138015568,6.264930838897494,0.012492011302061,0.0096115116517619,-87.27423676718321,1574066000.0,144293000.0,-8705309000.0,9947285000.0,198279500.0,327519000.0,90134500.0,15.1542755374556,32.804870156432585,10.060101569454432,5.938918015417778,2.743495083834442,8.94623174315334,0.7204857264053587,2.70028273355072,2017-01-26,0.67,bmo,2210680000.0,2025-04-25,2016-12-31,-0.2537313432835821,93.57920634920634,2952923.634920635
2016-09-30,WYNN,USD,1174922,2016-11-04,2016-11-04 16:26:22,2016,Q3,1109822000.0,695294000.0,414528000.0,0.3735085446,0,144206000.0,0.0,144206000.0,-21319000.0,319083000.0,1014377000.0,3678000.0,79669000.0,106467000.0,183398000.0,0.165249923,76931000.0,0.0693183231,-96142000.0,-19211000.0,-0.017309983,120000.0,-17437000.0,-0.0157115285,-0.17,-0.17,101439000,101439000,https://www.sec.gov/Archives/edgar/data/1174922/000117492216000232/0001174922-16-000232-index.htm,https://www.sec.gov/Archives/edgar/data/1174922/000117492216000232/wrl-20160930x10q.htm,10.940782144934394,-0.1718964106507359,3.0648665700568816,-0.9753349303522314,17.121659322351363,-0.6351797632074448,-1.7608217746626051,-1.320971224085411,93.85468113841816,9882187380.0,17812235380.0,-141.68416843493722,8.904299410175685,31.78604933466711,-99.88363685981987,-73.74876774280213,-73.74876774280213,16.04963262577242,97.12338945899084,57.29304361251476,-180.0361379463699,-0.0017644878941771,-0.0100116498701727,-70.4552008238929,0.8640769163744569,43.23955550224103,1.4383277283310143,0.9656328057337232,-16.082820340385908,0.0051497707990232,-2.918563973160521,0.1299361519234616,0.0,0.0104507216950773,1.318230796694725,0.3692790375393531,3.8493993443977934,0.0074588537621348,,0.0080291161871839,-0.0016127808978371,-89.47263626415875,626927000.0,-178616000.0,-8933179000.0,9011158000.0,175570500.0,264996000.0,81759000.0,14.40157971278277,46.15021846873409,11.485098390033569,6.249314435979301,1.9501532817439056,7.836241096384456,0.1301288078926551,4.040201500409113,2016-11-02,0.79,amc,1154192000.0,2025-04-25,2016-09-30,-0.0506329113924051,97.574375,3236207.90625
2016-06-30,WYNN,USD,1174922,2016-08-09,2016-08-09 16:04:25,2016,Q2,1058364000.0,651813000.0,406551000.0,0.3841315464,0,119505000.0,0.0,119505000.0,6520000.0,247681000.0,899494000.0,2783000.0,69257000.0,79749000.0,237388000.0,0.2242971227,147539000.0,0.1394028897,-60990000.0,86549000.0,0.0817762131,-2893000.0,70391000.0,0.0665092539,0.69,0.69,101438000,101881000,https://www.sec.gov/Archives/edgar/data/1174922/000117492216000199/0001174922-16-000199-index.htm,https://www.sec.gov/Archives/edgar/data/1174922/000117492216000199/wrl-20160630x10q.htm,10.433604763500858,0.6939312683609693,2.509641357282281,-0.2884126264319091,20.828417358386403,0.0167097143082474,-1.114818904158205,-0.685985528105838,93.91227153532206,9194340320.0,16749033320.0,32.65453083490787,8.687313929801089,36.1167143412695,-314.27195515449824,-132.1310673277287,-132.1310673277287,15.82539969235537,70.55551805483007,65.79265405207937,-572.4990880503144,0.0076559054320495,-0.0031819574849063,-135.90595674355106,0.8913009569617443,31.824241326436045,2.434169710374752,2.1303117374417027,2.846235549294515,0.0176432451219077,2.3045275674447017,0.1129148383731872,0.0,0.0108177382633241,1.114921849528426,0.2681771110884346,3.559028953341108,0.0098775090611547,,0.015851954489558,0.006706733726064,-82.1024221692068,1422606000.0,-113085000.0,-8194113000.0,9312630000.0,181013000.0,142286500.0,73697000.0,14.75815503928705,23.950596259970265,10.326734815046647,6.098323249783924,3.757735257323056,8.715242679502607,-1.01158295609686,2.79805398371419,2016-07-28,0.97,amc,900134579.0,2025-04-25,2016-06-30,0.1030927835051547,95.11046875,3122258.203125
2016-03-31,WYNN,USD,1174922,2016-05-06,2016-05-06 16:15:23,2016,Q1,997678000.0,607968000.0,389710000.0,0.3906170127,0,117445000.0,0.0,117445000.0,-5486000.0,229891000.0,837859000.0,3479000.0,44772000.0,77971000.0,236269000.0,0.2368188935,158298000.0,0.1586664234,-48588000.0,109710000.0,0.1099653395,3918000.0,75221000.0,0.0753960697,0.74,0.74,101392000,101686000,https://www.sec.gov/Archives/edgar/data/1174922/000117492216000181/0001174922-16-000181-index.htm,https://www.sec.gov/Archives/edgar/data/1174922/000117492216000181/wrl-20160331x10q.htm,9.839809846930724,0.7418829887959603,1.1378905633580558,-1.5562273157645574,22.5441159065804,0.7982385198043238,-0.2903680763768345,-0.8316829730156226,93.2354327757614,9473054560.0,16774356560.0,31.484075457651453,9.495102187278862,82.10807173255442,-60.0362164662936,-112.33847876099898,-112.33847876099898,16.813397268457358,70.99685764954353,145.39239302089743,-106.30878299501232,0.0079405221962534,-0.0166566126058499,-111.57359533240044,0.883717839377226,30.90249673042168,2.684370544066861,3.5356472795497185,1.0905645039322445,0.0053384048069918,0.6722989590672818,0.117718341990101,0.0,0.0103672923460723,2.367642342662495,0.2737977583949931,3.503379461594696,0.0106527356521843,,0.0157757020077688,0.0071393020471168,-79.90939127347325,1634877000.0,-29441000.0,-7960132000.0,9378687000.0,188181500.0,189452500.0,73548500.0,17.002319385613394,16.448661771672192,10.747868308858362,5.293395445573973,5.471569739186781,8.373753512203184,-0.8920261840950596,2.694117879122613,2016-05-05,0.83,amc,773916822.0,2025-04-25,2016-03-31,0.2891566265060242,73.82606557377049,4414307.180327869
2015-12-31,WYNN,USD,1174922,2016-02-29,2016-02-29 09:35:54,2015,Q4,946902000.0,575983000.0,370919000.0,0.3917184672,0,112247000.0,0.0,112247000.0,4313000.0,212487000.0,788470000.0,2574000.0,73608000.0,77201000.0,229061000.0,0.2419057094,151860000.0,0.1603756249,-29488000.0,88604000.0,0.0935725133,-16190000.0,87221000.0,0.0921119609,0.86,0.86,101200000,101459000,https://www.sec.gov/Archives/edgar/data/1174922/000117492216000144/0001174922-16-000144-index.htm,https://www.sec.gov/Archives/edgar/data/1174922/000117492216000144/wrl-20151231x10k.htm,9.356739130434782,0.8618675889328063,2.246096837944664,-3.618290513833992,21.693537549407115,0.2158596837944664,-0.8807015810276679,-1.10651185770751,91.7625790513834,7002028000.0,14134704000.0,20.069788239070864,7.394670198183127,30.804548954048524,-19.122289859109543,-62.52983148626081,-62.52983148626081,14.927314547862398,61.70716097458755,62.183867490816304,-38.60137476752665,0.0124565340212864,-0.0522949922508164,-82.27225640521884,0.8755501076337315,31.13876216379043,2.257109940720844,2.063090968373003,1.7864553042330122,0.0073697220291035,0.5916350420196971,0.1185413062809034,0.0,0.0105464045315744,2.6109236488418643,0.6267554614944313,7.687413375474411,0.0086080713738063,,0.0190827300128288,0.0083775425651026,-80.30500247035573,1395607000.0,-89127000.0,-7994636000.0,8984057000.0,196268500.0,250395000.0,70538000.0,17.858057116787165,41.84357871673296,11.639874787971172,5.039741972568619,2.1508676542527567,7.732041936826279,-0.7789049732539137,5.864387351778656,2016-02-11,0.76,amc,698683495.0,2025-04-25,2015-12-31,0.3552631578947368,66.810625,4934787.0
2015-09-30,WYNN,USD,1174922,2015-11-06,2015-11-06 16:40:07,2015,Q3,996285000.0,622884000.0,373401000.0,0.3747933573,0,116639000.0,0.0,116639000.0,14179000.0,219640000.0,842524000.0,1465000.0,74079000.0,80649000.0,233423000.0,0.2342934,152774000.0,0.1533436717,-31927000.0,87079000.0,0.0874037048,-3906000.0,73766000.0,0.0740410625,0.95,0.95,101161000,101581000,https://www.sec.gov/Archives/edgar/data/1174922/000117492215000106/0001174922-15-000106-index.htm,https://www.sec.gov/Archives/edgar/data/1174922/000117492215000106/wrl-20150930x10q.htm,9.84850881268473,0.7291940569982504,1.5735115311236545,-2.595555599489922,20.019968169551507,-0.600844198851336,-1.703838435760817,-1.7480451952827671,87.21274008758316,5373672320.0,12221912320.0,18.21188731936122,5.393709952473439,33.7588882885826,-20.46575307823848,-30.388230317699083,-30.388230317699083,12.267486030603692,52.35950321947709,76.78141652740956,-46.54743065632272,0.0137272977597562,-0.048862115954253,-49.472663628035335,0.8764940235052251,29.33832570055221,2.108933201491217,2.0623118562615588,1.7494971698631645,0.009412371463692,0.6856681940189248,0.1170739296486447,0.0,0.0111790333512503,2.649530714043398,0.4233196324344941,5.229413879899317,0.0092905142604776,,0.0180008600996046,0.0074740579790173,-77.40085606113028,1234745000.0,-172362000.0,-7693769000.0,8436774000.0,236305000.0,223990000.0,66579500.0,18.48717987322905,33.66583505114917,9.620523243493173,4.868238455900317,2.6733333619457595,9.355000525659705,-0.4171482859631066,4.169067130613576,2015-10-15,0.86,amc,996300000.0,2025-04-25,2015-09-30,0.0,86.84828125,3213998.671875
2015-06-30,WYNN,USD,1174922,2015-08-07,2015-08-07 16:37:25,2015,Q2,1040458000.0,654068000.0,386390000.0,0.3713653026,0,113707000.0,0.0,113707000.0,198000.0,216797000.0,870865000.0,1498000.0,75236000.0,81913000.0,251034000.0,0.2412725934,169121000.0,0.1625447639,-78620000.0,90501000.0,0.0869818868,13298000.0,56460000.0,0.0542645643,0.56,0.56,101157000,101710000,https://www.sec.gov/Archives/edgar/data/1174922/000117492215000064/0001174922-15-000064-index.htm,https://www.sec.gov/Archives/edgar/data/1174922/000117492215000064/wrl-20150630x10q.htm,10.285575886987552,0.5581422936623269,1.9904010597388213,-2.104085728125587,15.9817017112014,-1.09394307858082,-2.2028727621420168,-2.060628527931829,80.47686269857746,9981161190.0,16558503190.0,44.195719048884165,9.593045745239117,49.572923766905234,-46.89447710284106,-47.88344850249704,-47.88344850249704,15.914629124866163,65.96119724818152,82.24027252002801,-77.79679477361248,0.0056566564676429,-0.0213244727690846,-38.69358637927147,0.8688490259981588,26.20100066126501,1.701344644647092,2.247873358498591,2.607968602256389,0.0050207585115655,0.8875841303577754,0.1092855261817392,0.0,0.0120839698883189,2.057116462951282,0.3980804607201828,5.056413511896769,0.0099686868667452,,0.0177322838389346,0.0061564524004603,-74.5651116581156,860613000.0,-222836000.0,-7305999000.0,7591288000.0,279358500.0,200972500.0,68243500.0,23.178638637984427,29.58146553569354,9.160882354739874,3.8828855052992974,3.0424456114726417,9.82438115837539,-0.2708602186646965,4.094486787864409,2015-07-29,0.97,amc,1349837837.0,2025-04-25,2015-06-30,-0.2371134020618556,112.88809523809525,2516004.1746031744
2015-03-31,WYNN,USD,1174922,2015-05-08,2015-05-08 16:09:20,2015,Q1,1092238000.0,677439000.0,414799000.0,0.3797697938,0,122200000.0,0.0,122200000.0,1133000.0,227236000.0,904675000.0,1692000.0,77983000.0,82866000.0,267925000.0,0.2452991015,185059000.0,0.1694310214,-195764000.0,-10705000.0,-0.0098009774,3197000.0,-44601000.0,-0.0408345068,-0.44,-0.44,101135000,101135000,https://www.sec.gov/Archives/edgar/data/1174922/000117492215000044/0001174922-15-000044-index.htm,https://www.sec.gov/Archives/edgar/data/1174922/000117492215000044/wrl-20150331x10q.htm,10.799802244524646,-0.441004597814802,-0.1484451475750234,-5.050239778513868,17.85609334058437,-1.4550056854699165,-2.5700697088050624,-2.215316161566224,79.72848173233797,12730873800.0,19074322800.0,-71.35980022869443,11.65576898075328,-847.9899953373744,-24.925549185912647,-56.82258911116467,-56.82258911116467,17.463522419106457,71.19276961836334,-1270.520402317991,-37.34527406432817,-0.0035033730363425,-0.0401194771092617,-35.641595922265964,0.8725564049442288,23.676211626387985,1.910022187451906,2.3730684892861267,1.0799165587685224,0.0272418064500804,-7.775879464585996,0.1118803777198742,0.0,0.0123225462428756,-33.02091520682075,0.4538781840587857,5.982465667463133,0.0097927374802927,,0.0298353937857416,-0.004934334988253,-71.58681712562417,1135300000.0,-259924000.0,-6915980000.0,7493602000.0,264357000.0,245124000.0,71067000.0,23.958267337338565,24.83878253244941,9.28790636500113,3.756532086931699,3.623365995592734,9.69002016849995,0.1990707265472269,4.901794630938844,2015-04-28,1.34,amc,2028371428.0,2025-04-25,2015-03-31,-0.4776119402985075,142.6972131147541,2127094.180327869
2014-12-31,WYNN,USD,1174922,2015-03-02,2015-02-27 17:34:27,2014,Q4,1137975000.0,699764000.0,438211000.0,0.3850796371,0,125833000.0,0.0,125833000.0,223000.0,225918000.0,925682000.0,4369000.0,78993000.0,80082000.0,302587000.0,0.2658995145,215530000.0,0.1893978339,-79380000.0,136150000.0,0.1196423472,-12043000.0,109346000.0,0.0960882269,1.08,1.07,101010000,101935000,https://www.sec.gov/Archives/edgar/data/1174922/000117492215000021/0001174922-15-000021-index.htm,https://www.sec.gov/Archives/edgar/data/1174922/000117492215000021/wrl-20141231x10k.htm,11.265963765963766,1.0825264825264824,1.2294723294723295,-5.095218295218295,23.98083358083358,2.08980298980299,0.9773685773685774,-0.2849123849123849,73.500198000198,15026247600.0,20189345600.0,34.354817734530755,13.204374085546696,120.99499633622943,-29.1960013056961,-522.1254247889085,-522.1254247889085,17.741466728179443,66.72244875027678,162.5695158186313,-39.22790148212052,0.0072769997480941,-0.0342512657651135,-255.229924597797,0.8104793839384715,17.063185133531842,2.118797713920185,2.728469611231375,0.838022038827745,0.0168075894077507,2.3096866826404256,0.1105762428875854,0.0,0.0123986233486312,5.144231775761138,0.5613980974977482,7.977535526085762,0.0144836222236868,,0.030271441804336,0.0122167558572744,-61.52744035244035,1469166000.0,98724000.0,-6069439000.0,7437375000.0,222211500.0,273280000.0,71099000.0,18.819508337177883,39.0068080095575,9.288945987504356,4.782271586883344,2.3072895371994564,9.688935657615994,-3.7995065846624274,6.324690624690625,2015-02-03,1.43,amc,1356116666.0,2025-04-25,2014-12-31,-0.1608391608391608,171.7403125,1842363.984375
2014-09-30,WYNN,USD,1174922,2014-11-07,2014-11-07 16:22:51,2014,Q3,1370010000.0,818521000.0,551489000.0,0.4025437771,0,126834000.0,0.0,126834000.0,-801000.0,217274000.0,1035795000.0,5814000.0,79048000.0,79027000.0,411602000.0,0.3004372231,332575000.0,0.2427537025,-74681000.0,257894000.0,0.1882424216,4888000.0,191406000.0,0.139711389,1.9,1.88,100959000,101999000,https://www.sec.gov/Archives/edgar/data/1174922/000117492214000045/0001174922-14-000045-index.htm,https://www.sec.gov/Archives/edgar/data/1174922/000117492214000045/wrl-20140930x10q.htm,13.56996404481027,1.89587852494577,3.922731009617765,1.0354203191394526,31.117681435037987,2.906278786438059,2.619231569250884,0.9381531116591884,73.50830535167741,18887409720.0,23338808720.0,24.66930205949657,13.786329822410057,47.69126395394347,180.6802479552303,199.413078393074,199.413078393074,17.03550245618645,56.70236957060461,58.93117709293371,223.2631053714067,0.0101340524104435,0.0055346392940958,77.51968537190518,0.7996643104941689,10.814813825005707,2.5814833163729847,4.207253820463516,1.5653186090448448,0.0135562262796086,1.3376905635142051,0.0925788862855015,0.0,0.0031562785928835,0.7360460565354072,0.2127721695462077,3.688612752603541,0.007568557893738,6.326060985627501,0.041624565191818,0.0209124742057524,-55.040531304787095,2126007000.0,264435000.0,-5417965000.0,7615958000.0,212685500.0,233618500.0,70053500.0,13.563360851380647,26.749270941124298,7.694060384522816,6.635523524454389,3.364577681316694,11.697334762415148,2.0208625877632898,2.887310690478313,2014-10-28,1.84,amc,1292717948.0,2025-04-25,2014-09-30,0.0597826086956521,197.51671875,1756193.03125
2014-06-30,WYNN,USD,1174922,2014-08-08,2014-08-08 16:16:28,2014,Q2,1412063000.0,859459000.0,552604000.0,0.3913451454,0,128520000.0,0.0,128520000.0,693000.0,209162000.0,1068621000.0,5505000.0,81765000.0,78351000.0,419693000.0,0.2972197416,341342000.0,0.2417328405,-82176000.0,259166000.0,0.1835371368,764000.0,203906000.0,0.1444029055,2.02,2.0,100915000,102018000,https://www.sec.gov/Archives/edgar/data/1174922/000117492214000025/0001174922-14-000025-index.htm,https://www.sec.gov/Archives/edgar/data/1174922/000117492214000025/wrl-20140630x10q.htm,13.992597730763514,2.020571768319873,3.655264331367983,1.3014715354506268,32.4754397265025,2.855521973938463,2.562443640687708,0.2121587474607343,73.25916860724372,20945917400.0,25221990400.0,25.680849754298556,14.833557284625403,56.783855060441184,159.4810138726035,978.324026156002,978.324026156002,17.861802483316964,60.09628561829718,68.37618137506065,192.03878846944525,0.0097348803638459,0.0062703388680411,341.48453993461,0.8059649829099157,10.188573552572953,2.815342776997506,4.174671314131963,1.427508301019342,0.0147009555189022,1.5101321197022155,0.0910157691264483,0.0,0.0032603775714772,0.643945986537299,0.168216998816625,3.0316524358336205,0.0059657394889604,3.105695485592312,0.0437043573954292,0.0225515679127285,-52.58557449338552,2333015000.0,258589000.0,-5164997000.0,7578314000.0,224797500.0,247130000.0,70998500.0,13.952245756740316,23.452532348838048,7.344015246800604,6.450574450103926,3.837538678609222,12.254876518564991,9.52386735170481,2.3537927959173564,2014-07-29,1.95,bmo,1305021327.0,2025-04-25,2014-06-30,0.082051282051282,207.3019047619048,1970686.6984126985
2014-03-31,WYNN,USD,1174922,2014-05-09,2014-05-09 16:41:55,2014,Q1,1513613000.0,938567000.0,575046000.0,0.3799161344,0,111277000.0,0.0,111277000.0,-297000.0,188281000.0,1126848000.0,4753000.0,75256000.0,76659000.0,453490000.0,0.2996076276,376831000.0,0.2489612602,-71179000.0,305652000.0,0.2019353692,2609000.0,226896000.0,0.1499035751,2.25,2.22,100822000,102009000,https://www.sec.gov/Archives/edgar/data/1174922/000117492214000013/0001174922-14-000013-index.htm,https://www.sec.gov/Archives/edgar/data/1174922/000117492214000013/wrl-20140331x10q.htm,15.01272539723473,2.250461208863145,2.075162166987364,0.3091785523000932,34.64022733133641,3.1812699609212274,2.8820098787962944,-0.7187419412429826,73.45701335026085,22397607300.0,26454813300.0,24.67827473820605,14.797446441065189,107.0518745638604,718.5168516617478,-309.08172635065205,-309.08172635065205,17.47792421180315,58.33604555778518,126.44374539962335,848.6723116899782,0.0101303678094222,0.0013917558059873,-101.16369281722211,0.8044166820929723,8.946627268517497,3.058318762073567,5.007321675348145,0.6904036720861396,0.0056437278458757,0.5571098653127424,0.073517471110515,0.0,0.0033107942844796,0.8510099320339162,0.1176324463386612,2.3226235667044963,0.0025904904357983,,0.0475400170258626,0.02498015809449,-50.4952490527861,2583859000.0,290570000.0,-4953295000.0,7650461000.0,236311000.0,271580000.0,73302000.0,13.716914429249748,25.91920448939713,6.891196899102568,6.561242359876891,3.4723287914494687,13.060140541292702,-3.131111571103291,1.7659836146872707,2014-05-01,2.07,amc,1350496551.0,2025-04-25,2014-03-31,0.1207729468599033,220.10934426229508,1710056.6229508198
2013-12-31,WYNN,USD,1174922,2014-02-28,2014-02-28 16:54:40,2013,Q4,1519897000.0,933077000.0,586820000.0,0.3860919523,0,116472000.0,0.0,116472000.0,471000.0,214812000.0,1147889000.0,4118000.0,76332000.0,91990000.0,473789000.0,0.3117244129,368441000.0,0.2424118213,-84290000.0,284151000.0,0.186954116,-6335000.0,213884000.0,0.1407226937,2.12,2.1,100748000,101807000,https://www.sec.gov/Archives/edgar/data/1174922/000119312514077632/0001193125-14-077632-index.htm,https://www.sec.gov/Archives/edgar/data/1174922/000119312514077632/d644551d10k.htm,15.086125779171796,2.1229602572755786,3.9237304958907377,2.117659903918688,25.900663040457378,1.3136836463254853,1.008297931472585,-1.8313713423591536,66.14424107674594,19566269080.0,23718796080.0,22.87018790559369,12.873417790810825,49.496263875256766,91.70972149050856,-106.04621548233942,-106.04621548233942,15.605528585160704,50.06193913324286,60.0007995790624,111.17317122099836,0.010931261301043,0.0109039694347288,-35.70362100082924,0.7863846733269428,8.764506985176945,2.0396734119573985,4.826822302572971,1.3608504368540997,0.0206113898541969,1.8855454358437285,0.0766315085824894,0.0,0.0036727814034329,0.4602942515709269,0.1197173229501736,1.97801934992934,0.0029376990677657,,0.0544099240480563,0.0256263192281383,-53.762064755627904,1513280000.0,101584000.0,-5275865000.0,6478496000.0,229089500.0,243190000.0,73888500.0,14.32589182030098,26.318824705785268,7.208954887967446,6.282331398905478,3.419605586727308,12.484472631424024,-1.1592188914241737,1.806070591972049,2014-01-30,1.73,amc,1158337885.0,2025-04-25,2013-12-31,0.3121387283236994,170.5084375,1274802.609375
2013-09-30,WYNN,USD,1174922,2013-11-12,2013-11-12 16:20:28,2013,Q3,1390112000.0,863139000.0,526973000.0,0.3790867211,0,105026000.0,0.0,105026000.0,1123000.0,210382000.0,1073521000.0,3215000.0,73549000.0,93325000.0,407303000.0,0.2930001324,313978000.0,0.225865254,-72448000.0,241530000.0,0.17374859,-7281000.0,182020000.0,0.1309390898,1.81,1.79,100685000,101547000,https://www.sec.gov/Archives/edgar/data/1174922/000119312513438301/0001193125-13-438301-index.htm,https://www.sec.gov/Archives/edgar/data/1174922/000119312513438301/d599412d10q.htm,13.806545165615534,1.807816457267716,3.680071510155435,2.338203307344689,24.19239211401897,2.3969707503600337,2.087629736306302,0.0128817599443809,62.4080846203506,15909236850.0,20078090850.0,21.8509461185584,11.444571984127895,42.936665650099314,67.57752822590922,12266.181071703932,12266.181071703932,14.443505882979212,49.29521965219996,54.187782974566026,85.28553342508347,0.0114411521882647,0.0147978185389829,4787.979182729376,0.7695533176994033,10.235264655551273,1.69961933722641,4.268963548110784,1.489194609563082,0.012159602740467,1.0627952972200858,0.0755521857231647,0.0,0.0038596574711994,0.3646310130408498,0.0971907299555719,1.4476935440664345,0.0037435832508459,0.7238624155083204,0.0485218942689425,0.0226435787254359,-51.584384466405126,1138394000.0,210193000.0,-5062733000.0,5979918000.0,211639000.0,210762000.0,71595500.0,14.000476220621072,22.263748944260424,7.615714270818489,6.428352763275329,4.04244587132761,11.817670253840468,140.33924441017734,1.3418682028107465,2013-10-24,1.66,amc,1254111956.0,2025-04-25,2013-09-30,0.1084337349397591,140.1184375,1085398.5
2013-06-30,WYNN,USD,1174922,2013-08-09,2013-08-09 15:18:25,2013,Q2,1332273000.0,837829000.0,494444000.0,0.3711281397,0,132381000.0,0.0,132381000.0,2097000.0,214808000.0,1052637000.0,4158000.0,73764000.0,93218000.0,360822000.0,0.2708318791,274024000.0,0.2056815683,-80184000.0,193840000.0,0.1454957055,1124000.0,129785000.0,0.0974162202,1.29,1.28,100484000,101549000,https://www.sec.gov/Archives/edgar/data/1174922/000119312513329016/0001193125-13-329016-index.htm,https://www.sec.gov/Archives/edgar/data/1174922/000119312513329016/d548026d10q.htm,13.25855857648979,1.2915986624736275,4.875761315234266,3.572817562995104,21.64140559691095,1.767087297480196,1.4760658413279726,-0.8760399665618407,60.56264678953863,12908174640.0,16891758640.0,24.86453488461687,9.688836026850352,26.34665474674243,35.954816537654835,-146.63714545371928,-146.63714545371928,12.67890187671746,46.81465830797457,34.47747999738741,47.05081081081081,0.0100544812585522,0.0278126853728406,-68.29432680510746,0.7733887586788637,11.04030242058411,1.820361771989789,3.714874464508432,2.5422694534963366,0.0260717730729431,2.593050044304041,0.0993647698332098,0.0,0.0037619612369922,0.2672287809019953,0.0982719007290547,1.4045034220858632,0.0215766588379408,,0.0425258154713372,0.0167592188939806,-52.05615073046455,1122291000.0,148321000.0,-5105440000.0,5912420000.0,225304500.0,204337500.0,69031000.0,13.985714639567115,22.343998596372288,7.535869491268504,6.435137732996508,4.027927213288142,11.942881986515188,-1.474360430772027,1.3029437522391625,2013-07-29,1.57,bmo,1385239072.0,2025-04-25,2013-06-30,-0.0382165605095541,133.2653125,1375683.84375
2013-03-31,WYNN,USD,1174922,2013-05-10,2013-05-10 15:57:32,2013,Q1,1378654000.0,844777000.0,533877000.0,0.3872450956,0,94909000.0,0.0,94909000.0,1165000.0,194883000.0,1039660000.0,4222000.0,75377000.0,92518000.0,434897000.0,0.3154504321,333648000.0,0.2420099604,-66646000.0,267002000.0,0.1936686072,-5142000.0,202963000.0,0.1472182288,2.02,2.0,100237000,101373000,https://www.sec.gov/Archives/edgar/data/1174922/000119312513214073/0001193125-13-214073-index.htm,https://www.sec.gov/Archives/edgar/data/1174922/000119312513214073/d516656d10q.htm,13.753943154723306,2.024831150174087,4.198748964953062,3.6121691590929497,21.48261619960693,2.7402655705976837,2.439149216357233,-1.5665572592954695,58.43758292845955,12348196030.0,16073722030.0,15.209910217625874,8.956704169429022,29.33969166250861,34.10416139839204,-78.63740649697186,-78.63740649697186,11.65899640518941,36.95983653600738,38.19165545180222,44.39359474470618,0.0164366519212118,0.02932193488995,-36.8231641692193,0.7672887180686222,8.566455965435495,2.0288156984477497,4.426390012868647,1.546497442530425,0.0082367497044019,0.5011208939560412,0.0688417833626131,0.0,0.0040052144885711,0.1397034713807113,0.0426481191074772,0.635519574569273,0.0008138372644622,,0.053958420932209,0.0270410271175018,-48.7969412492393,1270038000.0,244493000.0,-4756746000.0,6023304000.0,241075500.0,182764000.0,65854000.0,15.901031005604016,21.3787780680582,7.234820550275398,5.660010345761933,4.209782229531071,12.439838607548335,-1.2925356785775697,0.5865798058601115,2013-04-25,1.55,amc,1052701970.0,2025-04-25,2013-03-31,0.3096774193548385,121.17433333333334,1301326.35
2012-12-31,WYNN,USD,1174922,2013-03-01,2013-03-01 16:09:00,2012,Q4,1289084000.0,801958000.0,487126000.0,0.3778853822,0,120187000.0,0.0,120187000.0,2076000.0,225733000.0,1027691000.0,4736000.0,77742000.0,93057000.0,353407000.0,0.274153585,257962000.0,0.2001126381,-75354000.0,182608000.0,0.1416571767,16782000.0,111373000.0,0.0863970075,1.11,1.1,100080000,101122000,https://www.sec.gov/Archives/edgar/data/1174922/000119312513087674/0001193125-13-087674-index.htm,https://www.sec.gov/Archives/edgar/data/1174922/000119312513087674/d459372d10k.htm,12.880535571542763,1.112839728217426,1.9632494004796164,1.2371302957633894,18.626159072741807,1.0384892086330937,0.725769384492406,-2.588299360511591,58.55877298161471,11257999200.0,15315600200.0,25.270934607130997,8.733332505872387,57.297865453323965,90.92817497496203,-43.46096966842574,-43.46096966842574,11.880994721833488,43.33700294561229,77.94912612860212,123.70045068329402,0.0098927880542041,0.0109976913126801,-22.32430116161012,0.7947152197855205,11.481382655125676,1.946634941314876,3.318180648812739,1.18486847659595,0.0711879602904928,7.195945157264328,0.0932344207204495,0.0,0.0043010507388484,0.3698557628688633,0.056373362790943,0.7809192215523819,0.0046110261239764,,0.0381133513024802,0.0153717646081313,-50.9365182853717,1071001000.0,72635000.0,-4970284000.0,5830197000.0,225947500.0,175751500.0,64665000.0,16.656455281424638,18.50124320725025,7.159863733512229,5.4033105171163545,4.864537966007109,12.57007163121679,-0.4299501615599316,0.726119104716227,2013-01-31,1.25,amc,1371585376.0,2025-04-25,2012-12-31,-0.064,112.46322580645162,1532971.5967741937
2012-09-30,WYNN,USD,1174922,2012-11-09,2012-11-09 16:24:21,2012,Q3,2688626000.0,813340000.0,1875286000.0,0.6974886057,0,115785000.0,22721000.0,138506000.0,99557000.0,238063000.0,1051403000.0,3759000.0,75082000.0,94274000.0,345315000.0,0.1284354908,247092000.0,0.0919027042,-89547000.0,157545000.0,0.0585968446,-7626000.0,112035000.0,0.0416699831,1.12,1.11,99871000,100892000,https://www.sec.gov/Archives/edgar/data/1174922/000119312512463380/0001193125-12-463380-index.htm,https://www.sec.gov/Archives/edgar/data/1174922/000119312512463380/d411552d10q.htm,26.920988074616258,1.1217971182825843,3.2883820127965078,2.7579577655175176,25.33101701194541,7.202290955332379,6.877772326300928,4.118663075367223,58.655195201810336,11543090180.0,14995024180.0,25.75777698933369,4.2933045280377415,35.14798449517986,41.90782086842869,28.0625042362065,28.0625042362065,5.577207160832336,43.42419002939345,45.65890668485509,54.44025624455417,0.0097058065260649,0.0238618944931434,14.058786633765664,0.7268358481978958,9.99647857753066,2.3568226139452557,3.290961881676034,1.988327248730104,0.0046088178443044,0.4748516088722274,0.0430647475699483,0.0,0.0040735388771587,0.1613025023293769,0.0197030007148632,0.5619152682606021,0.0021758325628034,10.19592312178188,0.038366388680296,0.0141390191116225,-45.2016701544993,1635727000.0,686890000.0,-4395643000.0,6365829000.0,215695000.0,172655000.0,65909000.0,7.140814676343976,20.65317087564856,7.251321710477782,12.60360394145939,4.357684374079134,12.411530420716913,0.2723692367534978,0.5304242472789898,2012-10-24,1.33,amc,1175668918.0,2025-04-25,2012-09-30,0.1127819548872179,102.83222222222224,1846578.2857142857
2012-06-30,WYNN,USD,1174922,2012-08-09,2012-08-09 16:31:19,2012,Q2,1253207000.0,809583000.0,443624000.0,0.3539910007,0,99777000.0,3540000.0,103317000.0,76184000.0,179501000.0,989084000.0,2483000.0,73874000.0,93463000.0,361890000.0,0.2887711288,264123000.0,0.2107576801,-69570000.0,194553000.0,0.1552441057,-4740000.0,138064000.0,0.1101685516,1.38,1.37,99782000,101010000,https://www.sec.gov/Archives/edgar/data/1174922/000119312512347659/0001193125-12-347659-index.htm,https://www.sec.gov/Archives/edgar/data/1174922/000119312512347659/d360762d10q.htm,12.55944960012828,1.383656370888537,3.23036218957327,2.4301377001864064,21.57021306448057,5.967729650638392,5.631767252610691,3.4238840672666413,55.43973863021387,10349389040.0,13874214040.0,18.74020208019469,8.258323676774866,32.10785475844781,42.68070899523268,30.29308176395174,30.29308176395174,11.070967557634134,38.33820785321507,43.04324125435886,57.21702891737187,0.0133403043857359,0.0234297888564057,15.975828498837965,0.7296233679932508,9.740045317637955,1.8478902776863653,3.5753174323848715,1.6173774292122651,0.0048787420981905,0.3657144512689767,0.0796173337684835,0.0,0.0044813304189468,0.2477197423774245,0.0637149329679773,0.854327380888694,0.0041541421329437,10.32440204390976,0.0428821420992228,0.0185393768393144,-45.46015814475557,1133670000.0,561949000.0,-4414401000.0,5911767000.0,220307500.0,160576500.0,67225000.0,15.66071686481164,17.638525018435416,7.36901590077855,5.746863363721408,5.102467462893518,12.213299742030866,0.4041189315131043,0.8002244893868634,2012-07-17,1.49,amc,1353092753.0,2025-04-25,2012-06-30,-0.0738255033557047,113.35301587301586,2226386.8412698414
2012-03-31,WYNN,USD,1174922,2012-05-10,2012-05-10 15:39:49,2012,Q1,1313498000.0,826694000.0,486804000.0,0.370616476,0,105950000.0,10286000.0,116236000.0,110469000.0,226705000.0,1053399000.0,1565000.0,62061000.0,92405000.0,352758000.0,0.2685637892,260099000.0,0.198020096,-61807000.0,198292000.0,0.1509648283,-117000.0,140564000.0,0.1070150088,1.25,1.23,112704000,114008000,https://www.sec.gov/Archives/edgar/data/1174922/000119312512225309/0001193125-12-225309-index.htm,https://www.sec.gov/Archives/edgar/data/1174922/000119312512225309/d326512d10q.htm,11.654404457694492,1.2471961953435549,3.00335391822828,2.6884316439523,17.680854273140262,3.912833617262919,3.6055064593980695,2.2064434270300963,49.315818427030095,14074475520.0,17699434520.0,25.032148202953813,10.71526223869393,41.58018115749358,46.45087416707096,56.59787079521464,56.59787079521464,13.475037282127571,50.17443834016521,52.28938674702355,58.41455367544893,0.0099871572336927,0.0215281201469594,22.10125263898663,0.7423989273634832,10.276050436843388,1.7203726486067206,4.1910217366784295,1.7060214002389005,0.0035786058193378,0.3583207649184713,0.0806624753140088,0.0,0.0046787365290628,0.1048568643091376,0.0270217388987269,0.3841025918510903,0.002015990888452,7.868737291791895,0.0418238779915118,0.0190765196927975,-42.308882115985234,971429000.0,406355000.0,-4642137000.0,5808439000.0,230518500.0,167048000.0,70112000.0,15.248770839392218,17.689640907034526,7.420726411465428,5.902115058841504,5.087723401112697,12.12819271452254,0.5652518347240374,0.3149222742759796,2012-05-07,1.41,amc,1392507518.0,2025-04-25,2012-03-31,-0.0567375886524821,118.29758064516128,2757108.6612903224
2011-12-31,WYNN,USD,1174922,2012-04-30,2012-04-30 16:11:07,2011,Q4,1343863000.0,851306000.0,492557000.0,0.3665232245,0,389053000.0,-280929000.0,108124000.0,109627000.0,217751000.0,1069057000.0,3015000.0,55962000.0,94118000.0,377189000.0,0.2806751879,274806000.0,0.2044895945,-47697000.0,227109000.0,0.1689971374,-31153000.0,190473000.0,0.1417354299,1.69,1.67,112704000,114008000,https://www.sec.gov/Archives/edgar/data/1174922/000119312512195995/0001193125-12-195995-index.htm,https://www.sec.gov/Archives/edgar/data/1174922/000119312512195995/d340198d10ka.htm,11.923827015900056,1.690028747870528,3.254392035775128,2.381823182850653,12.285748509369675,19.728261641113004,19.41105018455423,18.53547345258376,29.046715289608176,12452664960.0,14407796960.0,16.344396528641855,9.26632027223013,33.95104178765101,46.38883389646142,5.961002306342394,5.961002306342394,10.72117988217549,38.19781849417666,39.28152875133253,53.67211774654393,0.0152957620406419,0.0215569117825201,1.5402992405058444,0.4663701522545995,5.18342793665775,1.0927651429558838,4.91058218076552,1.420197319001634,0.0727377635959459,4.755419403275005,0.2895034687315597,0.0,0.0051816828359636,0.2681203872589515,0.0731785903771441,1.0448798317006311,0.0041395588687239,26.548509699807912,0.0545612701894369,0.0277505938813286,-27.29708794718909,146559000.0,2187703000.0,-2949590000.0,5047642000.0,214418000.0,155931000.0,74736000.0,15.971940592158576,18.14238358475096,7.618282967581575,5.634881965700868,4.960759405155937,11.813685627454518,0.091178072801531,0.8725688529244747,2012-02-02,1.29,amc,1118471612.0,2025-04-25,2011-12-31,0.2015503875968992,120.49587301587302,3421755.73015873
2011-09-30,WYNN,USD,1174922,2011-11-09,2011-11-09 14:29:38,2011,Q3,1298304000.0,836016000.0,462288000.0,0.3560706891,0,107935000.0,9662000.0,117597000.0,104846000.0,222443000.0,1058459000.0,2663000.0,57462000.0,100522000.0,347439000.0,0.2676098972,239845000.0,0.1847371648,-50390000.0,189455000.0,0.1459249914,4270000.0,127063000.0,0.0978684499,1.02,1.01,124176000,125860000,https://www.sec.gov/Archives/edgar/data/1174922/000119312511304221/0001193125-11-304221-index.htm,https://www.sec.gov/Archives/edgar/data/1174922/000119312511304221/d231986d10q.htm,10.455353691534595,1.023249259116093,2.561316196366448,2.283275351114547,15.384961667310913,23.04243976291715,22.745570802731606,20.734908516943698,25.458969527122797,14290174080.0,15618081080.0,28.116316472930748,11.006801242236024,44.93002471278462,50.401279873592735,5.550060657656698,5.550060657656698,12.029602527605244,44.95200907209611,49.10512390977632,55.08479261307525,0.0088916341598548,0.0198407659985622,1.2055140287822872,0.4178142230676807,3.821986017689436,1.6632987794897556,4.173975844906199,1.7174933174933176,0.004540392554826,0.5106364559313097,0.0831353827762989,0.0,0.0049621926257919,0.1085538933640199,0.0265931553780932,0.3434671017289747,0.0043456694271911,21.849074236693845,0.0373680968461795,0.0171890028692754,-19.937411416054637,879373000.0,2824454000.0,-2362526000.0,5603264000.0,185569000.0,153482500.0,76389500.0,13.195014418811002,15.09882585979216,8.333560601710973,6.820757988084856,5.960728392773111,10.799705468215112,0.0493491089328866,0.2780408452519005,2011-10-19,1.18,amc,1459041904.0,2025-04-25,2011-09-30,-0.1101694915254236,148.371875,2859680.0
2011-06-30,WYNN,USD,1174922,2011-08-09,2011-08-09 15:27:09,2011,Q2,1367353000.0,845512000.0,521841000.0,0.3816432187,0,91912000.0,0.0,91912000.0,105836000.0,308808000.0,1154320000.0,1577000.0,58231000.0,102052000.0,320845000.0,0.2346467957,213033000.0,0.1557995631,-52471000.0,160562000.0,0.1174254198,5231000.0,122031000.0,0.0892461566,0.98,0.97,123970000,125729000,https://www.sec.gov/Archives/edgar/data/1174922/000119312511216378/0001193125-11-216378-index.htm,https://www.sec.gov/Archives/edgar/data/1174922/000119312511216378/d10q.htm,11.029708800516254,0.9843591191417278,4.096305557796241,3.943599257884972,14.39282084375252,22.08385093167702,21.777502621602,20.23425022182786,25.848068080987336,17794653800.0,19255818800.0,36.45519130384902,13.013942851626464,35.04133126172908,36.39822167858487,7.093912471496229,7.093912471496229,14.082551323615776,60.015954121148845,37.9186655087738,39.38697370358855,0.006857733866112,0.0274738697079906,1.2542273285388528,0.4426394879252283,4.554114915301781,1.787921616299058,3.658412185949065,3.269270139251019,0.0034833495889647,0.5079447025755751,0.0672189259101344,0.0,0.0053432103045255,0.037279030520717,0.013844998328888,0.1855034688198173,0.0043375777871551,21.16954879795895,0.0337836725272192,0.0172610454650769,-19.45971606033718,912611000.0,2699757000.0,-2299115000.0,5721039000.0,183816500.0,160772500.0,78132000.0,11.899838593252802,17.745448911428813,8.022499976345694,7.563127793265188,5.071722921702827,11.218448147755016,0.0486481637990145,0.1527062999112688,2011-07-18,1.04,amc,888809999.0,2025-04-25,2011-06-30,-0.0673076923076923,139.9831746031746,1942318.031746032
2011-03-31,WYNN,USD,1174922,2011-05-09,2011-05-09 17:04:47,2011,Q1,1260272000.0,777199000.0,483073000.0,0.3833085239,0,87661000.0,0.0,87661000.0,111508000.0,199169000.0,976368000.0,399000.0,58263000.0,101347000.0,388051000.0,0.3079105146,280556000.0,0.2226154354,-52115000.0,228441000.0,0.1812632511,2106000.0,173804000.0,0.1379099115,1.4,1.39,123757000,125371000,https://www.sec.gov/Archives/edgar/data/1174922/000119312511132526/0001193125-11-132526-index.htm,https://www.sec.gov/Archives/edgar/data/1174922/000119312511132526/d10q.htm,10.183440128639187,1.4043973270198855,2.61139975920554,2.3500246450705817,11.690910413148346,21.137422529634687,20.821553528285268,19.560065289236164,26.05818660762624,15736940120.0,17456728120.0,22.636044222227337,12.486939422600836,48.69419151615668,54.110070831270285,6.501000795226164,6.501000795226164,13.851555949826704,44.98565425678584,54.01566351774094,60.02340911591572,0.0110443325497002,0.0184808481053049,1.3081449748935738,0.4668350344315568,4.431860760570132,2.018792761426663,4.8153373496043805,1.4278790288731305,0.0,0.0,0.0695572066982365,0.0,0.0057629422952435,0.1000900429792777,0.025666681478284,0.3191707697317138,0.0053520192466388,24.861161008530928,0.046943951945523,0.0257713584485109,-20.52289769467585,880782000.0,2576813000.0,-2421946000.0,5773997000.0,187152500.0,161484500.0,83871500.0,13.34290534106923,17.929848082666087,9.367793834011623,6.745157647411435,5.01956288670447,9.6073847903481,0.0717992146883436,0.261375114134958,2011-04-19,0.73,bmo,1153666800.0,2025-04-25,2011-03-31,0.8904109589041095,121.1841935483871,2162364.3387096776
2010-12-31,WYNN,USD,1174922,2011-03-01,2011-02-28 20:55:43,2010,Q4,1237188000.0,784180000.0,453008000.0,0.3661593873,0,391254000.0,-282429000.0,108825000.0,113874000.0,222699000.0,1006879000.0,686000.0,59663000.0,100299000.0,336274000.0,0.2718050935,230309000.0,0.1861552165,-53997000.0,176312000.0,0.1425102733,4438000.0,114242000.0,0.0923400486,0.92,0.91,123757000,125371000,https://www.sec.gov/Archives/edgar/data/1174922/000119312511050547/0001193125-11-050547-index.htm,https://www.sec.gov/Archives/edgar/data/1174922/000119312511050547/d10k.htm,9.996913305914008,0.9231154601355884,3.201265382968236,2.7628982603004277,10.169113666297664,19.2359624102071,18.91109189783204,18.083405383129843,26.88487923915415,12850926880.0,14859956880.0,28.12215927592304,10.387206212798702,32.43717329792847,37.58372195315973,5.7422812683762094,5.7422812683762094,12.011074210225123,44.1900262286112,37.50818917711439,43.45931564539903,0.0088897867886709,0.0266072636777776,1.460055818991326,0.489554343945319,5.974383984488839,1.7581766109677688,3.860164591120125,2.3050548657737644,0.087993964214354,9.898321107823742,0.3162445804517987,0.0,0.0060236748926548,0.1369355771002501,0.0438502474967426,0.540892730735102,0.0052110107760502,19.38025023894148,0.038780860641302,0.0172199233919761,-23.04024418820753,673207000.0,2340380000.0,-2732776000.0,5634671000.0,164421500.0,149443500.0,91095500.0,13.637183677824227,19.296781351220385,9.96739269045372,6.59960312379977,4.663990245933327,9.029442582933203,0.0510476561564433,0.4383671226678087,2011-02-10,0.66,amc,897309890.0,2025-04-25,2010-12-31,0.3787878787878788,103.6334375,2818833.609375
2010-09-30,WYNN,USD,1174922,2010-11-08,2010-11-05 21:10:22,2010,Q3,1005949000.0,653158000.0,352791000.0,0.350704658,0,103030000.0,17612000.0,120642000.0,100200000.0,220842000.0,874000000.0,953000.0,60341000.0,99341000.0,166647000.0,0.1656614799,131949000.0,0.1311686775,-124984000.0,6965000.0,0.0069238103,9019000.0,-33508000.0,-0.0333098398,-0.27,-0.27,122771000,122771000,https://www.sec.gov/Archives/edgar/data/1174922/000119312510250627/0001193125-10-250627-index.htm,https://www.sec.gov/Archives/edgar/data/1174922/000119312510250627/d10q.htm,8.193702095771803,-0.2729309038779516,1.9429914230559333,1.608922302498147,15.657915957351491,26.89474713083709,26.558193710241017,25.053620154596768,26.385905466274608,10652839670.0,11909584670.0,-79.4798232511639,10.589840707630309,44.65794288660744,53.930509798561225,3.463371738877413,3.463371738877413,11.839153545557478,71.46594100103812,49.926364093685415,60.29284140556577,-0.0031454523899729,0.0185423798835789,1.033559741704591,0.4318301445431827,7.541359880465895,2.94235065788057,2.186722129232197,-116.13583252190848,0.0028810158559346,-0.9159305240539573,0.1024206992601016,0.0,0.0056125586347949,0.1719354581773516,0.0407714506401417,0.4128607523580395,0.0067150521547315,,-0.005876580767823,-0.0045772429555974,-16.159709947788972,1443151000.0,3260576000.0,-1873845000.0,6460740000.0,149469500.0,137045000.0,96615500.0,12.64886192043533,18.01659016654469,13.137648164762584,7.115264643263851,4.9953958639256,6.850541198187615,-0.0108938709134166,0.3340691205577864,2010-11-02,0.39,amc,1005900000.0,2025-04-25,2010-09-30,0.0,86.1665625,2601769.875
2010-06-30,WYNN,USD,1174922,2010-08-09,2010-08-06 19:08:59,2010,Q2,1032643000.0,670983000.0,361660000.0,0.350227523,0,95668000.0,9641000.0,105309000.0,108205000.0,213514000.0,884497000.0,571000.0,53598000.0,101353000.0,250185000.0,0.2422763724,148146000.0,0.1434629393,-57308000.0,90838000.0,0.0879665092,1921000.0,52405000.0,0.0507484193,0.43,0.42,122521000,123816000,https://www.sec.gov/Archives/edgar/data/1174922/000119312510181746/0001193125-10-181746-index.htm,https://www.sec.gov/Archives/edgar/data/1174922/000119312510181746/d10q.htm,8.42829392512304,0.4277225944940051,2.2975163441369237,1.4870103900555822,15.168191575321782,26.927392038915777,26.58107589719313,25.351213261400087,26.83038825997176,9344676670.0,10719942670.0,44.57912732563686,9.04928099062309,33.196717052583715,51.29083193369559,3.0085345112902018,3.0085345112902018,10.381073294449292,42.84806311329616,38.08231319317641,58.83935819748614,0.0056080056967877,0.0194966617288,1.0410913389842296,0.4388127571946656,5.496996222795132,3.083128468126718,2.7640210455614014,3.165806313753276,0.0032778287662252,0.5844909836847629,0.0926438275376872,0.0,0.0057579037002106,0.352774837119086,0.0961648895116705,0.9797835288545972,0.0068164893385226,15.619665520397024,0.0217167012172922,0.0071525632668481,-16.68667820210413,1446439000.0,3256740000.0,-1929206000.0,6520655000.0,157710000.0,131861500.0,102522500.0,13.732141698534727,19.22615028994773,13.12973652089546,6.553966742828129,4.681124335486752,6.854669159336786,0.0168718786782981,0.8105059540813412,2010-07-29,0.41,bmo,814165384.0,2025-04-25,2010-06-30,0.2682926829268294,83.71650793650794,3347247.0634920634
2010-03-31,WYNN,USD,1174922,2010-05-07,2010-05-07 17:20:36,2010,Q1,908918000.0,591294000.0,317624000.0,0.3494528659,0,87001000.0,2311000.0,89312000.0,111583000.0,200895000.0,792189000.0,288000.0,49261000.0,104565000.0,221973000.0,0.24421675,114848000.0,0.1263568331,-51920000.0,62928000.0,0.0692339683,5069000.0,26988000.0,0.0296924475,0.22,0.22,122411000,122982000,https://www.sec.gov/Archives/edgar/data/1174922/000119312510113094/0001193125-10-113094-index.htm,https://www.sec.gov/Archives/edgar/data/1174922/000119312510113094/d10q.htm,7.425133362197841,0.2204703825636585,1.1526415109753207,0.4234668452998505,14.353407781980378,26.350801807027143,25.99507397211035,25.068131132006112,27.21153327723816,9282426130.0,10807141130.0,85.98660636208685,10.21261118164675,65.78801759086012,179.06950884503348,3.024956252250608,3.024956252250608,11.890116743204558,48.68673726083803,76.59424172194818,208.483151609854,0.0029074295471931,0.0055844236489496,1.069449898406936,0.4501587207527076,6.868920994895776,3.235097760207478,2.3314183634112178,2.438618019668505,0.0,0.0,0.0957193058119654,0.0,0.0059731182928445,0.6326118387480865,0.0982035783205965,0.8536221489025965,0.007621149542643,11.151347917120166,0.0158578897583443,0.0037242205569854,-17.44569523980688,1416824000.0,3182083000.0,-2013812000.0,6502564000.0,155369500.0,127943000.0,107081500.0,15.631113037699771,18.32362581051051,16.31036337253549,5.757747371088306,4.911691655937202,5.517964127736613,0.0087948471867601,0.7291746656754703,2010-04-29,0.14,amc,723076728.0,2025-04-25,2010-03-31,0.857142857142857,67.5211475409836,2647202.573770492
2009-12-31,WYNN,USD,1174922,2010-03-01,2010-02-26 20:20:18,2009,Q4,809329000.0,538769000.0,270560000.0,0.3343016252,0,366785000.0,-246911000.0,119874000.0,105169000.0,225043000.0,763812000.0,495000.0,50524000.0,104441000.0,150650000.0,0.1861418533,45517000.0,0.0562404164,-54898000.0,-9381000.0,-0.0115910835,-22613000.0,-5221000.0,-0.006451023,-0.0427,-0.0425,122411000,122982000,https://www.sec.gov/Archives/edgar/data/1174922/000119312510043336/0001193125-10-043336-index.htm,https://www.sec.gov/Archives/edgar/data/1174922/000119312510043336/d10k.htm,6.611570855560366,-0.042651395707902,1.199107923307546,0.3025626781906855,16.271658592773527,25.81763893767717,25.452810613425264,24.788115447141188,29.569458627084167,7127992530.0,8705265530.0,-341.3135668454319,8.80728669057948,48.56110018803139,192.4559907659908,2.349109601501217,2.349109601501217,10.756151738044728,57.78470315300365,59.30663784881186,235.0424043524044,-0.0007324642917379,0.0051959930996167,1.1762377823432986,0.4707480536534416,10.469784268171258,3.1463660356815537,0.900898582851714,11.09310761789601,0.0686931135153701,-93.78356636659645,0.4531964133251125,0.0,0.0058903139887274,0.7476768585131894,0.1356024558615841,1.050803803104145,0.0069675002378513,,-0.0093604798229727,-0.0006927058249116,-18.473946377368048,1557371000.0,3115704000.0,-2138450000.0,6664089000.0,137568500.0,125418000.0,109399000.0,17.000638800784355,22.635099643817668,17.874914852190827,5.29391872003349,3.97612563744917,5.03498901920471,-0.0017206389004784,0.8965452451168604,2010-02-25,0.06,amc,606975000.0,2025-04-25,2009-12-31,0.3333333333333334,62.98296875,3903517.859375
2009-09-30,WYNN,USD,1174922,2009-11-09,2009-11-09 15:43:50,2009,Q3,773071000.0,496514000.0,276557000.0,0.3577381638,0,88946000.0,330000.0,89276000.0,107057000.0,196333000.0,692847000.0,407000.0,50140000.0,101907000.0,182500000.0,0.2360714604,79499000.0,0.1028353153,-55118000.0,24381000.0,0.0315378536,-9829000.0,34210000.0,0.0442520803,0.28,0.28,122200000,122610000,https://www.sec.gov/Archives/edgar/data/1174922/000119312509229288/0001193125-09-229288-index.htm,https://www.sec.gov/Archives/edgar/data/1174922/000119312509229288/d10q.htm,6.326276595744681,0.2799509001636661,2.2545744680851065,1.2392716857610475,10.60620294599018,15.50973813420622,15.135163666121112,15.50973813420622,34.71,8662758000.0,11558102000.0,63.30574393452206,11.20564346612407,31.44274052753267,57.2029530041799,4.570676782972527,4.570676782972527,14.950893255600068,63.33206575342466,41.95181282644124,76.32183255304116,0.0039490887313255,0.0174816149775856,2.211493755573026,0.6108112172762166,15.864898630136986,2.3850216556220443,1.5855404866374152,8.053463899444607,0.0,0.0,0.1150554088822372,0.0,0.0066704478452382,0.4503301162575451,0.1604897868371727,1.217482606690414,0.0089293221450552,9.884038441821737,0.0179588743367451,0.0050188629143294,-28.83060556464812,904987000.0,1849517000.0,-3408371000.0,6037926000.0,120405500.0,119075000.0,112473000.0,14.23312994537371,20.906057029610444,20.26402075268774,6.323275368483044,4.304972471496076,4.441369316504611,0.0180500081781679,1.015302782324059,2009-10-27,0.15,bmo,574005217.0,2025-04-25,2009-09-30,1.2000000000000002,53.3871875,4575676.59375
2009-06-30,WYNN,USD,1174922,2009-08-05,2009-08-04 21:23:51,2009,Q2,723256000.0,456585000.0,266671000.0,0.3687090048,0,83105000.0,40000.0,83145000.0,106666000.0,189811000.0,646396000.0,524000.0,53689000.0,102731000.0,180082000.0,0.2489879102,82798000.0,0.1144795204,-37772000.0,45026000.0,0.0622545821,19547000.0,25479000.0,0.0352281903,0.21,0.21,122161000,122386000,https://www.sec.gov/Archives/edgar/data/1174922/000119312509164152/0001193125-09-164152-index.htm,https://www.sec.gov/Archives/edgar/data/1174922/000119312509164152/d10q.htm,5.92051473056049,0.2085690195725313,0.9081621794189636,-0.0673537380997208,8.924141092492695,15.16978413732697,14.785979158651289,15.16978413732697,34.22331185894025,4312283300.0,7349166300.0,42.31213254052357,5.962319427699183,38.8697093977033,-524.0986023334954,2.3269942195907958,2.3269942195907958,10.161224103222096,40.810110394153774,66.24331903156605,-893.1898760330579,0.0059084708094201,-0.0019080379065076,2.227046724614657,0.6207301970332362,16.86388978354305,2.4392321477233145,1.542178099796979,4.354252521684525,0.0,0.0,0.1149039897353081,0.0,0.0070518773070209,1.0741648789457554,0.16476876790514,1.1600198576865794,0.0088004800513234,8.43734600479366,0.0076842667796238,0.0038593785974819,-29.14102495886576,797503000.0,1806270000.0,-3443950000.0,5942956000.0,121019000.0,141545000.0,116232000.0,14.7524113177077,24.2087453595716,22.304214987351752,6.1006975782983135,3.717664780360705,4.035111751345523,0.0137489774201416,0.9755159175186844,2009-07-30,0.00597,bmo,80366666.0,2025-04-25,2009-06-30,14.075376884422113,36.90380952380953,3947920.8095238097
2009-03-31,WYNN,USD,1174922,2009-05-11,2009-05-11 16:35:22,2009,Q1,739955000.0,497466000.0,242489000.0,0.327707766,0,1765000.0,108213000.0,109978000.0,105362000.0,215340000.0,712806000.0,314000.0,57032000.0,101468000.0,140580000.0,0.1899845261,27144000.0,0.0366833118,-45069000.0,-17920000.0,-0.0242176889,15894000.0,-33814000.0,-0.0456973735,-0.3,-0.3,112568000,112568000,https://www.sec.gov/Archives/edgar/data/1174922/000119312509107226/0001193125-09-107226-index.htm,https://www.sec.gov/Archives/edgar/data/1174922/000119312509107226/d10q.htm,6.573404519934617,-0.3003873214412622,0.5394161751119323,-1.1301702082296925,15.268300049747708,16.17279333380712,15.746393291166228,16.17279333380712,42.761193234311705,2247982960.0,5285770960.0,-16.620208789258886,3.0379995540269342,37.02150755092966,-17.6699048113126,1.2347897847835174,1.2347897847835174,7.143368123737254,37.59973652013089,87.05013026794684,-41.54794381430739,-0.0150419289655113,-0.0565934005122529,2.612693273805175,0.6504684210655871,21.6089628681178,3.2941186193582084,0.475943330060317,-1.795735494174011,0.0,0.0,0.0023852801859572,0.0,0.0065640214658914,3.095173004397161,0.2539911210816874,1.852229274253952,0.0073369326513098,,0.0076331213617182,-0.0046547297045236,-32.16640386255419,1387928000.0,1772540000.0,-3498977000.0,6539911000.0,124340500.0,196205500.0,120127500.0,15.019359285361949,28.99645402901907,21.58537467887253,5.992266267157954,3.1038277959756666,4.169489820720638,-0.0185736202300527,1.669586383341625,2009-05-05,-0.01817,bmo,54814814.0,2025-04-25,2009-03-31,13.859658778205835,28.030163934426227,2965556.901639344
2008-12-31,WYNN,USD,1174922,2009-03-02,2009-02-27 21:42:03,2008,Q4,614275000.0,425888000.0,188387000.0,0.3066818607,0,319303000.0,-201890000.0,117413000.0,71186000.0,188599000.0,614487000.0,1402000.0,46180000.0,70793000.0,71935000.0,0.1171055309,-260000.0,-0.0004232632,-60598000.0,-60858000.0,-0.0990728908,98776000.0,-159634000.0,-0.259873835,-1.42,-1.42,112568000,112568000,https://www.sec.gov/Archives/edgar/data/1174922/000119312509041408/0001193125-09-041408-index.htm,https://www.sec.gov/Archives/edgar/data/1174922/000119312509041408/d10k.htm,5.456923814938526,-1.418111719138654,0.3056641319024945,-3.5441333238575794,10.073058062682112,14.147199914718216,13.711472176817567,14.147199914718216,38.54815755809822,4757123680.0,7916328680.0,-7.450047734191965,7.744289902730862,138.25632643571262,-11.923930659020042,2.9871635556683045,2.9871635556683045,12.887271466362783,110.048358657121,230.07232852824924,-19.84261091448681,-0.0335568319720457,-0.0838649627036814,2.6957925855969336,0.6367127590704793,43.91749496072843,1.949626610479776,-0.0056301429190125,-0.2155430547377125,0.0,0.0,0.5198046477554841,0.0,0.0072744773355738,12.59486166007905,0.7054885841032111,6.121565691523173,0.010317854381181,,-0.0001132594828693,-0.0238488721856182,-34.30655248383199,687316000.0,1543473000.0,-3739002000.0,5841838000.0,132027000.0,205649000.0,108460500.0,18.342989703308778,49.05571417837553,25.55826884063416,4.906506597654877,1.8346486542371712,3.5213652599550205,-0.10023974551058,3.849797455760074,2009-02-24,0.44,bmo,3861314285.0,2025-04-25,2008-12-31,-0.8409090909090909,46.55609375,2682482.640625
2008-09-30,WYNN,USD,1174922,2008-11-10,2008-11-10 14:09:52,2008,Q3,769186000.0,488682000.0,280504000.0,0.3646764242,0,85371000.0,15534000.0,100905000.0,101840000.0,202745000.0,691427000.0,2731000.0,40263000.0,65544000.0,146464000.0,0.1904142821,78189000.0,0.1016516161,-43404000.0,34264000.0,0.0445457926,-16866000.0,51130000.0,0.0664728687,0.5,0.49,103266000,104270000,https://www.sec.gov/Archives/edgar/data/1174922/000119312508231454/0001193125-08-231454-index.htm,https://www.sec.gov/Archives/edgar/data/1174922/000119312508231454/d10q.htm,7.448589080626731,0.4951290841128735,1.4523173164449092,-1.8110510719888444,16.900964499448026,13.568473650572308,13.083057347045496,13.568473650572308,48.01196908953576,8430636240.0,11634708240.0,41.22157363583024,10.960465011063643,56.21361053508918,-45.07879499518768,6.016889010692554,6.016889010692554,15.126001045260834,79.43732412060301,77.57765120853476,-62.2110375360924,0.0060647854496922,-0.0221833791277418,3.509759042851576,0.6748184768937284,21.876174350010924,2.131760368742982,1.9419566351240591,2.9332094660668884,0.0,0.0,0.1109887595458055,0.0,0.0068784886782878,2.2470078346391067,0.4381189985257142,5.141507994629562,0.0070672113116983,12.294644503071014,0.018340242973256,0.0070647161436294,-38.62755408362869,1051153000.0,1351035000.0,-3906410000.0,5804266000.0,146227000.0,249848000.0,88009500.0,16.24733159469881,32.99605878669564,17.6759733323511,5.539371156145127,2.7275984862861544,5.091657376246393,0.0364911409244612,3.263368388433753,2008-10-30,0.59,bmo,731980645.0,2025-04-25,2008-09-30,0.0508474576271186,90.83,2577724.328125
2008-06-30,WYNN,USD,1174922,2008-08-08,2008-08-08 16:12:59,2008,Q2,825157000.0,518741000.0,306416000.0,0.3713426657,0,84973000.0,12119000.0,97092000.0,64973000.0,162065000.0,680806000.0,6421000.0,40982000.0,63779000.0,214714000.0,0.2602098752,144514000.0,0.1751351561,-10297000.0,133872000.0,0.1622382165,-138121000.0,271993000.0,0.3296257561,2.45,2.42,111128000,112365000,https://www.sec.gov/Archives/edgar/data/1174922/000119312508171928/0001193125-08-171928-index.htm,https://www.sec.gov/Archives/edgar/data/1174922/000119312508171928/d10q.htm,7.4252843567777695,2.447564970124541,1.8038478151321,-1.1029083579295946,12.397892520336908,15.065024116334316,14.603934202001296,15.065024116334316,35.452955150817075,9040262800.0,11605268800.0,8.309278915266201,10.955809379306,45.09803948956888,-73.7595280832871,5.399924976674674,5.399924976674674,14.064316002893994,54.04989334649813,57.89376727294496,-94.6874188179237,0.0300868465903446,-0.0135575704723982,2.3288494551849124,0.5971515317765073,11.946151624952265,1.8551080300717264,3.5262798301693428,0.736996908008662,0.0,0.0,0.1029779787361677,0.0,0.0078479987832844,1.6114198485468278,0.3914673207644121,5.064707819188134,0.0062242700480029,28.803369061231,0.0520087675971278,0.0419883994798861,-29.892880282197105,757866000.0,1622906000.0,-3210760000.0,5223602000.0,154910000.0,247243500.0,77872000.0,16.75273917569626,55.61168290148648,13.8870457511552,5.372255787911143,1.6183649784422245,6.48086004847455,0.1624667143725816,2.9067561730616944,2008-07-24,0.93,bmo,691383783.0,2025-04-25,2008-06-30,0.1935483870967742,100.4628125,2098188.5625
2008-03-31,WYNN,USD,1174922,2008-05-09,2008-05-09 17:08:30,2008,Q1,778706000.0,504997000.0,273709000.0,0.3514920907,0,79262000.0,29590000.0,108852000.0,74254000.0,183106000.0,688103000.0,11074000.0,45268000.0,62732000.0,150005000.0,0.1926336769,91411000.0,0.117388334,-49406000.0,42005000.0,0.0539420526,-4712000.0,46717000.0,0.0599931168,0.42,0.41,112413000,113648000,https://www.sec.gov/Archives/edgar/data/1174922/000119312508109979/0001193125-08-109979-index.htm,https://www.sec.gov/Archives/edgar/data/1174922/000119312508109979/d10q.htm,6.927188136603418,0.415583606878208,1.2306583758106269,-1.290313397916611,13.608390488644552,15.634143737823916,15.168414685134282,15.634143737823916,33.005026109079914,11313244320.0,13738901320.0,60.54136781043303,14.528261397754736,81.77736565901895,-77.99655507142464,6.437192959696293,6.437192959696293,17.643245743579733,91.58962247925068,99.31113703719768,-94.7196881032486,0.0041294078584877,-0.0128210790730982,2.0853289452346853,0.5905898524462435,16.17050764974501,2.712004756115957,2.019329327560308,2.961277479290194,0.0,0.0,0.1017868104265281,0.0,0.0084366617866146,2.048474071503954,0.3639242538262194,4.517471147101958,0.0043893330730725,12.090868931259129,0.0180093742565675,0.0075923331363078,-24.581454102283544,964689000.0,1705127000.0,-2919880000.0,5173693000.0,167641500.0,178335500.0,74496500.0,18.055800263514087,31.001708921043093,13.491525692231834,4.984547828758705,2.903065770639196,6.6708541385960745,0.0265817951943719,2.520971773727238,2008-05-01,0.7,bmo,789985507.0,2025-04-25,2008-03-31,-0.0142857142857143,105.10245901639344,2261064.37704918
2007-12-31,WYNN,USD,1174922,2008-02-22,2008-02-22 17:10:43,2007,Q4,711275000.0,441255000.0,270020000.0,0.3796281326,0,310820000.0,-219216000.0,91604000.0,69641000.0,161245000.0,602500000.0,0.0,0.0,64306000.0,173081000.0,0.2433390742,108775000.0,0.1529295983,-21074000.0,87701000.0,0.1233011142,22248000.0,65453000.0,0.092022073,0.58,0.58,112413000,113648000,https://www.sec.gov/Archives/edgar/data/1174922/000119312508036412/0001193125-08-036412-index.htm,https://www.sec.gov/Archives/edgar/data/1174922/000119312508036412/d10k.htm,6.3273375855105725,0.5822547214290162,1.03969291807887,-1.6966009269390552,16.06789250353607,17.330371042495084,16.795966658660475,17.330371042495084,31.5119247773834,12604869690.0,14872099690.0,48.14473626113394,17.72151374644125,107.84915242780748,-66.09096943162751,6.470144218208062,6.470144218208062,20.909071301535977,85.92566307104767,127.24791178609624,-77.97871062290268,0.0051926756570856,-0.0151306601885227,1.8183064113350087,0.5623418668984814,13.09924255117546,2.703412436793277,0.0,1.785632438543688,0.0535093195398198,10.304768307029471,0.4369899124811078,0.0,0.009536642430042,2.6318288770053475,0.4324558012020667,4.78330171368146,0.0260475905943552,15.067864254140762,0.014184760593483,0.0104905943190225,-21.11804906905785,996808000.0,1888085000.0,-2769132000.0,4996861000.0,156630500.0,177797000.0,70132000.0,22.656932972479,37.26783832477819,14.948703130842713,3.9722940483304394,2.414950907956523,6.020589158286829,0.0335973603797226,2.736293845017925,2008-02-12,0.68,bmo,671783333.0,2025-04-25,2007-12-31,0.0588235294117645,137.88078125,2164374.96875
2007-09-30,WYNN,USD,1174922,2007-11-09,2007-11-09 15:05:12,2007,Q3,653386000.0,401321000.0,252065000.0,0.3857826767,0,77904000.0,7196000.0,85100000.0,80669000.0,165769000.0,567090000.0,9906000.0,34743000.0,61326000.0,144867000.0,0.2217173309,86296000.0,0.1320750674,-32173000.0,54123000.0,0.082834649,9383000.0,44740000.0,0.068474072,0.42,0.41,107632000,110881000,https://www.sec.gov/Archives/edgar/data/1174922/000119312507242236/0001193125-07-242236-index.htm,https://www.sec.gov/Archives/edgar/data/1174922/000119312507242236/d10q.htm,6.070555225211833,0.4156756354987364,1.9057157722610376,-0.9250037163668796,7.852432362122789,17.713663222833357,17.142680615430354,17.713663222833357,22.71887542738219,17650571680.0,19232046680.0,98.62858560572197,27.014003483392667,86.05165701359232,-177.28577420650865,9.257825325967175,9.257825325967175,29.43443336710612,132.75657451317414,93.76180639248037,-193.170416633186,0.002534762092193,-0.0056406105028774,1.2643393300069183,0.4739448171480399,10.916737421220844,1.8337321115684813,2.4838384710589185,4.584622261957979,0.0,0.0,0.1192312048314472,0.0,0.0120831071453639,1.4853838803408803,0.4663032265766331,4.9681374947004535,0.0,12.87130956376008,0.0158539413200614,0.0089040974570781,-20.442256949606065,497242000.0,1845101000.0,-2085905000.0,4279976000.0,129585500.0,164013000.0,66195500.0,18.48552004481272,38.7690651623015,15.019323683535124,4.8686755786053855,2.321438487702168,5.992280471234676,0.0234663846924062,2.830719488627917,2007-10-30,0.63,bmo,614391044.0,2025-04-25,2007-09-30,0.0634920634920635,116.74555555555555,2272591.238095238
2007-06-30,WYNN,USD,1174922,2007-08-09,2007-08-09 13:51:48,2007,Q2,687541000.0,407432000.0,280109000.0,0.4074069765,0,74294000.0,28272000.0,102566000.0,51390000.0,153956000.0,561388000.0,10408000.0,35460000.0,58035000.0,190797000.0,0.2775063596,126153000.0,0.1834843304,-22718000.0,103435000.0,0.1504419373,13885000.0,89550000.0,0.130246778,0.88,0.82,101214000,112111000,https://www.sec.gov/Archives/edgar/data/1174922/000119312507177142/0001193125-07-177142-index.htm,https://www.sec.gov/Archives/edgar/data/1174922/000119312507177142/d10q.htm,6.792943663920011,0.8847590254312645,1.5982670381567767,-0.882032129942498,8.386458395083684,16.580808978995,15.962801588713024,16.580808978995,24.827138538146897,9073835100.0,10712690100.0,25.331756281407035,13.197518547984776,56.09200331340756,-101.64028832582837,5.406853194773002,5.406853194773002,15.581165486858238,56.147057343668926,66.22296327433902,-119.99787284091671,0.0098690354203152,-0.0098386182927216,1.476212154617122,0.5100138898524612,8.589521847827797,2.092153172765879,3.5576142131979696,1.8064433277498604,0.0,0.0,0.1080575558403062,0.0,0.012877192252892,1.5518678098746963,0.3651287705024136,4.325682777634186,0.0,18.1679789422254,0.0251702069892974,0.0186758908118371,-21.775942557353726,569903000.0,1615659000.0,-2087574000.0,4088834000.0,127198000.0,150533000.0,65930000.0,16.3586026142441,34.27197667340808,14.45055862082507,5.501692419720091,2.6260522075410893,6.22813292977468,0.0533604256916595,2.480299168099275,2007-08-06,0.53,bmo,674244216.0,2025-04-25,2007-06-30,0.7358490566037735,97.4920634920635,1556355.2698412698
2007-03-31,WYNN,USD,1174922,2007-05-10,2007-05-10 14:56:26,2007,Q1,635317000.0,375057000.0,260260000.0,0.4096537634,0,78166000.0,22846000.0,101012000.0,51069000.0,152081000.0,527138000.0,12100000.0,37673000.0,55574000.0,171171000.0,0.269426129,108179000.0,0.1702756262,-26205000.0,81974000.0,0.1290285007,23569000.0,58405000.0,0.0919304851,0.58,0.54,101402000,112348000,https://www.sec.gov/Archives/edgar/data/1174922/000119312507110016/0001193125-07-110016-index.htm,https://www.sec.gov/Archives/edgar/data/1174922/000119312507110016/d10q.htm,6.26533007238516,0.5759748328435337,1.7298869844776237,-0.1169602177471844,8.320703733654168,16.812686140312813,16.18220547918187,16.812686140312813,23.39368059801582,9618993720.0,11151853720.0,41.17367400051365,15.140463296275716,54.83595220449907,-811.0450016863407,5.642168015766876,5.642168015766876,17.55321157784224,65.15036846194741,63.57447934600431,-940.2912074198988,0.0060718409534422,-0.0012329772058526,1.3693326059923512,0.4972262169885104,8.95513842882264,2.108137866215631,2.871526026597298,3.003407242530605,0.0,0.0,0.123034642548523,0.0,0.0136169465937612,1.067611479129374,0.294772530878286,3.3698132220102925,0.0070201175161376,14.760856750529186,0.0184059969968107,0.0126114745956684,-19.8828893907418,570650000.0,1640908000.0,-1904579000.0,3891946000.0,134829500.0,130764000.0,65405000.0,18.33483127320692,35.01451779329542,15.94365656420224,4.9086898406051285,2.5703624002850955,5.64487823966768,0.0342583468243354,1.846847202224808,2007-05-07,0.55,bmo,521514925.0,2025-04-25,2007-03-31,0.2181818181818181,101.32918032786884,1689884.0819672132
2006-12-31,WYNN,USD,1174922,2007-03-01,2007-03-01 16:11:21,2006,Q4,563570000.0,334435000.0,229135000.0,0.40657771,0,231515000.0,-130533000.0,100982000.0,949367000.0,1050349000.0,1384784000.0,0.0,0.0,57939000.0,-155069000.0,-0.2751548166,78195000.0,0.1387494011,-83824000.0,-5628000.0,-0.0099863371,49795000.0,-55423000.0,-0.0983427081,-0.55,-0.49,101402000,112348000,https://www.sec.gov/Archives/edgar/data/1174922/000119312507044367/0001193125-07-044367-index.htm,https://www.sec.gov/Archives/edgar/data/1174922/000119312507044367/d10k.htm,5.557779925445257,-0.5465671288534742,0.6962781799175559,-1.119543993215124,8.3628034950001,16.228328829806117,15.561330151279067,16.228328829806117,23.60984004260271,9516577700.0,11121255700.0,-42.927023528138136,16.886238976524655,134.788081411818,-83.82877365138648,5.783097014131752,5.783097014131752,19.73358358322835,-71.7181106475182,157.5159438558722,-97.96391688101194,-0.0058238372813369,-0.0119290782441675,1.4548534411774536,0.5137323021857525,-10.348154692427242,2.144040055802632,0.0,-1.2739115529653753,0.0639318060735215,-10.9776085740577,0.4108007878346966,0.0,0.0145133878948881,2.607897569542802,0.3267171779903117,3.177963030083363,0.0226999307983036,,0.1849890268660007,-0.0120680363502154,-20.01175519220528,584704000.0,1577950000.0,-1918804000.0,3809961000.0,121067000.0,123719000.0,62474000.0,22.394520645172737,31.11241347347018,17.322110425045224,4.0188402076558845,2.8927360481610904,5.195671762366393,-0.0336798159924889,1.81582217313268,2007-02-27,0.47,bmo,499796226.0,2025-04-25,2006-12-31,0.1276595744680852,83.14460317460318,1955525.7142857143
2006-09-30,WYNN,USD,1174922,2006-11-09,2006-11-09 15:35:20,2006,Q3,318092000.0,191189000.0,126903000.0,0.3989506181,0,56195000.0,47435000.0,103630000.0,41982000.0,145612000.0,336801000.0,0.0,0.0,51151000.0,32442000.0,0.1019893616,-18709000.0,-0.0588163173,854762000.0,836053000.0,2.6283370849,120397000.0,715656000.0,2.249839669,7.12,6.43,100480000,111702000,https://www.sec.gov/Archives/edgar/data/1174922/000119312506230246/0001193125-06-230246-index.htm,https://www.sec.gov/Archives/edgar/data/1174922/000119312506230246/d10q.htm,3.1657245222929937,7.122372611464968,1.280891719745223,-0.9043889331210192,14.954936305732485,22.815425955414018,22.131220143312103,22.815425955414018,23.86923765923567,6833644800.000001,7829746800.000001,2.3871960830343077,21.48323378142173,53.09582297364496,-75.19994717903009,2.980877943410103,2.980877943410103,24.61472404210103,241.34599593120032,60.83530271009449,-86.161420884091,0.1047253729078807,-0.0132978816809442,1.0461885614531596,0.4579887823940262,30.7040872942482,3.359771752387595,0.0,0.1798408450999434,0.0,0.0,0.1766627265067967,0.0,0.0131281355217569,1.706061971655893,0.6902940029928448,4.292721549920823,0.0,60.46692658994935,-0.0033697825795232,0.1384778190637457,-13.285086584394904,1197629000.0,2223745000.0,-1239126000.0,4323408000.0,83837000.0,103452000.0,55265500.0,28.831847390063253,62.05555758961029,28.5173310179979,3.12154815410885,1.450313291763385,3.155975569494883,0.3121735542164995,2.185280652866242,2006-11-07,0.06,bmo,1908599999.0,2025-04-25,2006-09-30,105.83333333333334,71.4520634920635,1630804.857142857
2006-06-30,WYNN,USD,1174922,2006-08-08,2006-08-07 21:40:45,2006,Q2,273370000.0,159595000.0,113775000.0,0.4161941691,0,49011000.0,3646000.0,52657000.0,42407000.0,95064000.0,254659000.0,0.0,0.0,48008000.0,66719000.0,0.2440611625,1683000.0,0.0061564912,-21444000.0,-19761000.0,-0.0722866445,309000.0,-20070000.0,-0.0734169806,-0.2,-0.2,99830000,99830000,https://www.sec.gov/Archives/edgar/data/1174922/000119312506164234/0001193125-06-164234-index.htm,https://www.sec.gov/Archives/edgar/data/1174922/000119312506164234/d10q.htm,2.738355203846539,-0.2010417710107182,0.0813983772413102,-1.7587098066713414,4.620094160072123,15.724401482520284,15.02459180607032,15.724401482520284,22.99221676850646,7317539000.0,9233900000.0,-91.15021175884404,26.76789333138237,900.5093526950528,-41.678280135784746,4.661544675101464,4.661544675101464,33.7780297764934,138.39985611295134,1136.3401427516612,-52.59323810174743,-0.0027427253889593,-0.0239933125057481,1.4621998041747597,0.5596324727871627,28.72286754897405,2.609900208945648,0.0,-0.4048829098156452,0.0,0.0,0.1792844862274573,0.0,0.0170334258612471,22.606202313561408,0.6719757105754106,3.826403932677887,0.0,,0.0004398111597135,-0.0049781687333797,-19.995687669037363,371375000.0,1499905000.0,-1929641000.0,3255242000.0,66152500.0,70580000.0,48634000.0,21.6537293777664,42.33854444061531,28.168739622168616,4.156327920695737,2.125722581848211,3.1950311305078976,-0.0127853369321689,1.8401081839126512,2006-08-01,0.05,bmo,273400000.0,2025-04-25,2006-06-30,-2.0,73.35777777777778,1073027.507936508
2006-03-31,WYNN,USD,1174922,2006-05-10,2006-05-10 14:00:19,2006,Q1,277225000.0,157494000.0,119731000.0,0.4318910632,0,46965000.0,13895000.0,60860000.0,44714000.0,105574000.0,263068000.0,8432000.0,35943000.0,41785000.0,66294000.0,0.2391342772,9732000.0,0.0351050591,-21166000.0,-11434000.0,-0.0412444765,36518000.0,-11434000.0,-0.0412444765,-0.12,-0.12,98736000,98736000,https://www.sec.gov/Archives/edgar/data/1174922/000119312506107288/0001193125-06-107288-index.htm,https://www.sec.gov/Archives/edgar/data/1174922/000119312506107288/d10q.htm,2.807739831469778,-0.115803759520337,0.3375871009560849,-0.831317857721601,5.617717954950575,15.921548371414682,15.337830173391673,15.921548371414682,22.84310687084751,7587861599.999999,9330328600.0,-165.90566730802868,27.370769591487058,227.6449537981519,-92.44358134038328,4.826791855117269,4.826791855117269,33.65615871584453,140.7416749630434,279.9210548421937,-113.67220915924514,-0.001506880410154,-0.010817408688635,1.411864913519462,0.5535743992784932,26.28393218089118,2.8705123217138646,0.2707620398965027,-2.91516529648417,0.0,0.0,0.1694111281450085,0.0,0.0143747660178476,3.4625285011400457,0.4163152673820903,2.762067727653464,0.0141365316980791,,0.0107615790953939,-0.002893399460948,-18.322878686598607,451927000.0,1514396000.0,-1743824000.0,3236569000.0,77500500.0,72925000.0,43600500.0,21.599675353954368,37.76258143167359,27.03931578345842,4.166729292230923,2.383311643110076,3.3284865904431813,-0.0072733980903672,1.1689049586776858,2006-05-03,0.1,bmo,2772000000.0,2025-04-25,2006-03-31,-2.158,64.61629032258064,1174941.4032258063
2005-12-31,WYNN,USD,1174922,2006-03-16,2006-03-16 06:32:16,2005,Q4,269412000.0,149383000.0,120029000.0,0.4455221,0,118980000.0,-47642000.0,71338000.0,29061000.0,100399000.0,249782000.0,0.0,0.0,44558000.0,64188000.0,0.2382521937,19630000.0,0.0728623818,-110466000.0,-90836000.0,-0.3371638977,-86979000.0,-3857000.0,-0.014316363,-0.0392,-0.0391,98497000,98736000,https://www.sec.gov/Archives/edgar/data/1174922/000119312506055625/0001193125-06-055625-index.htm,https://www.sec.gov/Archives/edgar/data/1174922/000119312506055625/d10k.htm,2.735230514634964,-0.0391585530523772,0.3430459810958709,-1.050133506604262,5.406865183711179,15.86743758693158,15.253408733260912,15.86743758693158,21.671076276434817,5402560450.0,7102807450.0,-350.17892468239563,20.053154462310516,159.89110213383054,-52.23145405327017,3.456764817854047,3.456764817854047,26.36410943090879,110.65631348538668,210.21064399656697,-68.66928457485378,-0.000713920748448,-0.0191455516245079,1.3657577764341176,0.541034952372238,26.48854926154421,2.5374176640880126,0.0,-8.76043557168784,0.0,0.0,0.4416284352590085,0.0,0.0153296987820645,4.061203350202729,0.509346280046917,3.0796714394721487,0.017356316719374,,0.0002252749554312,-0.0009928431377343,-17.904453942759677,414763000.0,1502415000.0,-1697846000.0,3139113000.0,71961500.0,73372500.0,36619500.0,29.553694712930383,48.05848054999565,24.029240274997825,3.045304516887462,1.872718383311604,3.7454367666232073,-0.0024678561259713,1.393179487700133,2006-02-23,0.08,bmo,431040000.0,2025-04-25,2005-12-31,-0.375,51.37809523809524,1219731.4761904762
2005-09-30,WYNN,USD,1174922,2005-11-08,2005-11-08 17:10:07,2005,Q3,251441000.0,140684000.0,110757000.0,0.4404890213,0,44814000.0,9190000.0,54004000.0,43475000.0,97479000.0,238163000.0,0.0,0.0,38638000.0,51164000.0,0.2034831233,13278000.0,0.0528076169,-13278000.0,-14190000.0,-0.0564347103,27931000.0,-14190000.0,-0.0564347103,-0.14,-0.14,98472000,98472000,https://www.sec.gov/Archives/edgar/data/1174922/000119312505219913/0001193125-05-219913-index.htm,https://www.sec.gov/Archives/edgar/data/1174922/000119312505219913/d10q.htm,2.553426354699813,-0.1441018766756032,0.3270675928182631,-1.497359655536599,6.6068425542286136,15.931300268096514,15.856152002599725,15.931300268096514,21.599723779348444,4446010800.0,6020098800.0,-78.32999999999998,17.682123440489022,138.0448598130841,-30.153076338777066,2.8340436273375547,2.8340436273375547,23.94239125679583,117.6627863341412,186.9189555065669,-40.82862297216646,-0.0031916251755393,-0.0331641119720177,1.3558041977655348,0.5394611495894758,30.76553826909545,3.065004071825387,0.0,-2.269696969696969,0.0,0.0,0.1782286898318094,0.0,0.0018768559315241,5.578135188002608,0.714501612704372,4.649697189295512,0.0,,0.0106395919032789,-0.0036057655657773,-16.90957074092128,512216000.0,1561387000.0,-1613715000.0,3117520000.0,55499500.0,91337500.0,31339500.0,19.84938812683691,42.847303175911975,21.338247419749223,4.534144802091786,2.1004822551024978,4.217778444011393,-0.0090452049895874,1.8244272483548625,2005-11-03,0.1,bmo,2514000000.0,2025-04-25,2005-09-30,-2.441,50.730625,1407256.34375
2005-06-30,WYNN,USD,1174922,2005-08-03,2005-08-02 19:19:07,2005,Q2,201120000.0,108028000.0,93092000.0,0.4628679395,0,31010000.0,51964000.0,82974000.0,25922000.0,108896000.0,216924000.0,0.0,0.0,32076000.0,16320000.0,0.0811455847,-15804000.0,-0.0785799523,-19358000.0,-35162000.0,-0.1748309467,19609000.0,-35162000.0,-0.1748309467,-0.36,-0.36,98203000,98203000,https://www.sec.gov/Archives/edgar/data/1174922/000119312505155278/0001193125-05-155278-index.htm,https://www.sec.gov/Archives/edgar/data/1174922/000119312505155278/d10q.htm,2.048002606845005,-0.3580542345956845,-0.1184179709377513,-2.849760190625541,6.340315468977527,16.046128936997853,15.970774823579728,16.046128936997853,20.893709968127247,4642055810.0,6208084810.0,-33.00477653432683,23.081025308273663,-399.1792768079801,-16.587360633185043,2.9458818501083277,2.9458818501083277,30.86756568217979,380.3973535539216,-533.8451122194514,-22.18321920280145,-0.0075746611930544,-0.0602868667363135,1.302102834282494,0.5245582993248932,95.95765931372549,2.482952511685288,0.0,0.3307263523121552,0.0,0.0,0.1541865552903739,0.0,0.0018918433175364,-23.065267864820708,1.3336614956245028,8.362202269609677,0.0,,-0.0067748709769756,-0.0090063622385428,-16.87110373410181,426727000.0,1568378000.0,-1621269000.0,2952135000.0,28173000.0,113170000.0,17187000.0,24.85560859188544,96.39000999740809,24.43033287666161,3.6209131499351854,0.9337067192172726,3.683944891556404,-0.022314056929339,2.731342219687789,2005-08-01,0.08,bmo,201100000.0,2025-04-25,2005-06-30,0.0,52.71828125,2771473.828125
2005-03-31,WYNN,USD,1174922,2005-05-04,2005-05-04 14:40:21,2005,Q1,0.0,38108000.0,-38108000.0,,0,0.0,0.0,5000.0,3547000.0,3552000.0,41660000.0,6182000.0,2149000.0,6793000.0,-24284000.0,,-41660000.0,,11733000.0,-41713000.0,,-4033000.0,-37627000.0,,-0.38,-0.38,98229000,98229000,https://www.sec.gov/Archives/edgar/data/1174922/000119312505095494/0001193125-05-095494-index.htm,https://www.sec.gov/Archives/edgar/data/1174922/000119312505095494/d10q.htm,0.0,-0.3830538842907899,-0.0599822862901994,-3.032312249946554,5.734925531156787,16.446161520528563,16.3708273524112,16.446161520528563,20.121125125981127,6654032459.999999,8262073459.999999,-44.21049020650064,0.0,-1129.3334114052952,-22.33938803670168,4.118894242613695,4.118894242613695,0.0,-340.2270408499423,-1402.2527936184656,-27.73801692735873,-0.0056547665233361,-0.0447639836130285,1.2221239376288309,0.5103767058838128,-66.21812716191731,2.31383451688829,-19.385760818985577,0.1565896829404417,0.0,0.0,0.0,0.0,0.0019129474487485,-49.55346232179226,0.0,42.98086265273075,0.0,,-0.010394009399599,-0.0097454633232633,-17.16828533325189,326547000.0,1608090000.0,-1677794000.0,2643379000.0,514500.0,98581000.0,2903500.0,0.0,261.3041880969875,11.926629579091005,0.0,0.3444261672782487,7.546138613861386,-0.0232913852762938,2.972329963656354,2005-05-04,-0.07,bmo,,2025-04-25,2005-03-31,4.472142857142857,69.04245901639345,1190458.0983606558
2004-12-31,WYNN,USD,1174922,2005-03-15,2005-03-15 17:32:52,2004,Q4,-107000.0,29429000.0,-29536000.0,276.0373831776,0,0.0,0.0,38000.0,2591000.0,2629000.0,32058000.0,0.0,0.0,44440000.0,12382000.0,-115.7196261682,-32058000.0,299.6074766355,-96499000.0,77873000.0,-727.785046729,95656000.0,-127714000.0,1193.5887850467,-1.37,-1.3,93483000,98229000,https://www.sec.gov/Archives/edgar/data/1174922/000119312505051268/0001193125-05-051268-index.htm,https://www.sec.gov/Archives/edgar/data/1174922/000119312505051268/d10k.htm,-0.0011445931345806,-1.366173528876908,-0.8541553009638116,-3.809312923205289,4.766235572243081,17.589198036006547,17.5100392584748,17.589198036006547,17.126600558390294,6255882360.0,7526667360.0,-12.24588212725308,-58466.19028037384,-78.34640834575261,-17.567472494145,3.804607797524891,3.804607797524891,-70342.68560747664,607.8716976255855,-94.26126012849252,-21.13603073242237,-0.0204150258349806,-0.0569233849851358,0.9736999107822156,0.4621674424082591,102.63164270715556,2.655022270863121,0.0,0.625217282365285,0.0,0.0,0.0,0.0,0.0021361279275055,-3.4597427644679333,-2581.841121495327,6.216404140414041,-32.046728971962615,,0.0022217856617664,-0.0369456019014051,-14.69582972305125,281276000.0,1636891000.0,-1368692000.0,2275708000.0,186000.0,83462000.0,707000.0,-190.93457943925236,264.5961466580584,2.315063372863502,-0.4713656387665198,0.3401410078594544,38.875825627476885,-0.0776711664784396,2.9551576222414773,2005-03-15,-0.19,bmo,28282.44,2025-04-25,2004-12-31,5.894736842105264,59.8225,1382261.234375
2004-09-30,WYNN,USD,1174922,2004-11-04,2004-11-04 17:26:21,2004,Q3,1000.0,21525000.0,-21524000.0,-21524.0,0,0.0,0.0,5000.0,2685000.0,2690000.0,24215000.0,0.0,0.0,5464000.0,-18750000.0,-18750.0,-24214000.0,-24214.0,-781000.0,-24995000.0,-24995.0,-1508000.0,-22706000.0,-22706.0,-0.26,-0.26,88063000,88063000,https://www.sec.gov/Archives/edgar/data/1174922/000119312504186496/0001193125-04-186496-index.htm,https://www.sec.gov/Archives/edgar/data/1174922/000119312504186496/d10q.htm,1.1355506853048384e-05,-0.2578381386053166,-0.0794090594233673,-3.380432190590827,2.4428647672688872,14.136901990620352,14.052871239907793,14.136901990620352,11.389403041004735,4551976470.0,5345715470.0,-50.11865222848586,4551976.47,-650.9332861432862,-15.29094420053008,3.656388085189784,3.656388085189784,5345715.47,-285.10482506666665,-764.4380766480766,-17.957262631386236,-0.0049881628671951,-0.065398185153624,0.8056505625179727,0.4060694320287095,-42.332746666666665,1.6330729321963149,0.0,0.3079938339572781,0.0,0.0,0.0,0.0,0.0029959708241025,-41.56985556985557,290698.0,53.20241581259151,0.0,,-0.0097379541304102,-0.0092203961367409,-11.46318828565913,84928000.0,1237538000.0,-1005966000.0,1788839000.0,76500.0,73866000.0,608000.0,13050.0,336.1839721254356,2.7470383275261323,0.0068965517241379,0.2677105616635988,32.76255707762557,-0.0182386592745984,3.30102313116746,2004-11-04,-0.17,bmo,127500.0,2025-04-25,2004-09-30,0.5294117647058822,38.59390625,470102.40625
2004-06-30,WYNN,USD,1174922,2004-08-04,2004-08-04 15:09:09,2004,Q2,103000.0,16544000.0,-16441000.0,-159.6213592233,0,0.0,0.0,109000.0,1562000.0,1671000.0,18215000.0,0.0,0.0,16081000.0,-2031000.0,-19.7184466019,-18112000.0,-175.8446601942,-26148000.0,-44260000.0,-429.7087378641,23807000.0,-41919000.0,-406.9805825243,-0.49,-0.49,84687000,84687000,https://www.sec.gov/Archives/edgar/data/1174922/000119312504131225/0001193125-04-131225-index.htm,https://www.sec.gov/Archives/edgar/data/1174922/000119312504131225/d10qa.htm,0.0012162433431341,-0.4949874242799957,-0.3188801114692928,-3.361590326732556,5.120726912040809,14.452548797336071,14.365168207635174,14.452548797336071,8.368935019542551,3271458810.0,3619189810.0,-19.51059668646676,31761.73601941748,-121.1427072764303,-11.491584710010784,2.6728849382691844,2.6728849382691844,35137.76514563107,-1781.9743032988677,-134.019248657656,-12.71305209654247,-0.0128135496836654,-0.0870202000189634,0.5790629138775253,0.3330801809913922,-171.21171836533728,3.648228385974304,0.0,0.6442186120852119,0.0,0.0,0.0,0.0,0.0034777116281517,-9.541862618033695,2501.7281553398057,16.023754741620547,-2.262135922330097,,-0.013865849386094,-0.0197690474977787,-5.549240143115236,316601000.0,1216543000.0,-467740000.0,1716982000.0,26000.0,61059000.0,571500.0,6.990291262135923,366.2669245647969,3.0409816247582206,12.875,0.245722433460076,29.59570661896243,-0.0342491439552332,3.042710215263264,2004-08-03,-0.14,bmo,92172.94,2025-04-25,2004-06-30,1.0714285714285712,38.76806451612903,695117.2096774194
2004-03-31,WYNN,USD,1174922,2004-05-05,2004-05-05 17:20:54,2004,Q1,198000.0,14656000.0,-14458000.0,-73.0202020202,0,0.0,0.0,183000.0,773000.0,956000.0,15612000.0,0.0,0.0,4995000.0,-10419000.0,-52.6212121212,-15414000.0,-77.8484848485,8000.0,-15406000.0,-77.8080808081,-2166000.0,-13248000.0,-66.9090909091,-0.16,-0.16,80840000,80840000,https://www.sec.gov/Archives/edgar/data/1174922/000119312504079429/0001193125-04-079429-index.htm,https://www.sec.gov/Archives/edgar/data/1174922/000119312504079429/d10q.htm,0.0024492825333993,-0.1638792676892627,-0.0113557644730331,-2.2795398317664524,4.832756061355765,12.104391390400792,12.012852548243444,12.099393864423552,7.87102919346858,2829400000.0,3150217000.0,-53.39296497584541,14289.89898989899,-3082.135076252724,-15.353976057912504,2.892706890294086,2.892706890294086,15910.18686868687,-302.3531049045014,-3431.608932461874,-17.094916376344436,-0.0046822647911217,-0.0651297094790415,0.6505308680472133,0.3664599850488906,-30.791534696228045,4.639719074598678,0.0,0.0692934782608695,0.0,0.0,0.0,0.0,0.0042618724824716,-199.73856209150327,926.060606060606,36.70870870870871,4.611111111111111,,-0.0080203985615649,-0.0076625604566071,-4.537382483918852,308357000.0,971119000.0,-364730000.0,1412212000.0,61000.0,52272000.0,394000.0,20.0,336.4560589519651,3.5862445414847164,4.5,0.2674940682606315,25.095890410958905,-0.0135444196234594,2.268184067293419,2004-06-01,-0.14,bmo,87500.0,2025-04-25,2004-03-31,0.1428571428571427,33.14387096774194,510109.1129032258
2003-12-31,WYNN,USD,1174922,2004-03-15,2004-03-12 21:49:09,2003,Q4,279000.0,14978000.0,-14699000.0,-52.6845878136,0,0.0,0.0,1050000.0,-322000.0,728000.0,15706000.0,0.0,0.0,5003000.0,-10424000.0,-37.3620071685,-15427000.0,-55.29390681,-17093000.0,21683000.0,77.7168458781,-14843000.0,-12367000.0,-44.3261648746,-0.15,-0.15,80840000,80840000,https://www.sec.gov/Archives/edgar/data/1174922/000119312504040959/0001193125-04-040959-index.htm,https://www.sec.gov/Archives/edgar/data/1174922/000119312504040959/d10k.htm,0.0034512617516081,-0.1529811974270163,-0.1762741217219198,-2.208968332508659,4.9463631865413165,12.405603661553686,12.314064819396338,12.392565561603169,7.860873330034637,2264328400.0,2558249400.0,-45.77359909436404,8115.872401433692,-158.90023859649125,-12.680127454878397,2.2602260896472903,2.2602260896472903,9169.352688172045,-245.4191673062164,-179.52627368421054,-14.32607057057898,-0.0054616635996792,-0.078863560603665,0.6343217061034223,0.3666212240880667,-28.196565617805064,5.652846465100596,0.0,1.1522600468990054,0.0,0.0,0.0,0.0,0.0042692562205659,-11.531438596491228,588.9713261648745,32.844893064161504,11.924731182795698,,-0.0156345030610688,-0.0071654413319713,-4.08745051954478,331171000.0,995469000.0,-328107000.0,1236386000.0,142500.0,47186500.0,210000.0,25.161290322580644,298.9624783015089,1.2257978368273468,3.576923076923077,0.3010411223218234,73.42156862745098,-0.012344594560872,2.0326942107867394,2004-03-12,,amc,,2025-04-25,2003-12-31,,22.4453125,393806.46875
2003-09-30,WYNN,USD,1174922,2003-11-13,2003-11-13 15:12:15,2003,Q3,261000.0,12124000.0,-11863000.0,-45.4521072797,0,0.0,0.0,193000.0,1218000.0,1411000.0,13535000.0,0.0,0.0,10457000.0,-2817000.0,-10.7931034483,-13274000.0,-50.8582375479,-580000.0,-13854000.0,-53.0804597701,1569000.0,-14843000.0,-56.8697318008,-0.18,-0.18,80834000,80834000,https://www.sec.gov/Archives/edgar/data/1174922/000119312503080017/0001193125-03-080017-index.htm,https://www.sec.gov/Archives/edgar/data/1174922/000119312503080017/d10q.htm,0.0032288393497785,-0.1836232278496672,0.1192320063339683,-1.348788875968033,5.130910260533934,12.522923522280228,12.431377885543212,12.499727837296188,7.851201227206373,1469562120.0,1757632120.0,-24.7517705315637,5630.506206896552,152.47583731064535,-13.478758850937371,1.454431667364408,1.454431667364408,6734.222681992337,-623.9375647852326,182.3648184270596,-16.120924166269216,-0.0101002875604877,-0.0741908072589677,0.628109774020861,0.3661450643940246,-102.26127085552004,5.752613240418119,0.0,-0.6493733998113462,0.0,0.0,0.0,0.0,0.0042692808511792,12.31230545756381,454.6590038314176,11.34799655733002,0.0,,-0.0088980188106592,-0.0086000858675958,-3.7857801172773833,345092000.0,1004878000.0,-303332000.0,1071896000.0,133000.0,37735500.0,214000.0,71.37931034482759,331.2198944242824,1.603431210821511,1.2608695652173914,0.2717228086689527,56.129629629629626,-0.0146901780774601,1.4680208823020016,2004-03-15,-0.1,bmo,133333.33,2025-04-25,2003-09-30,0.4999999999999999,16.82125,469336.359375
2003-06-30,WYNN,USD,1174922,2003-08-14,2003-08-13 18:32:12,2003,Q2,285000.0,11232000.0,-10947000.0,-38.4105263158,0,0.0,0.0,150000.0,2438000.0,2588000.0,13820000.0,0.0,0.0,3722000.0,-9813000.0,-34.4315789474,-13535000.0,-47.4912280702,858000.0,-12677000.0,-44.4807017544,-858000.0,-12677000.0,-44.4807017544,-0.16,-0.16,78164000,78164000,https://www.sec.gov/Archives/edgar/data/1174922/000119312503036328/0001193125-03-036328-index.htm,https://www.sec.gov/Archives/edgar/data/1174922/000119312503036328/d10q.htm,0.0036461798270303,-0.1621846374289954,-0.1015173225525817,-1.2586356890640191,2.379138733944015,13.056714088327109,12.9620413489586,13.024857990890949,4.910380737935623,1382721160.0,1617085160.0,-27.268304015145542,4851.653192982456,-174.2559747952111,-14.054900996137428,1.3581721975296517,1.3581721975296517,5673.983017543859,-164.79009069601548,-203.79145053560177,-16.437133157145762,-0.0091681536138493,-0.0711495584547212,0.3770007121282813,0.2640233718277848,-23.88301233058188,4.472548322068066,0.0,0.6259367358207778,0.0,0.0,0.0,0.0,0.0050904028021979,-11.398235664776308,317.35087719298247,24.300107469102635,0.0,,-0.0089395080891357,-0.0087650278362404,-3.160505475666547,146420000.0,1013165000.0,-244566000.0,737885000.0,106500.0,25703500.0,215500.0,18.63157894736842,247.21153846153845,1.698717948717949,4.830508474576271,0.3640606767794632,52.9811320754717,-0.0124519313410112,1.1571183665114375,2003-08-13,,amc,,2025-04-25,2003-06-30,,17.397777777777776,218188.7142857143
2003-03-31,WYNN,USD,1174922,2003-05-15,2003-05-15 13:59:38,2003,Q1,193000.0,9001000.0,-8808000.0,-45.6373056995,0,0.0,0.0,101000.0,2407000.0,2508000.0,11509000.0,0.0,0.0,2759000.0,-8557000.0,-44.3367875648,-11316000.0,-58.6321243523,2310000.0,-9006000.0,-46.6632124352,-2310000.0,-9006000.0,-46.6632124352,-0.12,-0.12,77834000,77834000,https://www.sec.gov/Archives/edgar/data/1174922/000089843003003053/0000898430-03-003053-index.htm,https://www.sec.gov/Archives/edgar/data/1174922/000089843003003053/d10q.htm,0.0024796361487267,-0.115707788370121,-0.1185471644782485,-0.6524398077960788,10.93382069532595,12.681964180178328,12.58689004805098,12.642110131819,4.920767273941979,1198643600.0,1474236600.0,-33.27347324006218,6210.588601036269,-129.9061016581771,-23.60370997597574,1.218151071255079,1.218151071255079,7638.531606217616,-172.28428187448873,-159.77420613417146,-29.030691977472333,-0.0075134927513065,-0.0423662212854596,0.3892362289707374,0.2710522050950338,-32.206731331073975,2.559191082357869,0.0,1.0245391960914945,0.0,0.0,0.0,0.0,0.0052369989731235,-4.5036306491817495,215.31088082901556,15.061616527727438,3.0362694300518136,,-0.0061408293342056,-0.0064071233894152,5.464360048307937,67000000.0,979688000.0,-315964000.0,562215000.0,169000.0,15128500.0,215500.0,71.81347150259067,205.5271636484835,2.1897566937007,1.2532467532467533,0.4378983215762588,41.10045662100457,-0.0091525692438713,0.5338926433178303,2003-05-15,-0.00857,bmo,16666.67,2025-04-25,2003-03-31,13.002333722287048,14.007049180327868,108473.45901639343
2002-12-31,WYNN,USD,1174922,2003-03-28,2003-03-28 15:36:28,2002,Q4,220000.0,9862000.0,-9642000.0,-43.8272727273,0,0.0,0.0,1033000.0,1639000.0,2672000.0,12534000.0,0.0,0.0,2481000.0,-9833000.0,-44.6954545455,-12314000.0,-55.9727272727,530000.0,-11784000.0,-53.5636363636,-1571000.0,-10743000.0,-48.8318181818,-0.14,-0.14,77834000,77834000,https://www.sec.gov/Archives/edgar/data/1174922/000095016803001027/0000950168-03-001027-index.htm,https://www.sec.gov/Archives/edgar/data/1174922/000095016803001027/d10k.htm,0.0028265282524346,-0.138024513708662,-0.0059357093301128,-0.3750032119639232,10.999486085772284,12.79384330755197,12.69876917542462,12.740100727188633,4.910334815119357,1020403740.0,1292950740.0,-23.74578190449595,4638.198818181818,-2208.666103896104,-34.95970056187474,1.0290342502569043,1.0290342502569043,5877.048818181818,-131.49097325333062,-2798.594675324676,-44.29733931752775,-0.0105281856375791,-0.028604363994197,0.3854235472911307,0.2732666428809932,-27.71758364690329,43.817886887468525,0.0,0.0430047472772968,0.0,0.0,0.0,0.0,0.0052910015079354,-62.17748917748918,130.57272727272726,11.578395808141876,0.0,,-0.0077448788185818,-0.0077221048576014,5.827440450188863,884275000.0,988396000.0,502122000.0,1312171000.0,177500.0,7764000.0,210000.0,75.27272727272728,88.53984992902048,1.9346988440478603,1.1956521739130437,1.0164914450628737,46.5188679245283,-0.0108338636141317,0.3690675026338104,2003-03-28,-0.05,bmo,62500.0,2025-04-25,2002-12-31,2.2,12.816521739130431,744910.5652173914
2002-09-30,WYNN,USD,1174922,2002-12-09,2002-12-09 16:41:38,2002,Q3,207000.0,6391000.0,-6184000.0,-29.8743961353,0,0.0,0.0,193000.0,2306000.0,2499000.0,8890000.0,0.0,0.0,2167000.0,-6516000.0,-31.4782608696,-8683000.0,-41.9468599034,-139000.0,-8822000.0,-42.6183574879,-489000.0,-8194000.0,-39.5845410628,-0.2,-0.2,40000000,40000000,https://www.sec.gov/Archives/edgar/data/1174922/000104746902006255/0001047469-02-006255-index.htm,https://www.sec.gov/Archives/edgar/data/1174922/000104746902006255/a2095555z10-q.htm,0.005175,-0.20485,,,4.1902,13.473425,13.288425,13.41885,0.720025,520400000.0,381593000.0,-15.877471320478396,2514.009661835749,0.0,0.0,0.969531666275426,0.969531666275426,1843.4444444444443,-58.56246163290362,0.0,0.0,-0.0157455803228285,,0.053657727748652,0.0496822516318673,21.302486187845304,13.130109823062844,0.0,0.0,,,0.0,0.0,0.0127651353104342,0.0,,0.0,,,-0.0144462845810638,-0.0143175654896698,3.17683125,159050000.0,531537000.0,131395000.0,555330000.0,,,,74.34782608695652,82.0434986700047,2.929119073697387,1.2105263157894737,1.096979059388946,30.72596153846154,-0.0152658387268655,,2002-12-09,,amc,,2025-04-25,2002-09-30,,,
