date,symbol,reportedCurrency,cik,fillingDate,acceptedDate,calendarYear,period,revenue,costOfRevenue,grossProfit,grossProfitRatio,researchAndDevelopmentExpenses,generalAndAdministrativeExpenses,sellingAndMarketingExpenses,sellingGeneralAndAdministrativeExpenses,otherExpenses,operatingExpenses,costAndExpenses,interestIncome,interestExpense,depreciationAndAmortization,ebitda,ebitdaratio,operatingIncome,operatingIncomeRatio,totalOtherIncomeExpensesNet,incomeBeforeTax,incomeBeforeTaxRatio,incomeTaxExpense,netIncome,netIncomeRatio,eps,epsdiluted,weightedAverageShsOut,weightedAverageShsOutDil,link,finalLink,revenuePerShare,netIncomePerShare,operatingCashFlowPerShare,freeCashFlowPerShare,cashPerShare,bookValuePerShare,tangibleBookValuePerShare,shareholdersEquityPerShare,interestDebtPerShare,marketCap,enterpriseValue,peRatio,priceToSalesRatio,pocfratio,pfcfRatio,pbRatio,ptbRatio,evToSales,enterpriseValueOverEBITDA,evToOperatingCashFlow,evToFreeCashFlow,earningsYield,freeCashFlowYield,debtToEquity,debtToAssets,netDebtToEBITDA,currentRatio,interestCoverage,incomeQuality,dividendYield,payoutRatio,salesGeneralAndAdministrativeToRevenue,researchAndDdevelopementToRevenue,intangiblesToTotalAssets,capexToOperatingCashFlow,capexToRevenue,capexToDepreciation,stockBasedCompensationToRevenue,grahamNumber,roic,returnOnTangibleAssets,grahamNetNet,workingCapital,tangibleAssetValue,netCurrentAssetValue,investedCapital,averageReceivables,averagePayables,averageInventory,daysSalesOutstanding,daysPayablesOutstanding,daysOfInventoryOnHand,receivablesTurnover,payablesTurnover,inventoryTurnover,roe,capexPerShare,report_date,epsEstimated,time,revenueEstimated,updatedFromDate,fiscalDateEnding,surprise(%),QuarterAvgPrice,QuarterAvgVolume
2025-03-31,XEL,USD,72903,2025-04-24,2025-04-24 13:08:42,2025,Q1,3906000000.0,2221000000.0,1685000000.0,0.4313876088,0,0.0,0.0,0.0,1008000000.0,1008000000.0,3229000000.0,0.0,309000000.0,728000000.0,1482000000.0,0.3794162826,677000000.0,0.1733230927,-255000000.0,422000000.0,0.1080389145,-61000000.0,483000000.0,0.123655914,0.84,0.84,575000000,577000000,https://www.sec.gov/Archives/edgar/data/72903/000007290325000088/0000072903-25-000088-index.htm,https://www.sec.gov/Archives/edgar/data/72903/000007290325000088/xel-20250331.htm,6.79304347826087,0.84,1.7878260869565217,3.3373913043478263,1.9530434782608697,34.44173913043478,34.44173913043478,34.44173913043478,56.756521739130434,40704250000.0,71907250000.0,21.068452380952383,10.420954941116232,39.59557392996109,21.21117769671704,2.0553549787921632,2.0553549787921632,18.409434203789043,48.52041160593792,69.94868677042801,37.471208963001565,0.0118660827800536,0.0471449541509793,1.632296505756413,0.4443497505120345,21.054655870445345,0.796321020620086,2.190938511326861,2.1283643892339543,0.0075176425066178,0.6335403726708074,0.0,0.0,0.0,0.8667315175097277,0.228110599078341,1.2138964577656677,0.0023041474654377,25.513699644802937,0.0114235616920751,0.0066392665191274,-86.9,-1373000000.0,19804000000.0,-47577000000.0,58511000000.0,2068500000.0,1861500000.0,645500000.0,47.37327188940092,78.69428185502026,25.326429536244937,1.899805447470817,1.143666323377961,3.5536,0.0243890123207432,1.5495652173913044,2025-04-24,0.921,bmo,3932432261.0,2025-05-12,2025-03-31,-0.0879478827361564,68.07283333333334,3659630.183333333
2024-12-31,XEL,USD,72903,2025-02-27,2025-02-27 16:07:51,2024,Q4,3120000000.0,1832000000.0,1288000000.0,0.4128205128,0,0.0,0.0,0.0,941000000.0,941000000.0,2773000000.0,0.0,297000000.0,735000000.0,1199000000.0,0.3842948718,347000000.0,0.1112179487,-180000000.0,167000000.0,0.053525641,-297000000.0,464000000.0,0.1487179487,0.82,0.82,563000000,563000000,https://www.sec.gov/Archives/edgar/data/72903/000007290325000029/0000072903-25-000029-index.htm,https://www.sec.gov/Archives/edgar/data/72903/000007290325000029/xel-20241231.htm,5.541740674955595,0.8241563055062167,1.1793960923623446,-2.758436944937833,0.3179396092362344,34.674955595026645,34.674955595026645,34.674955595026645,54.182948490230906,38013760000.0,68042760000.0,20.48155172413793,12.183897435897435,57.24963855421687,-24.477630392788157,1.9472267185739165,1.9472267185739165,21.808576923076924,56.74959132610509,102.4740361445783,-43.81375402446877,0.0122061064204119,-0.0408536277390081,1.5473824403237373,0.4313271935460841,25.045037531276066,0.6696082984982196,1.1683501683501682,1.4310344827586208,0.0079971042064768,0.6551724137931034,0.0,0.0,0.0,3.338855421686747,0.7105769230769231,3.016326530612245,0.0019230769230769,25.35735838327326,0.0146967235328583,0.0066252587991718,-86.03952042628775,-2134000000.0,19522000000.0,-46188000000.0,56124000000.0,2029000000.0,1747000000.0,652000000.0,60.02884615384616,87.49454148471615,32.71834061135371,1.499279192695819,1.0286355979786637,2.750750750750751,0.0237680565515828,3.9378330373001775,2025-02-06,0.875,bmo,3773554305.0,2025-05-06,2024-12-31,-0.0742857142857142,67.07453125,3657089.875
2024-09-30,XEL,USD,72903,2024-10-31,2024-10-31 15:08:58,2024,Q3,3644000000.0,2574000000.0,1070000000.0,0.2936333699,0,0.0,0.0,0.0,159000000.0,159000000.0,2733000000.0,0.0,305000000.0,717000000.0,1713000000.0,0.4700878156,911000000.0,0.25,-219000000.0,692000000.0,0.1899012075,10000000.0,682000000.0,0.1871569704,1.21,1.21,564000000,565000000,https://www.sec.gov/Archives/edgar/data/72903/000007290324000199/0000072903-24-000199-index.htm,https://www.sec.gov/Archives/edgar/data/72903/000007290324000199/xel-20240930.htm,6.460992907801418,1.2092198581560285,3.0797872340425534,-0.0744680851063829,2.73936170212766,34.312056737588655,34.312056737588655,34.312056737588655,53.38475177304964,36829200000.0,65088200000.0,13.500439882697949,10.106805708013171,21.2027633851468,-876.8857142857142,1.903121124431583,1.903121124431583,17.861745334796925,37.99661412726211,37.47161773172136,-1549.7190476190476,0.0185179151325578,-0.0011403994656413,1.5400992145514676,0.4301590508905118,16.496789258610626,0.9335950836462956,2.9868852459016395,2.546920821114369,0.0080371009959488,0.4340175953079179,0.0,0.0,0.0,1.0241796200345423,0.4881997804610318,2.481171548117155,0.0027442371020856,30.553943421079747,0.0138441592542458,0.0098432583783159,-82.60150709219859,-389000000.0,19352000000.0,-44465000000.0,56028000000.0,1981000000.0,1629500000.0,630000000.0,48.82821075740944,59.89510489510489,22.307692307692307,1.8431967627718768,1.5026269702276709,4.0344827586206895,0.0352418354692021,3.154255319148936,2024-10-31,1.26,bmo,3925352284.0,2025-04-25,2024-09-30,-0.0079365079365079,59.3140625,3181389.875
2024-06-30,XEL,USD,72903,2024-08-01,2024-08-01 15:38:12,2024,Q2,3042000000.0,2425000000.0,617000000.0,0.2028270874,0,0.0,0.0,51000000.0,-154000000.0,154000000.0,2579000000.0,0.0,303000000.0,739000000.0,1194000000.0,0.392504931,463000000.0,0.1522024984,-235000000.0,214000000.0,0.070348455,-88000000.0,302000000.0,0.0992767916,0.54,0.54,557000000,557000000,https://www.sec.gov/Archives/edgar/data/72903/000007290324000172/0000072903-24-000172-index.htm,https://www.sec.gov/Archives/edgar/data/72903/000007290324000172/xel-20240630.htm,5.461400359066428,0.5421903052064632,2.1364452423698386,-1.1508078994614004,3.289048473967684,32.23339317773788,41.71274685816877,32.23339317773788,55.40754039497307,29203510000.0,58164510000.0,24.17509105960265,9.600101906640369,24.540764705882356,-45.55929797191887,1.6265740225019494,1.6265740225019494,19.120483234714005,48.713994974874375,48.87773949579832,-90.74026521060844,0.010341222681794,-0.0219494163544039,1.7020719616798483,0.4498800182548912,24.25544388609715,0.9659322033898304,1.528052805280528,3.9403973509933774,0.0101015254673154,0.97682119205298,0.0,0.0,-0.0777305048066306,1.538655462184874,0.6019066403681789,2.477672530446549,0.0036160420775805,19.82988272556716,0.0102237951362794,0.0041252885653011,-83.19793536804309,-201000000.0,23234000000.0,-44274000000.0,49554000000.0,1992000000.0,1503500000.0,622500000.0,58.72781065088758,57.37731958762887,23.084536082474227,1.5324937027707808,1.5685640362225095,3.898713826366559,0.0168207641751141,3.287253141831239,2024-08-01,0.57,bmo,3286569356.0,2025-04-25,2024-06-30,-0.0526315789473682,54.40047619047619,3830589.888888889
2024-03-31,XEL,USD,72903,2024-04-25,2024-04-25 12:14:09,2024,Q1,3657000000.0,2785000000.0,872000000.0,0.2384468143,0,0.0,0.0,53000000.0,-171000000.0,171000000.0,2956000000.0,0.0,277000000.0,684000000.0,1368000000.0,0.3740771124,701000000.0,0.1916871753,-218000000.0,461000000.0,0.1260596117,-27000000.0,488000000.0,0.1334427126,0.88,0.88,556000000,556000000,https://www.sec.gov/Archives/edgar/data/72903/000007290324000096/0000072903-24-000096-index.htm,https://www.sec.gov/Archives/edgar/data/72903/000007290324000096/xel-20240331.htm,6.577338129496403,0.8776978417266187,1.8884892086330936,-0.8758992805755396,1.0557553956834531,32.08812949640288,41.27517985611511,32.08812949640288,51.97122302158273,29623680000.0,57741680000.0,15.176065573770492,8.100541427399508,28.213028571428573,-60.82891170431211,1.660427106103918,1.660427106103918,15.789357396773312,42.20883040935672,54.99207619047619,-118.56607802874744,0.0164733078402143,-0.0164395510618532,1.604114119163724,0.4363650224898986,20.554093567251464,0.8616122840690978,2.5306859205776173,2.151639344262295,0.0094518979411065,0.5737704918032787,0.0,0.0,-0.0778836624228101,1.463809523809524,0.4202898550724637,2.247076023391813,0.0016406890894175,25.173057920936696,0.0120428511008523,0.0069030880002263,-81.55800359712231,-721000000.0,22949000000.0,-43255000000.0,48100000000.0,2083500000.0,1564500000.0,667000000.0,49.19606234618539,47.21364452423698,20.13285457809695,1.8294147073536768,1.9062286105407256,4.470304975922954,0.027352726865086,2.764388489208633,2024-04-25,0.78,bmo,4124231783.0,2025-04-25,2024-03-31,0.1282051282051281,57.102295081967206,5797234.131147541
2023-12-31,XEL,USD,72903,2024-02-21,2024-02-21 15:27:48,2023,Q4,3442000000.0,2626000000.0,816000000.0,0.2370714701,0,0.0,0.0,52000000.0,-168000000.0,168000000.0,2794000000.0,0.0,265000000.0,659000000.0,1314000000.0,0.3817547937,648000000.0,0.188262638,-211000000.0,364000000.0,0.1057524695,-45000000.0,409000000.0,0.1188262638,0.74,0.74,554000000,554000000,https://www.sec.gov/Archives/edgar/data/72903/000007290324000034/0000072903-24-000034-index.htm,https://www.sec.gov/Archives/edgar/data/72903/000007290324000034/xel-20231231.htm,6.212996389891697,0.7382671480144405,1.7581227436823104,-1.1552346570397112,0.4205776173285198,31.79783393501805,35.42779783393502,31.79783393501805,47.86101083032491,34298140000.0,60419140000.0,20.96463325183374,9.964596165020335,35.21369609856263,-53.59084375,1.9469879654859217,1.9469879654859217,17.553497966298664,45.981080669710806,62.031971252566734,-94.40490625,0.0119248449041259,-0.0186599040064563,1.4901226158038148,0.4096505875559856,19.878995433789957,0.7199221514508138,2.4452830188679244,2.381418092909536,0.0081053958028044,0.6797066014669927,0.0,0.0,-0.0313831364409556,1.6570841889117045,0.4689134224288204,2.517940717628705,0.0023242300987797,22.98247514684739,0.0122509361820855,0.0061885307913451,-79.87093862815884,-1583000000.0,19627000000.0,-42394000000.0,49265000000.0,2059500000.0,1556500000.0,699500000.0,56.68797210923881,57.16679360243717,24.36785986290937,1.5876383763837638,1.5743405275779376,3.6933895921237694,0.0232175295186194,2.9133574007220218,2024-01-25,0.85,bmo,4005260000.0,2025-04-25,2023-12-31,0.0235294117647059,59.99730158730159,4071937.714285714
2023-09-30,XEL,USD,72903,2023-10-27,2023-10-27 15:40:17,2023,Q3,3662000000.0,1851000000.0,1811000000.0,0.4945385035,0,0.0,0.0,56000000.0,3000000.0,862000000.0,2713000000.0,269000000.0,247000000.0,653000000.0,1607000000.0,0.4388312398,915000000.0,0.2498634626,-219000000.0,696000000.0,0.1900600765,40000000.0,656000000.0,0.1791370836,1.19,1.19,552000000,552000000,https://www.sec.gov/Archives/edgar/data/72903/000007290323000161/0000072903-23-000161-index.htm,https://www.sec.gov/Archives/edgar/data/72903/000007290323000161/xel-20230930.htm,6.634057971014493,1.1884057971014492,3.438405797101449,0.4655797101449275,1.3405797101449275,31.356884057971016,34.75,31.356884057971016,49.58152173913044,31585440000.0,58113440000.0,12.037134146341463,8.625188421627525,16.641433087460484,122.90054474708172,1.8247986596568253,1.8247986596568253,15.869317312943746,36.16268823895457,30.618250790305584,226.1223346303502,0.0207690632139365,0.0081366604359477,1.5669304985845514,0.4313981231111818,16.507778469197262,0.8677311255667258,3.704453441295547,2.893292682926829,0.0088015237400523,0.423780487804878,0.0,0.0,-0.0297916335295053,0.8645943097997892,0.4481157837247406,2.5130168453292496,0.0013653741125068,28.956101478866977,0.01454078221385,0.0101323695225738,-77.92346014492753,-671000000.0,19182000000.0,-41159000000.0,49183000000.0,1901500000.0,1376000000.0,656500000.0,47.949208083014746,70.25931928687196,33.45218800648298,1.876986160943106,1.280968858131488,2.690406976744186,0.0378993587151193,2.972826086956522,2023-10-27,1.27,bmo,3995670000.0,2025-04-25,2023-09-30,-0.031496062992126,60.1063492063492,4270745.206349206
2023-06-30,XEL,USD,72903,2023-07-27,2023-07-27 16:01:05,2023,Q2,3022000000.0,1839000000.0,1183000000.0,0.3914626075,0,0.0,0.0,56000000.0,11000000.0,765000000.0,2604000000.0,268000000.0,256000000.0,595000000.0,1018000000.0,0.3368630046,418000000.0,0.138318994,-218000000.0,200000000.0,0.0661813369,-88000000.0,288000000.0,0.0953011251,0.52,0.52,551000000,552000000,https://www.sec.gov/Archives/edgar/data/72903/000007290323000113/0000072903-23-000113-index.htm,https://www.sec.gov/Archives/edgar/data/72903/000007290323000113/xel-20230630.htm,5.484573502722324,0.5226860254083484,1.6660617059891107,-0.7549909255898367,0.9219600725952812,30.696914700544465,34.22686025408348,30.696914700544465,49.1070780399274,34255670000.0,60782670000.0,29.735824652777783,11.33543017868961,37.31554466230937,-82.34536057692307,2.025284971029916,2.025284971029916,20.11339179351423,59.707927308447935,66.21205882352942,-146.1121875,0.0084073673059087,-0.0121439749974237,1.5846044696700958,0.4346881183301437,26.057956777996072,0.803096922194609,1.6328125,3.1875,0.0080862525824192,0.9618055555555556,0.0,0.0,-0.0315449738882221,1.4531590413943356,0.4414295168762409,2.242016806722689,0.000992720052945,19.00023914547789,0.0103337453646477,0.0045280882977218,-77.19509981851179,-1030000000.0,18859000000.0,-40543000000.0,47832000000.0,1964500000.0,1322500000.0,602500000.0,55.15552614162807,63.964110929853184,30.587275693311582,1.6317494600431963,1.4070390206579957,2.9424,0.0170273146505853,2.421052631578948,2023-07-27,0.57,bmo,3382340000.0,2025-04-25,2023-06-30,-0.0877192982456139,66.76112903225805,3102965.629032258
2023-03-31,XEL,USD,72903,2023-04-27,2023-04-27 15:54:12,2023,Q1,4080000000.0,2623000000.0,1457000000.0,0.3571078431,0,0.0,0.0,55000000.0,884000000.0,884000000.0,3507000000.0,253000000.0,243000000.0,660000000.0,1238000000.0,0.3034313725,573000000.0,0.1404411765,-208000000.0,365000000.0,0.0894607843,-53000000.0,418000000.0,0.1024509804,0.76,0.76,551000000,551000000,https://www.sec.gov/Archives/edgar/data/72903/000007290323000026/0000072903-23-000026-index.htm,https://www.sec.gov/Archives/edgar/data/72903/000007290323000026/xel-20230331.htm,7.404718693284936,0.7586206896551724,2.789473684210526,0.4936479128856624,0.3829401088929219,30.522686025408348,30.522686025408348,30.522686025408348,47.704174228675136,37159440000.0,63087440000.0,22.224545454545456,9.107705882352942,24.176603773584908,136.61558823529413,2.209504102747057,2.209504102747057,15.462607843137254,50.959159935379645,41.04582953806115,231.9391176470588,0.0112488239865832,0.0073198089099297,1.5484599833511714,0.4273033062597424,20.94345718901454,0.751280692457163,2.3580246913580245,3.677033492822966,0.0069699651017345,0.6196172248803827,0.0,0.0,0.0,0.8230318802862719,0.3100490196078431,1.9166666666666667,0.0022058823529411,22.825220158002427,0.0114146037386241,0.0068586430388054,-76.3489110707804,-1408000000.0,16818000000.0,-39874000000.0,48682000000.0,2277500000.0,1571000000.0,691500000.0,45.81617647058823,45.909264201296224,19.900876858558902,1.9643716899374093,1.960388639760837,4.522413793103448,0.0248543227494351,2.295825771324864,2023-04-27,0.74,bmo,3764340000.0,2025-04-25,2023-03-31,0.027027027027027,67.48225806451612,2959051.1612903224
2022-12-31,XEL,USD,72903,2023-02-23,2023-02-23 14:54:01,2022,Q4,4053000000.0,2685000000.0,1368000000.0,0.3375277572,0,0.0,0.0,51000000.0,843000000.0,843000000.0,3528000000.0,248000000.0,231000000.0,642000000.0,1175000000.0,0.2899087096,525000000.0,0.1295336788,-201000000.0,324000000.0,0.0799407846,-55000000.0,379000000.0,0.0935109795,0.69,0.69,549000000,549000000,https://www.sec.gov/Archives/edgar/data/72903/000007290323000007/0000072903-23-000007-index.htm,https://www.sec.gov/Archives/edgar/data/72903/000007290323000007/xel-20221231.htm,7.382513661202186,0.6903460837887068,1.3934426229508197,-0.9981785063752276,0.7103825136612022,30.373406193078324,35.82331511839708,30.373406193078324,47.83788706739527,38490390000.0,64411390000.0,25.38943931398417,9.496765358993338,50.31423529411765,-70.23793795620438,2.308269265367316,2.308269265367316,15.89227485812978,54.81820425531915,84.1978954248366,-117.53903284671532,0.0098466136612281,-0.0142373200167626,1.5611394302848576,0.4254428973001242,22.06042553191489,0.8463310299440605,2.272727272727273,2.0184696569920844,0.0067029718327094,0.6807387862796834,0.0,0.0,-0.0488984768255213,1.7163398692810456,0.3239575622995312,2.045171339563863,0.000246730816679,21.72058114729193,0.0107193166530584,0.0059052664381427,-76.25318761384335,-934000000.0,19667000000.0,-39369000000.0,45531000000.0,2233500000.0,1695000000.0,836500000.0,55.02590673575129,60.46927374301677,26.91620111731844,1.6355932203389831,1.4883592017738358,3.343711083437111,0.0227286356821589,2.391621129326047,2023-01-26,0.68,bmo,3052617861.0,2025-04-25,2022-12-31,0.014705882352941,66.53301587301587,3339100.333333333
2022-09-30,XEL,USD,72903,2022-10-27,2022-10-27 15:03:22,2022,Q3,4082000000.0,2292000000.0,1790000000.0,0.4385105341,0,0.0,0.0,52000000.0,866000000.0,866000000.0,3158000000.0,244000000.0,237000000.0,641000000.0,1572000000.0,0.3851053405,924000000.0,0.2263596276,-231000000.0,693000000.0,0.1697697207,44000000.0,649000000.0,0.1589906908,1.18,1.18,548000000,548000000,https://www.sec.gov/Archives/edgar/data/72903/000007290322000063/0000072903-22-000063-index.htm,https://www.sec.gov/Archives/edgar/data/72903/000007290322000063/xel-20220930.htm,7.4489051094890515,1.1843065693430657,2.1514598540145986,-0.1934306569343065,1.0456204379562044,29.8978102189781,29.8978102189781,29.8978102189781,46.6478102189781,35072000000.0,60281000000.0,13.510015408320491,8.59186673199412,29.74724342663274,-330.8679245283019,2.140625,2.140625,14.76751592356688,38.346692111959285,51.128922815945714,-568.688679245283,0.0185047901459854,-0.0030223540145985,1.5457763671875,0.4222759483117966,16.036259541984734,1.0381399143381602,3.8987341772151898,1.816640986132512,0.0073277828467153,0.3959938366718027,0.0,0.0,0.0,1.0899067005937235,0.314796668299853,2.004680187207488,0.0012248897599216,28.225589341135645,0.0154270365352159,0.0108211754897874,-74.98403284671532,187000000.0,16384000000.0,-38501000000.0,48629000000.0,1932500000.0,1588000000.0,757500000.0,43.85350318471338,62.27748691099476,34.16230366492147,2.052287581699346,1.4451450189155106,2.6344827586206896,0.03961181640625,2.3448905109489053,2022-10-27,1.22,bmo,3838577071.0,2025-04-25,2022-09-30,-0.0327868852459016,72.79796875,2682947.046875
2022-06-30,XEL,USD,72903,2022-07-28,2022-07-28 12:18:41,2022,Q2,3424000000.0,2057000000.0,1367000000.0,0.3992406542,0,0.0,0.0,51000000.0,-6000000.0,898000000.0,2955000000.0,0.0,240000000.0,674000000.0,1152000000.0,0.3364485981,469000000.0,0.1369742991,-215000000.0,254000000.0,0.074182243,-74000000.0,328000000.0,0.0957943925,0.6,0.6,546000000,546000000,https://www.sec.gov/Archives/edgar/data/72903/000007290322000053/0000072903-22-000053-index.htm,https://www.sec.gov/Archives/edgar/data/72903/000007290322000053/xel-20220630.htm,6.271062271062271,0.6007326007326007,1.5531135531135531,-0.4578754578754578,0.7875457875457875,29.250915750915752,37.87362637362637,29.250915750915752,46.68315018315018,38634960000.0,63548960000.0,29.44737804878049,11.28357476635514,45.56009433962264,-154.53984,2.4190695635839963,2.4190695635839963,18.559859813084117,55.164027777777775,74.93981132075471,-254.19584,0.0084897201912464,-0.0064708233164988,1.580927931876526,0.4256621204713657,21.62673611111111,0.9952723535457348,1.9541666666666664,2.5853658536585367,0.0066520063693608,0.7835365853658537,0.0,0.0,-0.0793701636967479,1.294811320754717,0.3206775700934579,1.629080118694362,0.0029205607476635,19.883901040522726,0.0109224295348083,0.0051229988285825,-75.43315018315019,-23000000.0,20679000000.0,-38504000000.0,43006000000.0,1891000000.0,1423500000.0,575000000.0,49.31074766355139,69.56733106465727,28.22070977151191,1.8251599147121536,1.2937106918238994,3.189147286821705,0.0205372237179888,2.010989010989011,2022-07-28,0.6,bmo,3099046276.0,2025-04-25,2022-06-30,0.0,72.75322580645161,3357696.1612903224
2022-03-31,XEL,USD,72903,2022-04-28,2022-04-28 13:43:48,2022,Q1,3751000000.0,2416000000.0,1335000000.0,0.355905092,0,0.0,0.0,55000000.0,825000000.0,825000000.0,3241000000.0,0.0,209000000.0,597000000.0,1115000000.0,0.2972540656,510000000.0,0.135963743,-180000000.0,330000000.0,0.0879765396,-50000000.0,380000000.0,0.1013063183,0.7,0.7,545000000,545000000,https://www.sec.gov/Archives/edgar/data/72903/000007290322000027/0000072903-22-000027-index.htm,https://www.sec.gov/Archives/edgar/data/72903/000007290322000027/xel-20220331.htm,6.8825688073394495,0.6972477064220184,2.091743119266055,0.363302752293578,0.3944954128440367,28.86605504587156,37.71376146788991,28.86605504587156,45.66422018348624,39332650000.0,63920650000.0,25.87674342105263,10.485910423886963,34.50232456140351,198.64974747474747,2.500168446478515,2.500168446478515,17.040962410023994,57.32793721973094,56.07074561403509,322.83156565656566,0.0096611847917696,0.0050339857599221,1.568649885583524,0.4255928257307924,22.05201793721973,0.7514947683109118,2.4401913875598087,3.0,0.0061018009211176,0.631578947368421,0.0,0.0,-0.0831594377856342,0.8263157894736842,0.2511330311916822,1.5778894472361809,0.0010663822980538,21.28033811219121,0.0107395850131252,0.0060502810196315,-74.04770642201835,-1330000000.0,20554000000.0,-38231000000.0,40924000000.0,1893000000.0,1333000000.0,568000000.0,45.73180485203946,46.825331125827816,18.812086092715237,1.9679958027282267,1.9220365950676213,4.784158415841584,0.0241545893719806,1.728440366972477,2022-04-28,0.68,bmo,3420245347.0,2025-04-25,2022-03-31,0.0294117647058822,68.71387096774194,3499155.435483871
2021-12-31,XEL,USD,72903,2022-02-23,2022-02-23 15:38:07,2021,Q4,3355000000.0,2147000000.0,1208000000.0,0.3600596125,0,0.0,0.0,80000000.0,775000000.0,775000000.0,2922000000.0,0.0,206000000.0,574000000.0,1008000000.0,0.3004470939,433000000.0,0.1290611028,-171000000.0,262000000.0,0.0780923994,-53000000.0,315000000.0,0.0938897168,0.58,0.58,541000000,542000000,https://www.sec.gov/Archives/edgar/data/72903/000007290322000010/0000072903-22-000010-index.htm,https://www.sec.gov/Archives/edgar/data/72903/000007290322000010/xel-20211231.htm,6.201478743068392,0.5822550831792976,1.1275415896487986,-1.11275415896488,0.5341959334565619,28.857670979667283,34.06284658040666,28.857670979667283,46.10351201478744,36625700000.0,61195700000.0,29.068015873015877,10.916751117734725,60.042131147540985,-60.84003322259136,2.3459966692287986,2.3459966692287986,18.24014903129657,60.71001984126984,100.32081967213117,-101.65398671096344,0.0086005182153515,-0.0164365459226717,1.5844222393031002,0.427581199979257,24.375,0.8400713436385255,2.101941747572816,1.9365079365079363,0.0064708660858359,0.7523809523809524,0.0,0.0,-0.0486767730894885,1.9868852459016395,0.3612518628912071,2.111498257839721,0.0032786885245901,19.44368345695092,0.0095318515280034,0.0051922791633013,-74.35212569316081,-807000000.0,18428000000.0,-38000000000.0,43125000000.0,1779000000.0,1364000000.0,609000000.0,50.43219076005961,59.06380996739637,26.450861667442943,1.7845744680851063,1.5237757274662882,3.4025356576862125,0.0201767870868562,2.2402957486136783,2022-01-27,0.58,bmo,3446410000.0,2025-04-25,2021-12-31,0.0,65.18953125,3412813.71875
2021-09-30,XEL,USD,72903,2021-10-28,2021-10-28 15:14:45,2021,Q3,3467000000.0,1875000000.0,1592000000.0,0.4591866167,0,0.0,0.0,56000000.0,-3000000.0,767000000.0,2642000000.0,0.0,204000000.0,584000000.0,1409000000.0,0.4064032305,825000000.0,0.2379578887,-173000000.0,652000000.0,0.1880588405,43000000.0,609000000.0,0.1756561869,1.13,1.13,539000000,539000000,https://www.sec.gov/Archives/edgar/data/72903/000007290321000084/0000072903-21-000084-index.htm,https://www.sec.gov/Archives/edgar/data/72903/000007290321000084/xel-20210930.htm,6.432282003710575,1.12987012987013,2.02226345083488,0.046382189239332,1.5936920222634507,28.14656771799629,31.3747680890538,28.14656771799629,46.30055658627087,33687500000.0,57808500000.0,13.829022988505749,9.716613787135852,30.905963302752298,1347.5,2.2205194120361216,2.2205194120361216,16.673925584078454,41.02803406671398,53.03532110091743,2312.34,0.018077922077922,0.0007421150278293,1.6315338474721508,0.4303423335709442,17.119233498935415,0.7784524635669674,4.044117647058823,1.7898193760262726,0.007064935064935,0.3908045977011494,0.0,0.0,-0.030251925517673,0.9770642201834864,0.3071820017306028,1.8236301369863013,-0.0002884338044418,26.74965864765277,0.0141811680523665,0.0102772668207975,-74.0909090909091,-1277000000.0,16911000000.0,-37859000000.0,43055000000.0,1662500000.0,1296000000.0,543500000.0,43.55927314681281,63.312000000000005,28.176,2.066150178784267,1.4215314632297196,3.1942078364565587,0.0401423769033023,1.9758812615955472,2021-10-28,1.18,bmo,3455640000.0,2025-04-25,2021-09-30,-0.0423728813559322,67.55921875,2593675.671875
2021-06-30,XEL,USD,72903,2021-07-29,2021-07-29 14:09:35,2021,Q2,3068000000.0,1874000000.0,1194000000.0,0.389178618,0,0.0,0.0,55000000.0,3000000.0,756000000.0,2630000000.0,0.0,199000000.0,552000000.0,991000000.0,0.323011734,438000000.0,0.1427640156,-165000000.0,273000000.0,0.0889830508,-38000000.0,311000000.0,0.10136897,0.58,0.58,539000000,539000000,https://www.sec.gov/Archives/edgar/data/72903/000007290321000064/0000072903-21-000064-index.htm,https://www.sec.gov/Archives/edgar/data/72903/000007290321000064/xel-20210630.htm,5.692022263450835,0.5769944341372912,1.1595547309833023,-0.5899814471243042,1.2727272727272727,27.44341372912801,30.20779220779221,27.44341372912801,46.191094619666046,35509320000.0,59669320000.0,28.544469453376205,11.574093872229463,56.814912,-111.6645283018868,2.4005759870200105,2.4005759870200105,19.448930899608865,60.2112209889001,95.470912,-187.6393710691824,0.0087582640275848,-0.0089553953722571,1.6696863169280691,0.4349847654942849,24.37941473259334,0.8377777777777777,2.201005025125628,2.009646302250804,0.0066743040981916,0.7620578778135049,0.0,0.0,-0.0262420965497807,1.5088,0.3073663624511082,1.7083333333333333,0.0039113428943937,18.875398855315886,0.0092718950658186,0.0053373148672536,-73.86966604823748,-803000000.0,16282000000.0,-37840000000.0,43238000000.0,1598500000.0,1243000000.0,484500000.0,48.3148631029987,61.13660618996798,24.012806830309497,1.8627808136004853,1.4721131186174392,3.748,0.0210248783126014,1.7495361781076066,2021-07-29,0.56,bmo,2693950000.0,2025-04-25,2021-06-30,0.0357142857142855,69.60968253968254,2741779.095238095
2021-03-31,XEL,USD,72903,2021-04-29,2021-04-29 13:59:36,2021,Q1,3541000000.0,2277000000.0,1264000000.0,0.3569613104,0,0.0,0.0,58000000.0,5000000.0,757000000.0,3034000000.0,0.0,193000000.0,547000000.0,1054000000.0,0.2976560294,507000000.0,0.1431798927,-167000000.0,340000000.0,0.096018074,-22000000.0,362000000.0,0.1022310082,0.67,0.67,538000000,539000000,https://www.sec.gov/Archives/edgar/data/72903/000007290321000030/0000072903-21-000030-index.htm,https://www.sec.gov/Archives/edgar/data/72903/000007290321000030/xel-20210331.htm,6.5817843866171,0.6728624535315985,-0.2527881040892193,-2.1561338289962824,1.9776951672862453,27.323420074349443,29.46840148698885,27.323420074349443,45.85315985130112,35782380000.0,59219380000.0,24.71158839779006,10.105162383507484,-263.10573529411766,-30.84687931034483,2.434175510204082,2.434175510204082,16.72391414854561,56.18537001897533,-435.4366176470588,-51.051189655172415,0.0101167110739978,-0.0324181901818716,1.6650340136054422,0.4331192157279114,22.236242884250476,0.8847652245232726,2.626943005181347,-0.3756906077348066,0.006232117595308,0.6160220994475138,0.0,0.0,-0.0204208030294986,-7.529411764705882,0.2891838463710816,1.8720292504570384,0.0025416548997458,20.338641254451566,0.0101176294182696,0.0062776380820254,-73.14126394052045,-562000000.0,15854000000.0,-37496000000.0,43306000000.0,1590000000.0,1225000000.0,502000000.0,39.39565094606043,47.94466403162056,18.537549407114625,2.284516129032258,1.877164056059357,4.855010660980811,0.024625850340136,1.903345724907063,2021-04-29,0.61,bmo,3192704918.0,2025-04-25,2021-03-31,0.098360655737705,63.21098360655738,3043738.8524590163
2020-12-31,XEL,USD,72903,2021-02-17,2021-02-17 15:16:41,2020,Q4,2947000000.0,1790000000.0,1157000000.0,0.3926026468,0,0.0,0.0,96000000.0,731000000.0,731000000.0,2521000000.0,0.0,203000000.0,529000000.0,952000000.0,0.32304038,426000000.0,0.1445537835,-168000000.0,258000000.0,0.0875466576,-30000000.0,288000000.0,0.0977265015,0.54,0.54,530000000,532000000,https://www.sec.gov/Archives/edgar/data/72903/000007290321000012/0000072903-21-000012-index.htm,https://www.sec.gov/Archives/edgar/data/72903/000007290321000012/xel-20201231.htm,5.560377358490566,0.5433962264150943,1.271698113207547,-1.9132075471698111,0.2773584905660377,27.5,27.5,27.5,42.28490566037736,35335100000.0,57414100000.0,30.67282986111111,11.990193417034272,52.4259643916914,-34.84723865877712,2.4243636363636365,2.4243636363636365,19.48221920597217,60.308928571428574,85.18412462908012,-56.62140039447732,0.0081505358694329,-0.0286966783736284,1.523704974271012,0.4115870044665196,23.192226890756302,0.7725878744987025,2.0985221674876846,2.3402777777777777,0.0061695028456124,0.7569444444444444,0.0,0.0,0.0,2.5044510385756675,0.5727858839497795,3.1909262759924384,0.004411265693926,18.336477717771743,0.009335745798161,0.0053375836314101,-71.21698113207547,-964000000.0,14575000000.0,-36107000000.0,43476000000.0,1557500000.0,1419500000.0,523500000.0,49.779436715303696,62.19553072625698,26.89944134078213,1.8079754601226992,1.4470493128536783,3.3457943925233646,0.0197598627787307,3.1849056603773587,2021-01-28,0.54,bmo,3000581818.0,2025-04-25,2020-12-31,0.0,69.68578125,2446350.78125
2020-09-30,XEL,USD,72903,2020-10-29,2020-10-29 13:51:03,2020,Q3,3182000000.0,1625000000.0,1557000000.0,0.4893148963,0,0.0,0.0,58000000.0,1000000.0,744000000.0,2369000000.0,0.0,210000000.0,546000000.0,1357000000.0,0.4264613451,813000000.0,0.2554996857,-167000000.0,646000000.0,0.2030169705,43000000.0,603000000.0,0.1895034569,1.15,1.14,526000000,528000000,https://www.sec.gov/Archives/edgar/data/72903/000007290320000066/0000072903-20-000066-index.htm,https://www.sec.gov/Archives/edgar/data/72903/000007290320000066/xel-20200930.htm,6.0494296577946765,1.1463878326996195,1.950570342205323,-0.1634980988593156,1.7186311787072244,26.19201520912548,29.51330798479087,26.19201520912548,43.106463878327,36299260000.0,57878260000.0,15.049444444444443,11.407686989314897,35.379395711500976,-422.0844186046512,2.634772446831676,2.634772446831676,18.189270898805784,42.65162859248342,56.41155945419104,-673.0030232558139,0.0166119088929085,-0.0023691943031345,1.6305436597227263,0.4182617114768749,15.90198968312454,0.8734350102435693,3.871428571428571,1.7014925373134329,0.0059780832997697,0.3598673300165838,0.0,0.0,-0.0325277426081775,1.0838206627680311,0.349465744814582,2.0366300366300365,0.0059710873664362,25.992107838083445,0.0150500535643501,0.0108736813632675,-71.59173003802282,-556000000.0,15524000000.0,-36094000000.0,41458000000.0,1448500000.0,1395000000.0,499500000.0,42.00188560653677,88.72615384615385,28.35692307692308,2.142760942760942,1.0143570536828963,3.173828125,0.0437685998403135,2.114068441064638,2020-10-29,1.06,bmo,2958701754.0,2025-04-25,2020-09-30,0.0754716981132074,68.22625000000001,2331448.359375
2020-06-30,XEL,USD,72903,2020-07-31,2020-07-31 13:02:05,2020,Q2,2586000000.0,1477000000.0,1109000000.0,0.4288476411,0,0.0,0.0,45000000.0,5000000.0,687000000.0,2164000000.0,0.0,196000000.0,508000000.0,928000000.0,0.3588553751,422000000.0,0.1631863882,-148000000.0,274000000.0,0.1059551431,-13000000.0,287000000.0,0.1109822119,0.54,0.54,527000000,527000000,https://www.sec.gov/Archives/edgar/data/72903/000007290320000055/0000072903-20-000055-index.htm,https://www.sec.gov/Archives/edgar/data/72903/000007290320000055/xel-20200630.htm,4.907020872865275,0.5445920303605313,0.9089184060721064,-0.9165085388994308,3.117647058823529,25.39848197343453,28.35483870967742,25.39848197343453,44.485768500948765,32937500000.0,54560500000.0,28.691202090592338,12.736852281515857,68.76304801670146,-68.1935817805383,2.460776989166978,2.460776989166978,21.098414539829857,58.79364224137931,113.90501043841336,-112.9616977225673,0.0087134724857685,-0.0146641366223908,1.7368696301830406,0.434899730619575,23.30064655172414,0.802119495706194,2.153061224489796,1.6689895470383276,0.0065882352941176,0.7560975609756098,0.0,0.0,-0.0291454654295121,2.008350730688935,0.3720030935808198,1.8937007874015748,0.0058004640371229,17.641307901760896,0.008728193389219,0.0052168538917366,-70.44686907020873,-1083000000.0,14943000000.0,-35681000000.0,39712000000.0,1406000000.0,1092000000.0,487500000.0,49.141531322505806,72.38997968855789,29.67501692620176,1.8314447592067988,1.2432659932659933,3.0328542094455853,0.0214419125887187,1.825426944971537,2020-07-30,0.48,bmo,2298666666.0,2025-04-25,2020-06-30,0.1250000000000001,63.02111111111111,3224516.412698413
2020-03-31,XEL,USD,72903,2020-05-07,2020-05-07 14:34:55,2020,Q1,2811000000.0,1670000000.0,1141000000.0,0.4059053718,0,0.0,0.0,48000000.0,-11000000.0,686000000.0,2356000000.0,2000000.0,182000000.0,499000000.0,952000000.0,0.3386695126,455000000.0,0.1618641053,-166000000.0,289000000.0,0.1028103878,-6000000.0,295000000.0,0.1049448595,0.56,0.56,526000000,527000000,https://www.sec.gov/Archives/edgar/data/72903/000007290320000022/0000072903-20-000022-index.htm,https://www.sec.gov/Archives/edgar/data/72903/000007290320000022/xcel03312010-q.htm,5.344106463878327,0.5608365019011406,1.2718631178707225,-1.7832699619771863,0.5095057034220533,25.288973384030417,27.804182509505704,25.288973384030417,40.61787072243346,31717800000.0,52656800000.0,26.87949152542373,11.283457844183564,47.41076233183856,-33.81428571428572,2.384438430311232,2.384438430311232,18.73240839558876,55.311764705882354,78.70971599402093,-56.13731343283582,0.0093007711758066,-0.0295732995352767,1.592467298150654,0.4142725832632546,21.994747899159663,0.5108751498544272,2.5,2.2677966101694915,0.0064317197283544,0.6915254237288135,0.0,0.0,-0.0258737019146148,2.4020926756352767,0.5716826752045535,3.220440881763527,0.0092493774457488,17.863847172735216,0.0096150705279481,0.0056237608662498,-68.95247148288973,-2856000000.0,14625000000.0,-34848000000.0,37857000000.0,1475000000.0,1145000000.0,516000000.0,44.8239060832444,53.67664670658682,26.29940119760479,2.007857142857143,1.676706827309237,3.422131147540984,0.0221771162231243,3.055133079847909,2020-05-07,0.6,bmo,3011785714.0,2025-04-25,2020-03-31,-0.0666666666666665,65.17064516129032,4337647.306451613
2019-12-31,XEL,USD,72903,2020-02-21,2020-02-21 15:32:33,2019,Q4,2798000000.0,1688000000.0,1110000000.0,0.3967119371,0,0.0,0.0,231000000.0,2000000.0,660000000.0,2348000000.0,0.0,195000000.0,483000000.0,901000000.0,0.3220157255,450000000.0,0.1608291637,-151000000.0,299000000.0,0.1068620443,7000000.0,292000000.0,0.1043602573,0.56,0.56,525000000,526000000,https://www.sec.gov/Archives/edgar/data/72903/000007290320000011/0000072903-20-000011-index.htm,https://www.sec.gov/Archives/edgar/data/72903/000007290320000011/xcel1231201910-k.htm,5.32952380952381,0.5561904761904762,1.3447619047619048,-0.9542857142857144,0.5219047619047619,25.217142857142857,25.217142857142857,25.217142857142857,38.94857142857143,33332250000.0,53337250000.0,28.5378852739726,11.912884203002143,47.21281869688385,-66.5314371257485,2.517731701790165,2.517731701790165,19.062634024303076,59.19783573806881,75.54851274787535,-106.46157684630738,0.008760284709253,-0.0150304884908759,1.5297983231361885,0.4014628924833492,22.2031076581576,0.6814798598949212,2.3076923076923075,2.4178082191780823,0.0061201989064644,0.6986301369863014,0.0,0.0,0.0,1.7096317280453257,0.4313795568263045,2.4989648033126293,0.0039313795568263,17.764417542161212,0.0092770868874025,0.0057881382810022,-67.62,-1455000000.0,13239000000.0,-34096000000.0,39700000000.0,1497000000.0,1276000000.0,544000000.0,49.85704074338813,68.99289099526067,29.00473933649289,1.8051612903225809,1.304482225656878,3.1029411764705883,0.022056046529194,2.2990476190476192,2020-01-30,0.54,bmo,2698071428.0,2025-04-25,2019-12-31,0.037037037037037,62.56078125,3051496.75
2019-09-30,XEL,USD,72903,2019-10-25,2019-10-25 12:25:36,2019,Q3,3013000000.0,1596000000.0,1417000000.0,0.4702953867,0,0.0,0.0,5000000.0,8000000.0,659000000.0,2255000000.0,0.0,186000000.0,482000000.0,1235000000.0,0.4098904746,758000000.0,0.2515765018,-159000000.0,599000000.0,0.1988051776,72000000.0,527000000.0,0.1749087288,1.02,1.01,519000000,521000000,https://www.sec.gov/Archives/edgar/data/72903/000007290319000074/0000072903-19-000074-index.htm,https://www.sec.gov/Archives/edgar/data/72903/000007290319000074/xcel09301910-q.htm,5.805394990366088,1.0154142581888246,2.3564547206165702,-0.2042389210019267,1.7109826589595376,25.319845857418112,27.795761078998076,25.319845857418112,39.285163776493256,33677910000.0,53016910000.0,15.97623814041746,11.177534019249917,27.53713000817661,-317.7161320754717,2.562811810364508,2.562811810364508,17.596053767009625,42.92867206477733,43.34988552739166,-500.1595283018868,0.0156482394542891,-0.0031474637232536,1.5374020241990716,0.4021297770700637,15.65910931174089,0.716988647679745,4.075268817204301,2.3206831119544598,0.0059386107985917,0.3795066413662239,0.0,0.0,-0.025577229299363,1.0866721177432543,0.4410886159973448,2.7572614107883817,0.0039827414537006,24.051569204985896,0.0141876001895866,0.0102280446385249,-67.15992292870905,-1421000000.0,14426000000.0,-33499000000.0,37715000000.0,1410000000.0,1157500000.0,513500000.0,43.13308994357783,70.93984962406016,30.67669172932331,2.0865650969529086,1.2686804451510334,2.9338235294117645,0.0401034928848641,2.560693641618497,2019-10-24,1.03,bmo,3072663366.0,2025-04-25,2019-09-30,-0.0194174757281553,62.31140625,3292796.8125
2019-06-30,XEL,USD,72903,2019-08-01,2019-08-01 16:33:06,2019,Q2,2577000000.0,1521000000.0,1056000000.0,0.4097788126,0,0.0,0.0,5000000.0,2000000.0,646000000.0,2167000000.0,0.0,189000000.0,470000000.0,875000000.0,0.3395421032,410000000.0,0.1590997284,-148000000.0,262000000.0,0.1016686069,24000000.0,238000000.0,0.0923554521,0.46,0.46,516000000,518000000,https://www.sec.gov/Archives/edgar/data/72903/000007290319000047/0000072903-19-000047-index.htm,https://www.sec.gov/Archives/edgar/data/72903/000007290319000047/xcel06301910-q.htm,4.994186046511628,0.4612403100775193,1.0484496124031009,-0.5891472868217055,0.7713178294573644,23.96511627906977,26.19573643410853,23.96511627906977,38.72480620155039,30665880000.0,50105880000.0,32.21205882352941,11.899837019790452,56.683696857670974,-100.87460526315787,2.479854439592431,2.479854439592431,19.4434924330617,57.26386285714285,92.61715341959336,-164.82197368421052,0.0077610686535002,-0.0099132977758994,1.6005984150088954,0.4073974971183929,22.217142857142857,0.5808300395256917,2.1693121693121693,2.273109243697479,0.0065219064315128,0.8403361344537815,0.0,0.0,-0.0236909270541742,1.5619223659889094,0.3279006596818005,1.797872340425532,0.006208769887466,15.770470742214508,0.0081543711540833,0.0047853624208304,-66.95058139534883,-2121000000.0,13517000000.0,-33279000000.0,36142000000.0,1506000000.0,1105500000.0,464000000.0,48.0558789289872,62.54437869822485,28.579881656804737,1.8728197674418603,1.4389782403027436,3.1490683229813663,0.0192463205563642,1.6375968992248062,2019-08-01,0.51,bmo,2857108695.0,2025-04-25,2019-06-30,-0.0980392156862744,57.49206349206349,2961659.6666666665
2019-03-31,XEL,USD,72903,2019-04-26,2019-04-26 16:27:38,2019,Q1,3141000000.0,2000000000.0,1141000000.0,0.3632601082,0,0.0,0.0,5000000.0,4000000.0,655000000.0,2655000000.0,1000000.0,173000000.0,469000000.0,950000000.0,0.3024514486,486000000.0,0.1547277937,-146000000.0,340000000.0,0.1082457816,25000000.0,315000000.0,0.100286533,0.61,0.61,515000000,516000000,https://www.sec.gov/Archives/edgar/data/72903/000007290319000019/0000072903-19-000019-index.htm,https://www.sec.gov/Archives/edgar/data/72903/000007290319000019/xcel03311910-q.htm,6.099029126213592,0.6116504854368932,1.5398058252427185,-0.0990291262135922,0.2699029126213592,23.93980582524272,25.97864077669903,23.93980582524272,37.03689320388349,28618550000.0,47425550000.0,22.71313492063492,9.111286214581344,36.08896595208071,-561.1480392156863,2.3212385432719604,2.3212385432719604,15.098869786692136,49.92163157894737,59.80523329129886,-929.9127450980392,0.011006846957655,-0.0017820609360013,1.5330521534593236,0.395005224660397,19.79684210526316,0.6575497287522604,2.8092485549132946,2.5174603174603174,0.0065342234320047,0.5936507936507937,0.0,0.0,-0.0219435736677116,1.064312736443884,0.2687042343202802,1.799573560767591,0.006049028971665,18.15111185908952,0.0100775448944125,0.006441717791411,-65.8883495145631,-1515000000.0,13379000000.0,-32612000000.0,36168000000.0,1625500000.0,1195500000.0,496500000.0,46.87679083094556,51.92999999999999,20.025,1.9199266503667485,1.733102253032929,4.49438202247191,0.0255495173980047,1.6388349514563108,2019-04-25,0.62,bmo,3192491803.0,2025-04-25,2019-03-31,-0.0161290322580645,53.191803278688525,3562605.5409836066
2018-12-31,XEL,USD,72903,2019-02-22,2019-02-22 13:40:24,2018,Q4,2880000000.0,1886000000.0,994000000.0,0.3451388889,0,2000000.0,0.0,-2000000.0,-7000000.0,655000000.0,2541000000.0,0.0,177000000.0,442000000.0,837000000.0,0.290625,339000000.0,0.1177083333,-130000000.0,209000000.0,0.0725694444,-6000000.0,214000000.0,0.0743055556,0.42,0.42,515000000,515000000,https://www.sec.gov/Archives/edgar/data/72903/000007290319000010/0000072903-19-000010-index.htm,https://www.sec.gov/Archives/edgar/data/72903/000007290319000010/xcel1231201810-k.htm,5.592233009708738,0.4155339805825243,1.221359223300971,-1.1029126213592233,0.3902912621359223,23.732038834951457,23.732038834951457,23.732038834951457,33.83300970873786,25374050000.0,42474050000.0,29.642581775700936,8.810434027777777,40.34030206677266,-44.67262323943662,2.0760963835706105,2.0760963835706105,14.747934027777776,50.74557945041816,67.52631160572336,-74.77825704225351,0.0084338132856205,-0.0223850745151049,1.4111438389788906,0.3750407723921978,20.43010752688172,0.6937219730941704,1.915254237288136,2.939252336448598,0.0073303236968477,0.8691588785046729,0.0006944444444444,0.0,0.0,1.90302066772655,0.415625,2.514705882352941,0.0069444444444444,14.895739078662553,0.0081155211053098,0.0046534890295083,-62.28883495145631,-1366000000.0,12222000000.0,-30671000000.0,35578000000.0,1560500000.0,1213000000.0,538000000.0,50.46875,59.02969247083775,26.150583244962885,1.78328173374613,1.524656426839127,3.4416058394160585,0.0175094092619865,2.324271844660194,2019-01-31,0.42,bmo,2880000000.0,2025-04-25,2018-12-31,0.0,50.14952380952381,4648130.095238095
2018-09-30,XEL,USD,72903,2018-10-26,2018-10-26 16:31:58,2018,Q3,3048000000.0,1700000000.0,1348000000.0,0.4422572178,0,0.0,0.0,11000000.0,-7000000.0,652000000.0,2352000000.0,4000000.0,164000000.0,440000000.0,1159000000.0,0.3802493438,696000000.0,0.2283464567,-132000000.0,564000000.0,0.1850393701,73000000.0,491000000.0,0.1610892388,0.96,0.96,510000000,511000000,https://www.sec.gov/Archives/edgar/data/72903/000007290318000056/0000072903-18-000056-index.htm,https://www.sec.gov/Archives/edgar/data/72903/000007290318000056/xcel09301810-q.htm,5.976470588235294,0.9627450980392156,2.070588235294118,0.3901960784313725,0.4705882352941176,23.852941176470587,25.63921568627451,23.852941176470587,32.6764705882353,24031200000.0,40319200000.0,12.235845213849286,7.884251968503937,22.75681818181818,120.75979899497489,1.9754377311960545,1.9754377311960545,13.228083989501313,34.7879206212252,38.181060606060605,202.60904522613063,0.0204317720296947,0.0082809014947235,1.356432387998356,0.368038362886138,14.053494391716995,0.7824387701928087,4.243902439024391,2.15071283095723,0.0076983255101701,0.3767820773930753,0.0,0.0,-0.0203189472510315,0.8115530303030303,0.2811679790026247,1.8080168776371308,0.0049212598425196,22.730965648382792,0.0144299807958328,0.0107331788571678,-60.85588235294118,-835000000.0,13076000000.0,-29667000000.0,34133000000.0,1481000000.0,1140500000.0,519500000.0,44.468503937007874,62.94705882352942,27.95294117647059,2.0239043824701195,1.4297729184188397,3.2196969696969697,0.0403616933826551,1.6803921568627451,2018-10-25,0.98,bmo,3111500000.0,2025-04-25,2018-09-30,-0.0204081632653061,47.21079365079365,3202693.396825397
2018-06-30,XEL,USD,72903,2018-07-27,2018-07-27 15:15:19,2018,Q2,2658000000.0,1625000000.0,1033000000.0,0.3886380737,0,2000000.0,0.0,2000000.0,-2000000.0,583000000.0,2208000000.0,3000000.0,158000000.0,377000000.0,858000000.0,0.3227990971,450000000.0,0.1693002257,-131000000.0,319000000.0,0.1200150489,54000000.0,265000000.0,0.0996990218,0.52,0.52,510000000,510000000,https://www.sec.gov/Archives/edgar/data/72903/000007290318000042/0000072903-18-000042-index.htm,https://www.sec.gov/Archives/edgar/data/72903/000007290318000042/xcel06301810-q.htm,5.211764705882353,0.5196078431372549,1.0784313725490196,-0.9215686274509804,0.6745098039215687,22.84313725490196,24.311764705882357,22.84313725490196,33.34705882352941,23296800000.0,39813800000.0,21.978113207547167,8.764785553047403,42.35781818181818,-49.56765957446809,1.999725321888412,1.999725321888412,14.97885628291949,46.40303030303031,72.38872727272727,-84.71021276595745,0.0113749527832148,-0.0201744445589093,1.446266094420601,0.3808544303797468,19.25058275058275,0.7314504547630445,2.848101265822785,2.0754716981132075,0.0078980804230623,0.6943396226415094,0.000752445447705,0.0,-0.0169303797468354,1.8545454545454545,0.3837471783295711,2.469733656174334,0.00150489089541,16.342066845687768,0.0089861646973715,0.005890328747027,-60.58529411764706,-1122000000.0,12399000000.0,-29534000000.0,33418000000.0,1464500000.0,1059500000.0,501500000.0,49.30022573363431,60.48,28.30153846153846,1.8255494505494505,1.488095238095238,3.1800391389432487,0.0227467811158798,2.0,2018-07-26,0.47,bmo,2402423076.0,2025-04-25,2018-06-30,0.1063829787234043,44.78765625,3117721.640625
2018-03-31,XEL,USD,72903,2018-04-27,2018-04-27 13:27:46,2018,Q1,2951000000.0,1872000000.0,1079000000.0,0.3656387665,0,0.0,0.0,5000000.0,1000000.0,599000000.0,2471000000.0,5000000.0,154000000.0,383000000.0,924000000.0,0.3131141986,480000000.0,0.1626567265,-130000000.0,350000000.0,0.1186038631,59000000.0,291000000.0,0.0986106405,0.57,0.57,509000000,509000000,https://www.sec.gov/Archives/edgar/data/72903/000007290318000017/0000072903-18-000017-index.htm,https://www.sec.gov/Archives/edgar/data/72903/000007290318000017/xcel03311810-q.htm,5.797642436149312,0.5717092337917485,1.7426326129666012,0.0078585461689587,0.24950884086444,22.713163064833005,24.463654223968565,22.713163064833005,31.74459724950884,23149320000.0,39037320000.0,19.887731958762885,7.844567943070146,26.098444193912066,5787.33,2.002363117377389,2.002363117377389,13.228505591324977,42.24818181818182,44.01050732807215,9759.33,0.0125705636277869,0.0001727912526156,1.3843093158031312,0.3708148937649158,17.194805194805195,0.6749150897622513,3.116883116883117,3.0481099656357387,0.0075596173019337,0.6013745704467354,0.0,0.0,-0.0206445932482216,0.9954904171364148,0.2992206031853608,2.11244019138756,0.0020332090816672,17.092975565641318,0.009849347572391,0.0066061293984108,-59.17534381139489,-1340000000.0,12452000000.0,-28816000000.0,32448000000.0,1517000000.0,1135000000.0,551000000.0,44.92375465943748,49.375,23.653846153846157,2.003394433129668,1.8227848101265824,3.804878048780488,0.0251708329729262,1.7347740667976423,2018-04-26,0.51,bmo,2640368421.0,2025-04-25,2018-03-31,0.1176470588235293,44.56377049180328,3844900.819672131
2017-12-31,XEL,USD,72903,2018-02-23,2018-02-23 16:43:58,2017,Q4,2796000000.0,1791000000.0,1005000000.0,0.3594420601,0,451000.0,0.0,451000.0,9000000.0,579000000.0,2370000000.0,7321000.0,150000000.0,378000000.0,814000000.0,0.291130186,426000000.0,0.152360515,-118730000.0,307000000.0,0.1097997139,118000000.0,189326000.0,0.0677131617,0.37,0.37,509000000,509000000,https://www.sec.gov/Archives/edgar/data/72903/000007290318000009/0000072903-18-000009-index.htm,https://www.sec.gov/Archives/edgar/data/72903/000007290318000009/xcel1231201710-k.htm,5.4931237721021615,0.3719567779960707,1.4908055009823182,-0.5967151277013752,0.1807465618860511,22.5049115913556,22.5049115913556,22.5049115913556,31.31827111984283,24487990000.0,40195990000.0,32.33574627890517,8.758222460658082,32.271144671990726,-80.62473660643734,2.137755565255347,2.137755565255347,14.376248211731044,49.3808230958231,52.97170606995071,-132.3420626349892,0.0077313817916456,-0.0124031412949776,1.378524661719773,0.3669765280037183,19.2972972972973,0.7272504892367906,2.84,4.008007352397452,0.007471213439731,0.9663490487307608,0.0001613018597997,0.0,0.0,1.4002635671173664,0.3800243204577968,2.60474397442686,0.0045640200286123,13.723856021674766,0.006521786146749,0.0043998605623983,-58.95333988212181,-1115000000.0,11455000000.0,-28602000000.0,33214000000.0,1497139000.0,1117749000.0,613337500.0,50.24678111587983,62.462311557788944,30.65326633165829,1.7911595131326072,1.4408688656476267,2.936065573770492,0.0165278044522042,2.0875206286836936,2018-02-07,0.43,bmo,2861547619.0,2025-04-25,2017-12-31,-0.0232558139534883,49.62746031746032,2981460.571428572
2017-09-30,XEL,USD,72903,2017-10-27,2017-10-27 15:06:10,2017,Q3,3016897000.0,1620148000.0,1396749000.0,0.4629753684,0,528000.0,0.0,528000.0,5089000.0,578390000.0,2198538000.0,5772000.0,151156000.0,371091000.0,1223000000.0,0.4053834122,818359000.0,0.271258515,-127000000.0,696932000.0,0.2310095439,204791000.0,492000000.0,0.1630814708,0.97,0.97,508581000,509242000,https://www.sec.gov/Archives/edgar/data/72903/000007290317000064/0000072903-17-000064-index.htm,https://www.sec.gov/Archives/edgar/data/72903/000007290317000064/xcel09301710-q.htm,5.931989201326829,0.96739752369829,2.1144340822799124,0.5755268089055627,0.3437387554784784,22.49273370416905,30.95224162916035,22.49273370416905,30.56256132258185,24066052920.0,39290593920.0,12.22868542682927,7.977088021235064,22.379510620154537,82.22032278563181,2.103790522858019,2.103790522858019,13.023511879921656,32.1264054946852,36.53712001830083,134.23411497017443,0.020443734651274,0.0121624431298724,1.3455612136919697,0.3624398187525645,12.448520850367949,0.8678208577041234,5.414002752123634,2.18506688123932,0.0076040720349251,0.3719512195121951,0.000175014261342,0.0,-0.1013060319066277,0.7278104748079947,0.2594251643327565,1.9287338986517624,0.0039775968486826,22.12660920586138,0.0144660547686787,0.0105193076439724,-57.94809872960256,-441532000.0,15741722000.0,-28130543000.0,29206075000.0,1400577500.0,983070000.0,579359500.0,42.75751542064579,55.133740868118224,34.256592607588935,2.104893119129715,1.6323942214493128,2.6272315238983257,0.0430093352111745,1.5389072733743494,2017-10-26,0.92,bmo,2861484536.0,2025-04-25,2017-09-30,0.0543478260869564,47.98047619047619,2560408.888888889
2017-06-30,XEL,USD,72903,2017-07-28,2017-07-28 15:13:23,2017,Q2,2644928000.0,1619730000.0,1025198000.0,0.3876090389,0,1022000.0,0.0,1022000.0,2608000.0,565506000.0,2185236000.0,2107000.0,150706000.0,365720000.0,862000000.0,0.3259067922,459692000.0,0.1738013284,-136355000.0,329645000.0,0.1246328823,102389000.0,227000000.0,0.0858246425,0.45,0.45,508542000,509135000,https://www.sec.gov/Archives/edgar/data/72903/000007290317000043/0000072903-17-000043-index.htm,https://www.sec.gov/Archives/edgar/data/72903/000007290317000043/xcel06301710-q.htm,5.201002080457465,0.4463741441218228,1.1280562864030896,-0.2970374128390575,0.1352552984807548,21.87263785488711,29.850694731211973,21.87263785488711,30.54198866563627,23331906960.0,38651702960.0,25.6959327753304,8.821376975101023,40.67172937468623,-154.45865745154114,2.097597935118229,2.097597935118229,14.613518008807802,44.83956259860789,67.37690174039159,-255.87664813049463,0.0097291661752794,-0.0064742243426124,1.3828071262155386,0.3674346537775302,17.772385150812067,0.7468900242338589,3.050256791368625,2.524307389023832,0.0078004768453782,0.801762114537445,0.0003863999322476,0.0,-0.096920237598782,1.263317900373738,0.2740036779829167,1.8321784043018472,0.0052931497568175,14.821472600542798,0.0080312436669744,0.0049435772325924,-57.75751314542358,-934154000.0,15180332000.0,-27981284000.0,28552512000.0,1352285000.0,917574000.0,530562500.0,46.54528592082658,54.10023892871034,30.11857531810857,1.933600755038648,1.6635786048670866,2.988189150696253,0.0204078788796883,1.4250936992421472,2017-07-27,0.42,bmo,2468666666.0,2025-04-25,2017-06-30,0.0714285714285715,46.03873015873016,2465255.6666666665
2017-03-31,XEL,USD,72903,2017-04-28,2017-04-28 15:59:14,2017,Q1,2946422000.0,1885372000.0,1061050000.0,0.3601147426,0,999000.0,0.0,999000.0,6446000.0,574831000.0,2460203000.0,3800000.0,153054000.0,365204000.0,886000000.0,0.300703701,486219000.0,0.1650201499,-136059000.0,355941000.0,0.1208044876,116664000.0,239000000.0,0.0811153324,0.47,0.47,508278000,508774000,https://www.sec.gov/Archives/edgar/data/72903/000007290317000017/0000072903-17-000017-index.htm,https://www.sec.gov/Archives/edgar/data/72903/000007290317000017/xcel3311710-q.htm,5.79687100366335,0.4702151184981447,1.4129177339959629,-0.060828916459103,0.1601780915168471,21.77963830816994,29.53334789229516,21.77963830816994,29.92449604350375,22592957100.0,37575881100.0,23.63280031380753,7.667929814534374,31.459722622553628,-730.7379875800505,2.040897069595779,2.040897069595779,12.75305475590394,42.41070101580135,52.3228009273764,-1215.339967009509,0.0105785178514768,-0.0013684795603847,1.360140742942867,0.3647035154681173,16.910749435665913,0.7101324280416055,3.1767807440511198,3.00135407916348,0.0076572535075543,0.7238493723849372,0.0003390553016506,0.0,-0.0954585793538679,1.0430519873843391,0.2542314033767057,1.8739380384857856,0.0061091045342452,15.1797592925008,0.0083942772549322,0.0052845263033537,-56.80307774485616,-1074822000.0,15011151000.0,-27582076000.0,28142522000.0,1421407000.0,953232500.0,561653500.0,40.82998633596952,41.12479659186622,24.77881818548276,2.2042623100442658,2.1884606723574764,3.63213448382815,0.0215896660837456,1.473746650455066,2017-04-27,0.49,bmo,3071361702.0,2025-04-25,2017-03-31,-0.0408163265306122,42.37354838709677,2531592.096774193
2016-12-31,XEL,USD,72903,2017-02-24,2017-02-24 14:47:24,2016,Q4,2794651000.0,1798548000.0,996103000.0,0.3564319838,0,805000.0,0.0,805000.0,1562000.0,530753000.0,2329301000.0,1903000.0,148661000.0,332146000.0,802537000.0,0.2871689524,465350000.0,0.1665145308,-128115000.0,337235000.0,0.1206715973,109758000.0,227477000.0,0.0813972836,0.45,0.45,508656000,509421000,https://www.sec.gov/Archives/edgar/data/72903/000007290317000008/0000072903-17-000008-index.htm,https://www.sec.gov/Archives/edgar/data/72903/000007290317000008/xcel1231201610-k.htm,5.494186640873203,0.4472118681387814,1.2571266238872636,-0.844621905570759,0.1798386335755402,21.66660572174515,21.66660572174515,21.66660572174515,29.47160359850272,20702299200.0,35460070200.0,22.75207955089965,7.407829886450938,32.37541805784704,-48.18724180791487,1.8784668222929104,1.8784668222929104,12.688550448696455,44.18496617601431,55.45444909257247,-82.53783605122642,0.0109880065881764,-0.0207523809722545,1.3467426148384758,0.360640192022034,18.388897957352743,0.8752828342587394,3.130276266135705,2.8110314449372904,0.0083422618102244,0.7592152173626344,0.0002880502789078,0.0,0.0,1.6718670096724504,0.3825404317032789,2.9404142726300067,0.0040427230448453,14.765336856082266,0.0081413282738108,0.0055272863307419,-56.2487186821742,-404962000.0,11020849000.0,-27292347000.0,32436788000.0,1414110500.0,980746500.0,609567000.0,48.50369151640044,52.29013070543572,30.23569012336618,1.8555288718502696,1.7211660935979307,2.976614710389821,0.0206406058190253,2.101748529458023,2017-02-02,0.44,bmo,2732497777.0,2025-04-25,2016-12-31,0.0227272727272727,39.99015873015873,2866196.9206349207
2016-09-30,XEL,USD,72903,2016-10-28,2016-10-28 15:09:18,2016,Q3,3040147000.0,1703486000.0,1336661000.0,0.4396698581,0,1148000.0,0.0,1148000.0,578000.0,509607000.0,2213093000.0,1385000.0,152265000.0,328503000.0,1190608000.0,0.3916284311,827054000.0,0.2720440821,-130847000.0,696207000.0,0.229004387,238412000.0,457795000.0,0.150583179,0.9,0.9,508941000,509566000,https://www.sec.gov/Archives/edgar/data/72903/000007290316000171/0000072903-16-000171-index.htm,https://www.sec.gov/Archives/edgar/data/72903/000007290316000171/xcel9301610-q.htm,5.973476296859557,0.8995050506836745,1.965483228900796,0.4459475656313796,0.7054452284252988,21.5898149294319,16.224916051172926,21.5898149294319,28.74678007863387,20937832740.0,35062597740.0,11.434065870094694,6.887111952152313,20.93123939958913,92.25299826842496,1.9055281453069195,1.9055281453069195,11.53319156606572,29.44932147272653,35.05155649970259,154.48732487079278,0.0218644883491413,0.0108397560921579,1.3176398273671266,0.3590388037123603,11.863489074489673,0.8906160791112377,5.4316750402259215,2.1850719208379297,0.0082484181693773,0.3772518266909861,0.0003776133193559,0.0,0.0677106987644064,0.7731104702018864,0.2543804625236872,2.1272053120031686,0.0017821506657408,20.903428435973616,0.0143316625883169,0.0121772342656006,-54.3849856859636,-377809000.0,8257525000.0,-26260645000.0,34559304000.0,1300686000.0,919253500.0,570846500.0,39.13922583348766,48.42309241167817,32.487334794650494,2.2994833976249907,1.8586173562573785,2.7703103553702344,0.041663397932024,1.5195356632694164,2016-10-27,0.87,bmo,2938763333.0,2025-04-25,2016-09-30,0.0344827586206896,42.76171875,3084954.3125
2016-06-30,XEL,USD,72903,2016-08-04,2016-08-04 15:57:20,2016,Q2,2499849000.0,1551349000.0,948500000.0,0.3794229171,0,920000.0,0.0,920000.0,1560000.0,516919000.0,2068268000.0,984000.0,149666000.0,322534000.0,790673000.0,0.3162883038,431581000.0,0.1726428276,-130389000.0,301192000.0,0.1204840772,104397000.0,196795000.0,0.0787227549,0.39,0.39,508930000,509490000,https://www.sec.gov/Archives/edgar/data/72903/000007290316000157/0000072903-16-000157-index.htm,https://www.sec.gov/Archives/edgar/data/72903/000007290316000157/xcel6301610-q.htm,4.91197021201344,0.3866838268524158,1.223107303558446,-0.1774978877252274,0.1626019295384434,21.030660405163776,15.66597370954748,21.030660405163776,28.317424793193563,22789885400.0,36975095400.0,28.95130135420107,9.116504796889732,36.61166920491714,-252.284692363894,2.12927217392588,2.12927217392588,14.79093153226455,46.76407996731898,59.40003373624043,-409.3153784842916,0.0086351904165345,-0.0039637759652797,1.3324995277084264,0.3611512223651439,17.94067838411075,0.7711937179673287,2.8836275439979686,3.1630681673823013,0.0075780547803895,0.8775781905028075,0.0003680222285426,0.0,0.0691374692695629,1.1451204544432234,0.2851412225298408,1.9850344758446303,0.0045422743533709,13.526820230593808,0.0075924182381821,0.0053535217737451,-53.998448706108896,-802282000.0,7972884000.0,-26082931000.0,33751250000.0,1267040500.0,865814500.0,523419500.0,46.05657381705855,53.48736486760877,30.56091827177508,1.954118436110538,1.6826403810089885,2.9449376880511022,0.0183866706704783,1.4006051912836737,2016-08-03,0.4,bmo,2563897435.0,2025-04-25,2016-06-30,-0.025,41.38109375,3210515.921875
2016-03-31,XEL,USD,72903,2016-05-10,2016-05-10 16:19:49,2016,Q1,2772273000.0,1759624000.0,1012649000.0,0.3652775178,0,500000.0,0.0,500000.0,4250000.0,522779000.0,2282403000.0,4070000.0,144117000.0,320020000.0,839381000.0,0.3027771796,489870000.0,0.1767033766,-119908000.0,369962000.0,0.1334507821,128650000.0,241312000.0,0.0870448185,0.47,0.47,508667000,509150000,https://www.sec.gov/Archives/edgar/data/72903/000007290316000136/0000072903-16-000136-index.htm,https://www.sec.gov/Archives/edgar/data/72903/000007290316000136/xcel3311610-q.htm,5.450074410174043,0.4744007376141955,1.5532027829601684,0.1764297664287245,0.2151604094623791,20.97960748387452,15.528888251056191,20.97960748387452,27.78247458553435,21272453940.0,35158873940.0,22.03832998358971,7.673289730123981,26.92500970175796,237.0348317436263,1.993364272050559,1.993364272050559,12.682327440335062,41.886668795219336,44.50135487929444,391.7685186753432,0.0113438722528502,0.0042187892498499,1.3107562534472228,0.3580232109449938,16.543643470605126,0.8570044609366964,3.399113220508337,3.274031129823631,0.007634756218445,0.6730291075454183,0.0001803574179022,0.0,0.0709652436800106,0.8864090585181181,0.2526154530957088,2.003710898941664,0.0047250036342019,14.964513973635873,0.0087014294781266,0.0066482184335598,-53.25218905492199,-455951000.0,7899033000.0,-25665593000.0,33750056000.0,1317141000.0,885319000.0,564319000.0,40.73654001608067,41.41171068364606,26.59935304360477,2.2093187090624946,2.1732982896439967,3.38354093997931,0.0226124696555372,1.376773016531444,2016-05-09,0.46,bmo,2772300000.0,2025-04-25,2016-03-31,0.0217391304347825,38.98262295081968,3932832.049180328
2015-12-31,XEL,USD,72903,2016-02-19,2016-02-19 15:17:33,2015,Q4,2645821000.0,1726452000.0,919369000.0,0.347479667,0,2273000.0,0.0,2273000.0,-348000.0,478359000.0,2204811000.0,798000.0,140289000.0,296703000.0,766413000.0,0.2896692558,441010000.0,0.1666817219,-121756000.0,319254000.0,0.1206634916,110229000.0,209025000.0,0.0790019431,0.41,0.41,508312000,508738000,https://www.sec.gov/Archives/edgar/data/72903/000007290316000123/0000072903-16-000123-index.htm,https://www.sec.gov/Archives/edgar/data/72903/000007290316000123/xcel1231201510-k.htm,5.205112214545397,0.4112139788161602,1.0543071971545035,-1.890714757865248,0.1793583468420969,20.85514408473536,20.85514408473536,20.85514408473536,27.80581414564283,18253483920.0,32162283920.0,21.831699461786865,6.898986711497112,34.060281573452606,-18.99281731980817,1.72187733894794,1.72187733894794,12.1558805074115,41.9646899517623,60.01355418842843,-33.46497500189892,0.0114512386192191,-0.0526514830928779,1.3200495806024384,0.3583219803277731,18.147917637096448,0.7171591926367143,3.143582176792193,2.5638894869034803,0.0084563035021974,0.7384619064705179,0.0008590906187531,0.0,0.0,2.793324339403303,0.5657941334655671,4.600418557911267,0.0057309243520253,13.890944982327069,0.0079111236649514,0.0053522683669993,-53.161342344859065,-1147852000.0,10600920000.0,-25542170000.0,30057999000.0,1333385000.0,942621000.0,626773500.0,46.92402471671364,50.09602352107096,31.725504097420608,1.9179940455521785,1.7965497792882696,2.8368343564733878,0.0197176282813189,2.945021955019752,2016-01-28,0.4,bmo,2581268292.0,2025-04-25,2015-12-31,0.0249999999999998,35.70484375,3463197.234375
2015-09-30,XEL,USD,72903,2015-10-30,2015-10-30 15:53:33,2015,Q3,2901312000.0,1654984000.0,1246328000.0,0.4295739307,0,-689000.0,0.0,-689000.0,1626000.0,460516000.0,2115500000.0,312000.0,139275000.0,280121000.0,1103925000.0,0.3804916534,785812000.0,0.2708471202,-120320000.0,665492000.0,0.229376227,239029000.0,426463000.0,0.1469897067,0.84,0.84,508031000,508427000,https://www.sec.gov/Archives/edgar/data/72903/000007290315000098/0000072903-15-000098-index.htm,https://www.sec.gov/Archives/edgar/data/72903/000007290315000098/xcel9301510-q.htm,5.710895594953851,0.8394428686438427,1.930742415325049,0.5363196340380804,0.8123638124445162,20.756272747135508,15.807356244008732,20.756272747135508,26.28087656068232,17989377710.0,30797193710.0,10.545684918738552,6.200428533711645,18.340095353443907,66.02406056513266,1.705990301408368,1.705990301408368,10.614919632910905,27.8979040333356,31.397610210046725,113.03091277108788,0.0237063786682813,0.0151459936186975,1.25295761050676,0.3474186330598067,11.602070792852777,1.0840843819489014,5.642161191886555,2.3000283729186357,0.008571447133176,0.3615671230563964,-0.0002374787682262,0.0,0.0661115723880622,0.7222210328104339,0.2441688449915073,2.2269130780571684,0.0028762849359186,19.79983246361475,0.0141985216695521,0.0120078017782267,-50.75321338658467,259402000.0,8030627000.0,-24140444000.0,32602214000.0,1273115500.0,877269000.0,588833000.0,39.9325305241215,50.26235903186979,35.07385569890706,2.2538015702670013,1.7906043753922056,2.566013864361212,0.0404428520896022,1.3944227812869687,2015-10-29,0.8,bmo,2763142857.0,2025-04-25,2015-09-30,0.0499999999999999,34.00265625,3306499.875
2015-06-30,XEL,USD,72903,2015-07-31,2015-07-31 15:11:48,2015,Q2,2515134000.0,1633815000.0,881319000.0,0.3504063799,0,222000.0,0.0,222000.0,961000.0,458474000.0,2092289000.0,389000.0,132196000.0,274602000.0,722866000.0,0.2874065557,422845000.0,0.1681202672,-116033000.0,306812000.0,0.1219863435,109881000.0,196931000.0,0.0782984127,0.39,0.39,507707000,508074000,https://www.sec.gov/Archives/edgar/data/72903/000007290315000071/0000072903-15-000071-index.htm,https://www.sec.gov/Archives/edgar/data/72903/000007290315000071/xcel6301510-q.htm,4.953908455073497,0.3878831688355685,1.031403939673867,-0.3618208927590126,0.2920404879192132,20.226362843135902,15.532045057483945,20.226362843135902,25.97300805385784,16338011260.0,29256896260.0,20.74078136504664,6.495881038545064,31.200191081464563,-88.93903211231417,1.590992916006188,1.590992916006188,11.632340964735874,40.47347123809946,55.87098326939125,-159.26540841267507,0.0120535478196261,-0.0112436573262589,1.2712433633204812,0.3502790228686943,17.87175631444832,0.8619467490432542,3.1986217434718145,2.65905824882827,0.0094256882033756,0.7819845529652518,8.826567491036263e-05,0.0,0.0639499373323145,1.3508042570337877,0.2812375006659685,2.357668296552575,0.0044510550928896,13.286195036815656,0.0077789869898215,0.0056450721275914,-50.50338088700767,-488329000.0,7885728000.0,-23950821000.0,31245373000.0,1315124500.0,864140500.0,518958000.0,45.04891588281181,45.73652463712232,29.34436885449087,1.9978283214211388,1.9677927152110497,3.067027968680484,0.0191771091937669,1.3932248324328795,2015-07-30,0.4,bmo,2579589743.0,2025-04-25,2015-06-30,-0.025,33.63777777777778,2936130.095238095
2015-03-31,XEL,USD,72903,2015-05-01,2015-05-01 15:04:53,2015,Q1,2962219000.0,2018382000.0,943837000.0,0.3186249903,0,2045000.0,0.0,2045000.0,3161000.0,592992000.0,2611374000.0,4238000.0,133098000.0,273098000.0,656698000.0,0.2216912389,350845000.0,0.1184399263,-115199000.0,235646000.0,0.0795504991,83580000.0,152066000.0,0.0513351646,0.3,0.3,506983000,507393000,https://www.sec.gov/Archives/edgar/data/72903/000007290315000028/0000072903-15-000028-index.htm,https://www.sec.gov/Archives/edgar/data/72903/000007290315000028/xcel3311510-q.htm,5.842836939305657,0.2999429961162406,1.9436430807344625,0.4236532585905247,0.2855934025401246,20.148348169465248,15.357658935309468,20.148348169465248,25.363704502912327,17648078230.0,30240903230.0,29.01384633974721,5.957722312226071,17.90966682362588,82.16625104173941,1.7276850542395548,1.7276850542395548,10.20886815930895,46.04993959171491,30.68914893940901,140.79616002048562,0.0086165755850686,0.0121704469574985,1.2458180084523836,0.3450741460147227,19.175975867141364,0.8100207496142564,2.6359900223895174,6.480041560901188,0.0081609452385116,0.9471216445490772,0.0006903608409776,0.0,0.065859187745235,0.7820313498965896,0.2601458568728375,2.519540432822303,0.0034518042048882,11.66085366200554,0.0065948805645789,0.0044141262373456,-49.78055921007213,-717082000.0,7786072000.0,-23606335000.0,30678627000.0,1463156500.0,1035504500.0,551198000.0,41.66415447338634,40.04210798550522,22.52753443104427,2.1601302399521627,2.247633916590479,3.995110972995549,0.0148867288570485,1.519989822143938,2015-04-30,0.5,bmo,3219782608.0,2025-04-25,2015-03-31,-0.0799999999999999,35.75672131147541,3511037.8524590163
2014-12-31,XEL,USD,72903,2015-02-20,2015-02-20 16:02:27,2014,Q4,2928628000.0,2089860000.0,838768000.0,0.2864030529,0,2260000.0,0.0,2260000.0,609000.0,447518000.0,2537378000.0,1029000.0,130260000.0,262400000.0,680323000.0,0.2323009273,391250000.0,0.1335949803,-107094000.0,284156000.0,0.0970270038,87817000.0,196339000.0,0.0670412903,0.39,0.39,506411000,506799000,https://www.sec.gov/Archives/edgar/data/72903/000007290315000011/0000072903-15-000011-index.htm,https://www.sec.gov/Archives/edgar/data/72903/000007290315000011/xcel1231201410-k.htm,5.783105027339453,0.3877068231140319,1.2714001078175632,-0.5027556668397803,0.1884358752080819,20.170339901779386,20.170339901779386,20.170339901779386,25.487440043758923,18190283120.0,30887535120.0,23.16183122049109,6.2111962051855,28.25231788100042,-71.44623595351158,1.7808326570060038,1.7808326570060038,10.546759479182745,45.40128015663148,47.97311042461688,-121.317414778418,0.0107936197971612,-0.0139965386091252,1.2508573611466542,0.3457140565731523,18.663564218760797,0.8277306675740168,3.003608168278827,3.2792822618022908,0.0079066938678852,0.7325340355201972,0.0007716924102344,0.0,0.0,1.3954346580187031,0.3067825616636869,3.1080453726221404,0.00534482358292,13.2647658893817,0.0079113831456441,0.0053125065277005,-49.7286512338792,-700203000.0,10214482000.0,-23379022000.0,28056713000.0,1445017500.0,1117195500.0,615722500.0,47.78682031312956,50.51560391605179,25.71773707329677,1.88336448021155,1.781627715459256,3.499530294733775,0.0192216306220912,1.7741557746573435,2015-01-29,0.34,bmo,2553138461.0,2025-04-25,2014-12-31,0.1470588235294117,33.5765625,3400322.953125
2014-09-30,XEL,USD,72903,2014-10-31,2014-10-31 16:05:02,2014,Q3,2869807000.0,1755602000.0,1114205000.0,0.3882508475,0,417000.0,0.0,417000.0,1404000.0,448525000.0,2204127000.0,1139000.0,127534000.0,255395000.0,957284000.0,0.3335708638,665680000.0,0.2319598496,-101129000.0,564551000.0,0.1967208945,195969000.0,368582000.0,0.1284344209,0.73,0.73,506082000,506365000,https://www.sec.gov/Archives/edgar/data/72903/000007290314000085/0000072903-14-000085-index.htm,https://www.sec.gov/Archives/edgar/data/72903/000007290314000085/xcel9301410-q.htm,5.670636379084812,0.7283048992060576,1.906469702538324,0.4727277397733964,0.3082385858418201,20.06524634347793,15.601325476899,20.06524634347793,24.86506139321296,15384892800.0,27703250800.0,10.4351899984264,5.360950335684595,15.94570318087124,64.30762877290074,1.5150574022173071,1.5150574022173071,9.653349789724537,28.93942737996248,28.71309018169004,115.7973858777206,0.0239573980001992,0.015550254597809,1.226651212349798,0.3522345577173895,12.868028714571642,0.92097800291512,5.219627707121238,2.6176807331882728,0.0093094571318689,0.3885838158130348,0.000145305938692,0.0,0.0638826408323782,0.7520402557963579,0.2528361663345305,2.4882751951276387,0.0019325341390553,18.13301925642712,0.0132312144502091,0.0111339510229039,-46.89828575211132,-274275000.0,7895550000.0,-22012187000.0,29615198000.0,1343720000.0,1014318000.0,567766000.0,41.8680872964628,54.4113358266851,32.51510308145013,2.14960858762716,1.6540670915831672,2.767944477203427,0.036296833178068,1.4337419627649275,2014-10-30,0.75,bmo,2948424657.0,2025-04-25,2014-09-30,-0.0266666666666666,31.28640625,2180969.671875
2014-06-30,XEL,USD,72903,2014-08-01,2014-08-01 16:11:05,2014,Q2,2685096000.0,1845469000.0,839627000.0,0.3126990618,0,2438000.0,0.0,2438000.0,82000.0,442419000.0,2287888000.0,1292000.0,123673000.0,255307000.0,688383000.0,0.2563718392,397208000.0,0.1479306513,-97786000.0,299422000.0,0.1115125865,104258000.0,195164000.0,0.0726841796,0.39,0.39,503272000,503456000,https://www.sec.gov/Archives/edgar/data/72903/000007290314000061/0000072903-14-000061-index.htm,https://www.sec.gov/Archives/edgar/data/72903/000007290314000061/xcel6301410-q.htm,5.335277941153094,0.3877903002750004,0.8879134940946446,-0.6085337551065825,0.2368738972166144,19.712545104833968,15.284472412532388,19.712545104833968,25.158906118361443,16220456559.999998,28659016560.0,20.777982312311696,6.040922395325902,36.29858112795449,-52.96337258128767,1.6349994294798829,1.6349994294798829,10.673367566746215,41.63237116547038,64.13393074371953,-93.5780177497404,0.0120319671199193,-0.0188809728546876,1.2638230169990805,0.3611448979660025,18.069243429892957,1.0208798962328864,3.2117600446338326,2.289674325182923,0.0087745988821907,0.7292738414871596,0.0009079749848794,0.0,0.0641899836290734,1.6853525249405856,0.2804815917196256,2.5864857903322744,0.0020930350348739,13.114782124428572,0.0079801763503743,0.0060070573166357,-46.52101199748843,63891000.0,7692247000.0,-21673052000.0,29362793000.0,1406657000.0,1014562500.0,468753500.0,45.33032338508567,47.170984719873374,24.445980940346328,1.985425941823554,1.907952537655686,3.681586769605203,0.0196722593765888,1.496447249201227,2014-07-31,0.41,bmo,2822797435.0,2025-04-25,2014-06-30,-0.0487804878048779,30.989682539682537,2623461.571428572
2014-03-31,XEL,USD,72903,2014-05-02,2014-05-02 15:34:23,2014,Q1,3202604000.0,2260421000.0,942183000.0,0.2941927881,0,1808000.0,0.0,1808000.0,3201000.0,448191000.0,2708612000.0,3893000.0,123754000.0,245943000.0,773197000.0,0.2414276008,493992000.0,0.1542469815,-97000000.0,396992000.0,0.1239591283,135771000.0,261221000.0,0.0815651888,0.52,0.52,499523000,499746000,https://www.sec.gov/Archives/edgar/data/72903/000007290314000027/0000072903-14-000027-index.htm,https://www.sec.gov/Archives/edgar/data/72903/000007290314000027/xcel3311410-q.htm,6.411324403480921,0.5229408856048671,1.1864298540807932,-0.4603972189468753,0.2958202144846183,19.513463844507665,14.884778078286686,19.513463844507665,24.776048350126025,15165518280.0,27285657280.0,14.514068815294328,4.73537105430456,25.589376308742608,-65.9430568878028,1.555848835548756,1.555848835548756,8.519834884362849,35.289398794873755,46.04016421186908,-118.64412524621814,0.0172246668512802,-0.0151645987795413,1.2569938478104574,0.3582719041911237,15.675356991814503,0.9024144776379368,3.991725519983192,2.268764762404248,0.0087061317366332,0.5054455805620528,0.0005645406050826,0.0,0.0676087536761575,1.3880526247407825,0.2568622283616706,2.9463225945094105,0.0016767605361137,15.15251568029122,0.0102286381516033,0.0081921829462184,-46.023420841482775,-338402000.0,7435289000.0,-21321982000.0,28515215000.0,1446150500.0,1161556000.0,506387500.0,41.05471360180653,42.279141805884834,17.369034352450274,2.192196512997712,2.128709244222949,5.181635212052164,0.0267989778632795,1.6468270730276684,2014-05-01,0.5,bmo,3079519230.0,2025-04-25,2014-03-31,0.04,29.15590163934426,2760286.7540983604
2013-12-31,XEL,USD,72903,2014-02-21,2014-02-21 16:07:31,2013,Q4,2730822000.0,1980335000.0,750487000.0,0.2748209147,0,2360000.0,0.0,2360000.0,-959000.0,424905000.0,2405240000.0,728000.0,127368000.0,256732000.0,608444000.0,0.2228061734,325582000.0,0.1192249074,-102054000.0,223355000.0,0.0817903913,73300000.0,150055000.0,0.0549486565,0.3,0.3,498499000,498802000,https://www.sec.gov/Archives/edgar/data/72903/000007290314000009/0000072903-14-000009-index.htm,https://www.sec.gov/Archives/edgar/data/72903/000007290314000009/xcel1231201310-k.htm,5.478089223849998,0.3010136429561543,1.165755598306115,-0.7221659421583594,0.2425822318600438,19.18950689971294,19.18950689971294,19.18950689971294,24.228503968914683,13928062060.0,25771435060.0,23.20492829295925,5.100318534126354,23.96728786084993,-38.68916874769096,1.4560040623252264,1.4560040623252264,9.437244558598108,42.35629747355549,44.34726094767418,-71.58751846532907,0.010773573477314,-0.0258470272783951,1.2492765485916193,0.3524447548314546,19.46501732287605,0.8805696432177552,2.556230764399221,3.868306840269457,0.0094696591264326,0.8789710439505515,0.0008642086521933,0.0,0.0,1.619483143128536,0.3446313967003341,3.32715953362417,-0.0013728467106241,11.400299382662464,0.0069899067003075,0.0044254234094001,-45.85526049199697,-436458000.0,9565950000.0,-21123500000.0,25685701000.0,1396987500.0,1113405000.0,590583000.0,47.17447713545592,57.31930203728157,26.20183958774652,1.9078112883281289,1.570151708083645,3.434873330118743,0.0156863667487285,1.8879215404644745,2014-01-30,0.29,bmo,2639773333.0,2025-04-25,2013-12-31,0.0344827586206896,28.24734375,3345183.1875
2013-09-30,XEL,USD,72903,2013-10-25,2013-10-25 15:40:50,2013,Q3,2822338000.0,1755636000.0,1066702000.0,0.3779497707,0,2386000.0,0.0,2386000.0,-404000.0,401589000.0,2157225000.0,1304000.0,129361000.0,228491000.0,925040000.0,0.327756633,665113000.0,0.235660293,-107012000.0,557885000.0,0.1976676784,193349000.0,364752000.0,0.1292375329,0.73,0.73,498149000,498641000,https://www.sec.gov/Archives/edgar/data/72903/000007290313000009/0000072903-13-000009-index.htm,https://www.sec.gov/Archives/edgar/data/72903/000007290313000009/xcel9301310-q.htm,5.665650237178033,0.7322146586663829,1.864267518352943,0.1430555918008467,0.2380773623955884,19.165522765277057,14.18868852491925,19.165522765277057,23.338744030400544,13753893890.0,25148870890.0,9.426880380368033,4.873227051472928,14.810106236466048,193.0018928476208,1.4406077172088485,1.4406077172088485,8.910651697280764,27.186792884632016,27.080145636347385,352.9022198055092,0.0265199079560442,0.005181296334692,1.2041967738266142,0.3470562313390438,12.318361368157053,1.0992159027227664,5.141526426048036,2.547575548094015,0.0095795416958826,0.3612207746633329,0.0008453983895621,0.0,0.0748401921208337,0.923264450840599,0.3037977733354403,3.2986954029400564,0.0034067500065548,17.769319794779793,0.014078381555281,0.0119015459917428,-44.43753826666319,281680000.0,7068081000.0,-20458625000.0,28103463000.0,1353974000.0,982089500.0,549759000.0,43.45073127315013,49.49857487542975,30.99533160632386,2.071311514511021,1.818234165862308,2.903663078785633,0.0382047840611457,1.7212119265520958,2013-10-24,0.76,bmo,2785745454.0,2025-04-25,2013-09-30,0.0131578947368421,28.5928125,3379489.546875
2013-06-30,XEL,USD,72903,2013-08-02,2013-08-02 15:12:53,2013,Q2,2578913000.0,1770247000.0,808666000.0,0.3135685461,0,1407000.0,0.0,1407000.0,413000.0,406430000.0,2176677000.0,1505000.0,124283000.0,243934000.0,641883000.0,0.2488967251,402236000.0,0.1559711398,-106486000.0,295775000.0,0.1146897937,98893000.0,196857000.0,0.0763333234,0.4,0.4,497747000,498036000,https://www.sec.gov/Archives/edgar/data/72903/000144530513001831/0001445305-13-001831-index.htm,https://www.sec.gov/Archives/edgar/data/72903/000144530513001831/xcel6301310-q.htm,5.181172362666174,0.3954961054511629,0.867703873654688,-0.828995453513532,0.1540340775534558,18.684683182419985,13.322173714758703,18.684683182419985,23.258406379144425,13966780820.0,25360478820.0,17.73721638041827,5.415762695368165,32.338221427794124,-33.84819528391053,1.501764826625535,1.501764826625535,9.833786102904597,39.50950378807353,58.71881217049435,-61.46057925986962,0.0140946580702481,-0.0295436726127416,1.2314212152475552,0.3549378914731431,17.750428037508392,1.045012440624293,3.236452290337376,2.193684542009935,0.0090189716315745,0.6398858054323697,0.0005455786992426,0.0,0.0827233411790928,1.955389826741098,0.3274740171537388,3.0530553075190605,0.0041025036517323,12.894521595635442,0.0088641999478063,0.0066512284366884,-43.46159745814641,121390000.0,6631072000.0,-20147817000.0,27603974000.0,1360666500.0,965577000.0,471299500.0,46.95104875581301,50.76954232940375,25.16038722279998,1.9168900883999336,1.7727163939367538,3.57705146598234,0.0211668617332124,1.69669932716822,2013-08-01,0.39,bmo,2514427500.0,2025-04-25,2013-06-30,0.0256410256410256,29.8821875,3387985.03125
2013-03-31,XEL,USD,72903,2013-05-03,2013-05-03 16:11:18,2013,Q1,2782849000.0,1902060000.0,880789000.0,0.3165062136,0,2139000.0,0.0,2139000.0,3922000.0,426165000.0,2328225000.0,4806000.0,125046000.0,248706000.0,709020000.0,0.2547820597,454624000.0,0.1633663918,-99620000.0,355022000.0,0.127575014,118434000.0,236570000.0,0.0850100023,0.48,0.48,489781000,490531000,https://www.sec.gov/Archives/edgar/data/72903/000114036113018699/0001140361-13-018699-index.htm,https://www.sec.gov/Archives/edgar/data/72903/000114036113018699/form10q.htm,5.681823100528604,0.4830117950675914,1.3114596115406685,-0.2244329608539327,0.2707679534322483,18.69225837670306,13.118632613351682,18.69225837670306,22.86528877192051,14487721980.0,25448699980.0,15.310185124910172,5.2060754931367095,22.55502170230785,-131.79882263038672,1.5824733108154971,1.5824733108154971,9.14483681292086,35.89278155764294,39.619477868005134,-231.51387771440008,0.0163289991571193,-0.0075873211918165,1.2095905315423197,0.3505778123904339,15.45933542072156,1.0705136755462163,3.635654079298818,2.71496441070553,0.0085883757413185,0.5259584900875005,0.000768636746011,0.0,0.0864215552426698,1.171132194143802,0.2703168587300281,2.681573187512031,0.0029347621807722,14.252827039888183,0.0102723444485394,0.0081977782174044,-42.966372727811,178154000.0,6425257000.0,-19727891000.0,27127241000.0,1378689500.0,945820000.0,491641500.0,44.500186679191,44.12543768335384,21.184300179805053,2.0224634258014347,2.0396398251240955,4.248429225233354,0.0258402053584701,1.5358925723946009,2013-05-02,0.45,bmo,2608875000.0,2025-04-25,2013-03-31,0.0666666666666666,28.090333333333334,3088696.2
2012-12-31,XEL,USD,72903,2013-02-22,2013-02-22 16:14:24,2012,Q4,2551135000.0,1830732000.0,720403000.0,0.2823852913,0,0.0,0.0,-183877000.0,1222000.0,404006000.0,2234738000.0,2004000.0,127565000.0,231689000.0,579241000.0,0.2270522728,316397000.0,0.1240220529,-106147000.0,210250000.0,0.0824142979,70042000.0,140170000.0,0.0549441719,0.29,0.29,488428000,489136000,https://www.sec.gov/Archives/edgar/data/72903/000114036113008903/0001140361-13-008903-index.htm,https://www.sec.gov/Archives/edgar/data/72903/000114036113008903/form10k.htm,5.223154692196188,0.2869819093090486,0.8861797439950208,-0.6787714873021202,0.2101497047671304,18.16864921748958,18.16864921748958,18.16864921748958,22.7907183863333,13045911880.0,23967648880.0,23.268017193408006,5.113767746512827,30.14061219633348,-39.350503814122966,1.4701147939103976,1.4701147939103976,9.394896342216308,41.37768024017637,55.37363863828018,-72.29383942979692,0.0107443620108217,-0.0254126352415619,1.2400230469039202,0.3533660112689875,18.855255411823403,0.8937942638810816,2.48028064124172,3.087092034691316,0.0095193805647566,0.8859884426054078,0.0,0.0,0.0,1.7659523837027966,0.2996180131588489,2.944943595117741,0.0023848208738463,10.831281408265324,0.0072596758358965,0.0045011853624547,-42.708694526112346,-311934000.0,8874077000.0,-19641470000.0,23497414000.0,1303936000.0,922096000.0,549147500.0,48.73392039229598,47.14964833738635,26.32917324873329,1.8467629789584403,1.908815933387065,3.418261528752329,0.0157954455432379,1.564951231297141,2013-01-31,0.27,bmo,2375162068.0,2025-04-25,2012-12-31,0.0740740740740739,27.19935483870968,2029604.6290322584
2012-09-30,XEL,USD,72903,2012-10-26,2012-10-26 16:15:36,2012,Q3,2724341000.0,1063820000.0,1660521000.0,0.6095129061,0,2042000.0,66878000.0,68920000.0,871167000.0,940087000.0,2003907000.0,1820000.0,143280000.0,239051000.0,1011181000.0,0.3711653571,720434000.0,0.2644434012,-119442000.0,600992000.0,0.2206008719,202845000.0,398106000.0,0.1461292841,0.82,0.81,488084000,488578000,https://www.sec.gov/Archives/edgar/data/72903/000114036112044778/0001140361-12-044778-index.htm,https://www.sec.gov/Archives/edgar/data/72903/000114036112044778/form10q.htm,5.581705198285541,0.8156505847354144,1.447752845821621,0.0089001073585694,1.5705800640873293,18.132458757099187,13.466677866924543,18.132458757099187,23.38263290745036,13407667480.0,23929803480.0,8.419659261603693,4.921435121374307,18.97423312223598,3086.479622467772,1.514962773002034,1.514962773002034,8.78370346443415,23.66520284696805,33.864926205554575,5508.702458563536,0.0296924129863638,0.0003239937152737,1.273356095249319,0.3628563060681836,10.405788874593174,1.0665425526192729,5.0281546621998885,1.7747841877497508,0.0092527652692054,0.3116205231772442,0.0007495390628412,0.0,0.0733250630813853,0.9938524677162568,0.2577801383894307,2.5732213587181545,0.0013350017490468,18.2419677729178,0.0164235478804603,0.0138326325333679,-41.46735449225953,210310000.0,6572870000.0,-18836491000.0,25889200000.0,1210727500.0,878084000.0,517929000.0,40.51683324517746,74.88006429659153,47.60663458103814,2.221298971106344,1.2019220448785954,1.8904928019391487,0.0449829003149433,1.4388527384630514,2012-10-25,0.73,bmo,2549665384.0,2025-04-25,2012-09-30,0.0684931506849315,28.43984126984127,2156402.936507937
2012-06-30,XEL,USD,72903,2012-08-03,2012-08-03 15:41:35,2012,Q2,2274668000.0,950076000.0,1324592000.0,0.5823232226,0,1061000.0,57554000.0,58615000.0,860287000.0,918902000.0,1868978000.0,881000.0,151921000.0,226641000.0,655199000.0,0.2880415955,405690000.0,0.1783513023,-120814000.0,284876000.0,0.1252384963,101801000.0,183060000.0,0.0804776785,0.38,0.38,487717000,488017000,https://www.sec.gov/Archives/edgar/data/72903/000114036112035044/0001140361-12-035044-index.htm,https://www.sec.gov/Archives/edgar/data/72903/000114036112035044/form10q.htm,4.663909603315037,0.3753406176122628,0.7951598980556347,-0.4480692696789327,0.1302599663329348,17.57885208020225,12.826829903407098,17.57885208020225,21.838316072640485,13856039970.0,24291506970.0,18.92281215175353,6.091455970717485,35.728662963851136,-63.40537484384367,1.6161464850140053,1.6161464850140053,10.679143932213403,37.07500617369685,62.63716525748234,-111.15817421784551,0.0132115669698086,-0.0157715336036231,1.224586327295546,0.3520773525465656,15.92717174476762,0.6683006100925502,2.6704010637107443,2.1183285538713643,0.0086134278089845,0.6519611056484212,0.0004664416961068,0.0,0.0777206869866452,1.5634958085469028,0.2665637358946448,2.3798261279117687,0.0058760223469974,12.184263905780226,0.009384509052657,0.0066561219286929,-41.110511833706845,-1270814000.0,6255863000.0,-18686230000.0,24094682000.0,1202273500.0,828628000.0,473748000.0,47.28130874483661,82.51572505778485,44.81991966958433,1.9035006092090991,1.090701195886893,2.008035727495419,0.0213518275197833,1.2432291677345677,2012-08-02,0.36,bmo,2154884210.0,2025-04-25,2012-06-30,0.0555555555555556,27.4268253968254,3071355.571428572
2012-03-31,XEL,USD,72903,2012-04-27,2012-04-27 16:33:09,2012,Q1,2578079000.0,1289230000.0,1288849000.0,0.4999261078,0,2799000.0,60908000.0,63707000.0,844980000.0,908687000.0,2197917000.0,5622000.0,151830000.0,228672000.0,615992000.0,0.2389344935,380162000.0,0.1474594068,-120878000.0,259284000.0,0.1005725581,75515000.0,183893000.0,0.0713294666,0.38,0.38,487360000,487995000,https://www.sec.gov/Archives/edgar/data/72903/000114036112021736/0001140361-12-021736-index.htm,https://www.sec.gov/Archives/edgar/data/72903/000114036112021736/form10q.htm,5.289886326329612,0.3773247701904136,0.9797336671043992,-0.0404936802363755,0.2046577478660538,17.51820215036113,12.705059914642154,17.51820215036113,21.33715118187787,12900419200.0,23047721200.0,17.53794217289402,5.0038882439211525,27.017546593281853,-653.6822498099823,1.5109998031078966,1.5109998031078966,8.939881671585704,37.415617735295264,48.26919743739568,-1167.8602077527237,0.0142548080918176,-0.0015297952488241,1.2002153748955655,0.3479087352422498,16.473106793594724,0.685761919633057,2.50386616610683,2.598278273266982,0.0092370641723022,0.6479963892045918,0.0010856920986517,0.0,0.0796425780201596,1.041331314413288,0.1928637563084762,1.9190419032254329,0.0015061602068827,12.195333575266403,0.0098358409780496,0.0067838371049804,-40.36337461014445,-1165208000.0,6191938000.0,-18372748000.0,23853211000.0,1325707500.0,844132500.0,546295500.0,42.22521885481399,54.88301544332664,33.11458002063247,2.1314276738139237,1.6398515874721915,2.7178360693061583,0.0215390122200773,1.0202273473407748,2012-04-27,0.37,bmo,2510255263.0,2025-04-25,2012-03-31,0.027027027027027,26.605483870967745,2811042.2741935486
2011-12-31,XEL,USD,72903,2012-02-24,2012-02-24 16:42:36,2011,Q4,2568410000.0,1298935000.0,1269475000.0,0.4942649343,0,0.0,0.0,69303000.0,856171000.0,925474000.0,2224409000.0,2411000.0,145789000.0,194303000.0,546018000.0,0.2125898902,344001000.0,0.1339353919,-124582000.0,219419000.0,0.0854298963,78478000.0,140509000.0,0.0547066084,0.29,0.29,486223000,486991000,https://www.sec.gov/Archives/edgar/data/72903/000114036112010717/0001140361-12-010717-index.htm,https://www.sec.gov/Archives/edgar/data/72903/000114036112010717/form10k.htm,5.282370434965026,0.2889805706435113,0.9900889098212136,-0.2467118996838899,0.1248069301534481,17.445077670122558,17.445077670122558,17.445077670122558,21.128626165360338,13439203720.0,23505954720.0,23.911642172387538,5.23249937509977,27.91668478035081,-112.03350967429996,1.5844010856619946,1.5844010856619946,9.151947983382716,43.04977989736602,48.8279173417753,-195.95317255349835,0.0104551581274787,-0.0089259008568701,1.1939635221908285,0.3433346892781626,18.436665091627017,0.8311128536473019,2.3595813127190666,3.415642006229557,0.0091813475389448,0.8781643880463174,0.0,0.0,0.0,1.249181560601906,0.2341374624767852,2.6783460341072565,0.0050860259849478,10.650304749195154,0.0081274208580785,0.004763458255302,-40.23642238232251,-606075000.0,8482198000.0,-18032505000.0,21747292000.0,1373410000.0,869668500.0,613119500.0,50.52441004356781,62.50275802869273,42.83576930331387,1.7813171875216731,1.4399364578229377,2.101047826705832,0.016565163887945,1.2368008095051035,2012-02-02,0.3,bmo,2656965517.0,2025-04-25,2011-12-31,-0.0333333333333333,25.80190476190476,2558439.031746032
2011-09-30,XEL,USD,72903,2011-10-28,2011-10-28 16:35:37,2011,Q3,2831598000.0,1244513000.0,1587085000.0,0.5604909313,0,0.0,0.0,71280000.0,864309000.0,935589000.0,2180102000.0,1974000.0,141710000.0,242329000.0,951792000.0,0.3361324595,651496000.0,0.2300806824,-119897000.0,531599000.0,0.1877381606,193304000.0,333658000.0,0.1178338168,0.69,0.69,485344000,485894000,https://www.sec.gov/Archives/edgar/data/72903/000114036111050788/0001140361-11-050788-index.htm,https://www.sec.gov/Archives/edgar/data/72903/000114036111050788/form10q.htm,5.834208314102987,0.6874670336915673,1.650379936704688,0.6573997000065933,0.4000358508604206,17.58810864046944,20.527811201951604,17.58810864046944,20.818802746093493,11983143360.0,21751559360.0,8.978612351569572,4.231936652024758,14.960191560071012,37.55706003478915,1.4037893729624475,1.4037893729624475,7.681725781696413,22.85326979003816,27.15543701513854,68.17281544512873,0.0278439462815539,0.0266261522886429,1.1670853695923624,0.3491002161550059,10.263183552708997,1.078505704280481,4.597389033942559,2.3677618646447627,0.0099852765176298,0.3586157083001157,0.0,0.0,-0.0499955953240212,0.6016676612542791,0.1701996540469374,1.7305796045000952,0.0041121656393315,16.494029516599102,0.01570605834317,0.011135064915388,-38.16817041108987,208290000.0,9963050000.0,-17140098000.0,20511011000.0,1287687500.0,897390000.0,546389500.0,41.47707407619302,60.54843139444908,43.96951257238776,2.1698734060814124,1.4864134037376726,2.046872815609031,0.0390870358913827,0.9929802366980944,2011-10-27,0.65,bmo,2667449275.0,2025-04-25,2011-09-30,0.0615384615384614,24.113125,3411676.578125
2011-06-30,XEL,USD,72903,2011-07-29,2011-07-29 16:22:34,2011,Q2,2438222000.0,1159360000.0,1278862000.0,0.524505972,0,0.0,0.0,65497000.0,853923000.0,919420000.0,2078780000.0,1481000.0,146338000.0,229264000.0,618806000.0,0.2537939531,359442000.0,0.1474197181,-116238000.0,243204000.0,0.0997464546,84533000.0,157702000.0,0.0646790981,0.33,0.33,484918000,485241000,https://www.sec.gov/Archives/edgar/data/72903/000114036111038534/0001140361-11-038534-index.htm,https://www.sec.gov/Archives/edgar/data/72903/000114036111038534/form10q.htm,5.028111969446381,0.3252137474789552,0.9561884689782604,-0.243870097624753,0.2095261466887185,17.19784582135536,19.952066122519685,17.19784582135536,20.86913869973893,11783507400.0,21655387400.0,18.680022130347112,4.832827937734956,25.4133999607482,-99.6432126639438,1.4129676619048164,1.4129676619048164,8.881630712871921,34.995438635048785,46.70400778134591,-183.12140000169123,0.0133832817892574,-0.0100358064866153,1.1959265163746944,0.3561548127458467,15.953109698354574,0.9394427456239846,2.45624513113477,2.922229014753799,0.0098522448418032,0.7361606067139288,0.0,0.0,-0.0476934727229978,1.255043964173027,0.2386698175965929,2.3094568155030024,0.0042670437720601,11.217930178196244,0.0089937637859206,0.0053752037191711,-37.87625691354002,-159796000.0,9675116000.0,-17184716000.0,20018172000.0,1293265500.0,903044500.0,463488500.0,46.8937406027835,74.3314328595087,37.63238338393597,1.9192326916794904,1.2107932880845431,2.391557268159052,0.0189101443783803,1.2000585666030132,2011-07-28,0.31,bmo,2290430303.0,2025-04-25,2011-06-30,0.0645161290322581,24.335396825396824,2161391.333333333
2011-03-31,XEL,USD,72903,2011-04-29,2011-04-29 16:12:23,2011,Q1,2816540000.0,1483259000.0,1333281000.0,0.4733754891,0,0.0,0.0,75298000.0,831320000.0,906618000.0,2389877000.0,4773000.0,136918000.0,224723000.0,684545000.0,0.2430446576,426663000.0,0.1514848005,-111195000.0,315468000.0,0.1120055103,112001000.0,202509000.0,0.0718999198,0.42,0.42,483641000,484301000,https://www.sec.gov/Archives/edgar/data/72903/000114036111024012/0001140361-11-024012-index.htm,https://www.sec.gov/Archives/edgar/data/72903/000114036111024012/form10q.htm,5.823617104422495,0.4187176025192239,1.3634968912892,0.246265308358886,0.1950579045200882,17.13349984802777,19.62010664935355,17.13349984802777,20.650238503352693,11554183490.0,21310229490.0,14.26379011550104,4.102261459095202,17.521125389154182,97.00919775994088,1.3943444253597708,1.3943444253597708,7.566102199862242,31.13050199767729,32.3154988224911,178.92119064011283,0.0175268983892517,0.0103083008940513,1.188732031990006,0.3586307161095625,14.25186948995318,1.0118212814457437,3.116193634145985,3.2410317152167183,0.0100068516395008,0.5709425260111897,0.0,0.0,-0.0437849189393289,0.8193869674861967,0.1918449587082022,2.1209060792564216,0.0035131757404474,12.705007065343086,0.0107627754269422,0.0070636249805279,-36.96472900353775,29373000.0,9489088000.0,-16666057000.0,19735081000.0,1371640500.0,914159000.0,501502500.0,42.05530189523316,51.48872853628395,26.831760333158268,2.140039327840403,1.747955378944292,3.35423389604369,0.0244385330629002,1.117231582930314,2011-04-28,0.42,bmo,2816500000.0,2025-04-25,2011-03-31,0.0,23.748064516129038,2348868.9032258065
2010-12-31,XEL,USD,72903,2011-02-28,2011-02-28 07:53:49,2010,Q4,2566934000.0,1321888000.0,1245046000.0,0.4850323382,0,0.0,0.0,65376000.0,857300000.0,922676000.0,2244564000.0,2849000.0,139122000.0,251316000.0,598612000.0,0.2332011653,322370000.0,0.1255856208,-114196000.0,208174000.0,0.0810983064,71671000.0,135573000.0,0.0528151483,0.28,0.28,483641000,484301000,https://www.sec.gov/Archives/edgar/data/72903/000114036111012444/0001140361-11-012444-index.htm,https://www.sec.gov/Archives/edgar/data/72903/000114036111012444/form10-k.htm,5.307519420396534,0.2803174255284394,0.7696059680630881,-2.0999501696506293,0.2242096927266298,16.93094464695921,16.93094464695921,16.93094464695921,20.519519643702665,11389745550.0,21066267550.0,21.002975426522983,4.437101051293099,30.600074554085968,-11.21455182144538,1.3909442438718012,1.3909442438718012,8.206781923493164,35.191856411164494,56.59734493421777,-20.74223239551723,0.0119030753939889,-0.0891698585838908,1.1949636923690166,0.3572758052979276,16.164931541632978,1.0773141922458729,2.3171748537255072,2.726775235709105,0.0096510496672157,0.810803036002744,0.0,0.0,0.0,3.7286043206443615,0.5406586223097283,5.522270766684175,0.0033249783593968,10.333725046758438,0.0083310355581251,0.0049501436594323,-36.6800586592121,196110000.0,8188499000.0,-16466548000.0,20859192000.0,1065562500.0,887065500.0,576262500.0,50.03823627720853,66.70572696022658,38.18175216054613,1.7986245458654044,1.3492094922174025,2.3571469329529244,0.0165565142036409,2.869556137713717,2011-01-27,0.31,bmo,2744034482.0,2025-04-25,2010-12-31,-0.0645161290322581,23.64703125,2259673.578125
2010-09-30,XEL,USD,72903,2010-10-29,2010-10-29 16:19:26,2010,Q3,2628787000.0,1186200000.0,1442587000.0,0.548765267,0,0.0,0.0,60861000.0,813096000.0,873957000.0,2060157000.0,4880000.0,138526000.0,254868000.0,878405000.0,0.3341484114,568630000.0,0.2163088908,-89942000.0,478688000.0,0.1820946315,166200000.0,311246000.0,0.1183990943,0.68,0.67,460471000,462019000,https://www.sec.gov/Archives/edgar/data/72903/000114036110042720/0001140361-10-042720-index.htm,https://www.sec.gov/Archives/edgar/data/72903/000114036110042720/form10q.htm,5.708908921517316,0.6759296459494735,1.3251605421405477,0.0337523970021999,0.605962156140126,16.745152246286953,24.030366733192757,16.745152246286953,20.539247857085464,10577018870.0,19682765870.0,8.495706667716211,4.023535900778572,17.33374883234622,680.5442587826534,1.3717402900946054,1.3717402900946054,7.487394707140594,22.407392797172147,32.25635919816191,1266.424261356325,0.0294266280343697,0.0014694121463735,1.2086132219342658,0.3543225309189989,10.366228561995891,1.150048374982496,4.104861181294487,1.952708584009626,0.0103809968904782,0.35277561799991,0.0,0.0,-0.1275453619201302,0.9745295789235624,0.2262092744676537,2.3331920837453115,0.0041091195292733,15.958297486168828,0.0151162975305241,0.0104951777873931,-37.97839277609231,330029000.0,11065287000.0,-16061296000.0,16420240000.0,960217500.0,818329000.0,528054000.0,24.10100171676138,60.27169954476479,44.89567526555387,3.7342846184442298,1.4932381313248932,2.004647429126706,0.0403656912763724,1.2914081451383477,2010-10-28,0.54,bmo,2289600000.0,2025-04-25,2010-09-30,0.148148148148148,22.27375,3169156.015625
2010-06-30,XEL,USD,72903,2010-07-30,2010-07-30 17:00:16,2010,Q2,2307764000.0,1117755000.0,1190009000.0,0.515654547,0,0.0,0.0,55551000.0,809154000.0,864705000.0,1982460000.0,1243000.0,134880000.0,234910000.0,582281000.0,0.2523139281,325304000.0,0.1409606875,-112813000.0,212491000.0,0.0920765728,76866000.0,138716000.0,0.0601083993,0.3,0.3,460041000,460432000,https://www.sec.gov/Archives/edgar/data/72903/000110465910040854/0001104659-10-040854-index.htm,https://www.sec.gov/Archives/edgar/data/72903/000110465910040854/a10-10915_110q.htm,5.016431144180627,0.3015296462706585,0.7738266806654189,-0.2827943596331631,0.2823509208961809,16.295943187672403,23.2257277068783,16.295943187672403,20.04023989166183,9481445010.0,18499909010.0,17.087872001066927,4.108498533645554,26.63387101395537,-72.87981283196385,1.2647319497033536,1.2647319497033536,8.016378195517392,31.771445418964383,51.9672043472887,-142.2008886446267,0.0146302594017786,-0.0137212207488191,1.2117769683659778,0.3553720870444606,15.488164649026844,0.96516129527337,2.411803084223013,2.624825806451613,0.0112242384876733,0.7671934023472419,0.0,0.0,-0.1247098760515697,1.365449223578058,0.2106320230318178,2.069256310927589,0.0040476409199554,10.51467900903666,0.0086902605977411,0.0048247034723458,-36.50102762579857,-81720000.0,10684787000.0,-15802463000.0,15804489000.0,982266500.0,842535500.0,458402000.0,47.44105116467715,67.81891380490357,37.39144087926245,1.897091185597731,1.3270634245028654,2.406967955329975,0.0185033564978773,1.056621040298582,2010-07-29,0.27,bmo,2148641379.0,2025-04-25,2010-06-30,0.0740740740740739,21.13904761904762,2783839.6507936507
2010-03-31,XEL,USD,72903,2010-04-30,2010-04-30 16:49:26,2010,Q1,2807462000.0,1577283000.0,1230179000.0,0.4381818881,0,0.0,0.0,58039000.0,768475000.0,826514000.0,2403797000.0,2051000.0,136093000.0,206126000.0,639194000.0,0.2276768127,403665000.0,0.14378289,-114427000.0,289238000.0,0.1030247248,121898000.0,166058000.0,0.059148797,0.36,0.36,458918000,459697000,https://www.sec.gov/Archives/edgar/data/72903/000110465910024080/0001104659-10-024080-index.htm,https://www.sec.gov/Archives/edgar/data/72903/000110465910024080/a10-5601_110q.htm,6.117567844364353,0.3618467787273543,1.210540880941693,0.1618960249979299,0.2974126096601135,16.257481728762002,23.03652504368972,16.257481728762002,19.631692372057756,9729061600.0,18522801600.0,14.647083549121392,3.465429487558514,17.51283276241632,130.9482428631035,1.3040149977529372,1.3040149977529372,6.59770340613693,28.978372137410556,33.342036472686885,249.30753058669933,0.0170682442795921,0.0076366049527325,1.1893072251409391,0.3502434881192252,13.757544657803422,0.8494317420080454,2.9660967132769502,3.3198219194454404,0.0108915951359584,0.6381204157583495,0.0,0.0,-0.1227979584046277,0.8662614145901548,0.1714153210266069,2.035185506277991,0.0025393041829239,11.50483121822547,0.0099021449568641,0.0058377545910031,-36.93450246013449,-415544000.0,10571876000.0,-15529356000.0,15217972000.0,1086129500.0,963183000.0,509313000.0,23.98081256309079,48.089949615890106,25.815208811608315,3.7530004357950855,1.8714929152319544,3.486316948152274,0.0222572465258989,1.048644855943763,2010-04-29,0.41,bmo,2740557142.0,2025-04-25,2010-03-31,0.024390243902439,20.99180327868853,2552220.3114754097
2009-12-31,XEL,USD,72903,2010-02-26,2010-02-26 16:23:37,2009,Q4,2618116000.0,1433026000.0,1185090000.0,0.4526499208,0,0.0,0.0,48319000.0,783512000.0,831831000.0,2264857000.0,6153000.0,131079000.0,211957000.0,615378000.0,0.2350461171,353259000.0,0.1349287045,-80917000.0,272342000.0,0.1040221289,90733000.0,167824000.0,0.0641010559,0.37,0.37,458918000,459697000,https://www.sec.gov/Archives/edgar/data/72903/000104746910001536/0001047469-10-001536-index.htm,https://www.sec.gov/Archives/edgar/data/72903/000104746910001536/a2196778z10-k.htm,5.70497561655895,0.3656949607555162,0.6311541495430556,-0.4065388587939457,0.2348763831447012,16.099226877132732,22.73837373997097,16.099226877132732,19.660420815919185,9738239960.0,18521892960.0,14.50662592954524,3.719560156998391,33.6209466662984,-52.196732344239095,1.3180757164271528,1.3180757164271528,7.074511962036824,30.09839961779589,63.94621388720102,-99.27690150508126,0.0172335042768857,-0.0191582874078202,1.2034611831664574,0.3488423060064747,14.273589566087836,0.916476108006714,2.695008353740874,1.6953450122622902,0.0108440540009038,0.6292425398036038,0.0,0.0,-0.1195375407224015,1.644119759155941,0.1818926281341239,2.246757597059781,0.0062716854409812,11.509415196833944,0.0100344172637273,0.0058812867676795,-36.261730309118406,-251846000.0,10435049000.0,-15336792000.0,15209626000.0,1029882000.0,947598000.0,560567000.0,48.95814012824489,68.05283365409979,35.56003170912461,1.8383051268746475,1.322501873433422,2.530931376444927,0.0227150634963066,1.0376930083370013,2010-01-28,0.36,bmo,2547437837.0,2025-04-25,2009-12-31,0.0277777777777778,20.10921875,3113639.765625
2009-09-30,XEL,USD,72903,2009-10-30,2009-10-30 16:27:16,2009,Q3,2314562000.0,1058656000.0,1255906000.0,0.5426106538,0,0.0,0.0,47157000.0,743601000.0,790758000.0,1849414000.0,2709000.0,129749000.0,198222000.0,663370000.0,0.2866071421,465148000.0,0.2009658847,-107745000.0,353040000.0,0.1525299387,135610000.0,219768000.0,0.0949501461,0.48,0.48,456769000,457453000,https://www.sec.gov/Archives/edgar/data/72903/000110465909061541/0001104659-09-061541-index.htm,https://www.sec.gov/Archives/edgar/data/72903/000110465909061541/a09-30440_110q.htm,5.067248434110021,0.4811359790178405,1.1013225503482067,0.3061459950215535,0.1974871324455031,15.973413257029264,22.25410875081277,15.973413257029264,19.16435441109182,8788235560.0,17321963560.0,9.997173792362856,3.796932447694207,17.469904701321934,62.84583274932422,1.2045014857130325,1.2045014857130325,7.483905620156211,26.112069523795167,34.43388044925952,123.87164833593158,0.0250070675165197,0.0159119540031992,1.1819825771364665,0.3438404561694158,12.864205496178602,1.0018013842877722,3.584983313936909,2.2681058464424035,0.0120002472942361,0.479874231007244,0.0,0.0,-0.1143815321813845,0.722019679952291,0.1569247226905133,1.5636413731348424,-0.0020271653988962,13.149948139735756,0.0122565351925528,0.0078628881860076,-37.08812386567389,4299000.0,10164987000.0,-15394251000.0,15650264000.0,917939500.0,802685000.0,495225500.0,24.713388537442505,68.99895716833419,47.17642935948977,3.641750699773272,1.3043675396489014,1.907732340533654,0.0301210499769741,0.7951765553266531,2009-10-29,0.5,bmo,2411041666.0,2025-04-25,2009-09-30,-0.04,19.446875,2491985.296875
2009-06-30,XEL,USD,72903,2009-07-31,2009-07-31 15:45:37,2009,Q2,2016083000.0,947476000.0,1068607000.0,0.5300411739,0,0.0,0.0,41417000.0,747822000.0,789239000.0,1736715000.0,3019000.0,129452000.0,202348000.0,484735000.0,0.2404340496,279368000.0,0.1385696918,-104458000.0,171655000.0,0.085142824,57846000.0,113927000.0,0.0565090822,0.25,0.25,456307000,456766000,https://www.sec.gov/Archives/edgar/data/72903/000110465909046313/0001104659-09-046313-index.htm,https://www.sec.gov/Archives/edgar/data/72903/000110465909046313/a09-17583_110q.htm,4.41826007490571,0.2496718218217121,0.686419450063225,-0.3427911471881869,0.8333271240634047,15.732178116925668,21.546699919133392,15.732178116925668,19.75389595162905,8400611870.0,16904747870.0,18.434198807130883,4.16679862386618,26.820335580969164,-53.706171092840975,1.1702130412694327,1.1702130412694327,8.384946388615944,34.874205225535604,53.971188980199095,-108.0741850042834,0.013561750234748,-0.018619834176436,1.2376036451152803,0.3555568797864158,17.543886866019577,1.0028981337727438,2.1580817600346074,2.67561333971161,0.0121556621803549,0.8963195730599419,0.0,0.0,-0.1061824287913864,1.4993902010740123,0.2329447745950935,2.0222011712022048,0.0042691694736774,9.400922048539778,0.0079615798999952,0.0041217479102553,-35.74413059628715,7394000.0,9831910000.0,-15249857000.0,15555284000.0,1253244000.0,825708500.0,443165000.0,53.58332965458267,75.39730821677804,41.36989221890581,1.6796268649255697,1.1936765665590756,2.175495152942905,0.0158701369871409,1.0292105972514118,2009-07-30,0.25,bmo,2016100000.0,2025-04-25,2009-06-30,0.0,17.977619047619047,3177331.8412698414
2009-03-31,XEL,USD,72903,2009-04-30,2009-04-30 17:13:50,2009,Q1,2695542000.0,1521879000.0,1173663000.0,0.4354089085,0,0.0,0.0,45219000.0,757647000.0,802866000.0,2324745000.0,2352000.0,131575000.0,239218000.0,637138000.0,0.2363673057,370797000.0,0.137559348,-107854000.0,259801000.0,0.0963817295,87125000.0,173007000.0,0.0641826393,0.38,0.38,455192000,455952000,https://www.sec.gov/Archives/edgar/data/72903/000110465909027822/0001104659-09-027822-index.htm,https://www.sec.gov/Archives/edgar/data/72903/000110465909027822/a09-9808_110q.htm,5.921769275382696,0.3800747816306086,1.785066521379989,0.7353160863987065,0.661951440271358,15.716581134993586,21.11696163377212,15.716581134993586,19.102161285787098,8480226960.0,16742487960.0,12.254167403631063,3.146019227301968,10.436585850928193,25.336043022317828,1.1853723045732618,1.1853723045732618,6.211176809710255,26.27764779372757,20.60492175231494,50.02087765528368,0.0204012228465168,0.0394694625012724,1.1970228941264418,0.3477133850416803,12.967773072709525,0.9144991698948534,2.818141744252328,4.621529081208977,0.0119977920968285,0.5880918113139931,0.0,0.0,-0.0998125689832505,0.5880735661154787,0.1772697290563456,1.9975001881129344,0.0034638673780634,11.593239979160472,0.0107883807955252,0.0063872107961203,-35.07937529657815,-229278000.0,9612272000.0,-15021889000.0,15259988000.0,1103476500.0,988997500.0,558758500.0,43.61107339451584,50.720451494501205,26.65962274267533,2.0636960522810166,1.77443215405441,3.375891732178666,0.0241830445416883,1.0497504349812827,2009-04-30,0.36,bmo,2553631578.0,2025-04-25,2009-03-31,0.0555555555555556,17.983442622950818,3648049.770491803
2008-12-31,XEL,USD,72903,2009-02-27,2009-02-27 17:14:34,2008,Q4,2707573000.0,1610510000.0,1097063000.0,0.4051831659,0,0.0,0.0,0.0,744220000.0,744220000.0,2354730000.0,0.0,552919000.0,263706000.0,616549000.0,0.2277127893,352843000.0,0.1303170773,-104045000.0,248798000.0,0.0918896739,85240000.0,163015000.0,0.0602070563,0.36,0.36,455192000,455952000,https://www.sec.gov/Archives/edgar/data/72903/000104746909002013/0001047469-09-002013-index.htm,https://www.sec.gov/Archives/edgar/data/72903/000104746909002013/a2190946z10-k.htm,5.948199880489991,0.3581236049842703,1.0273423083006732,-0.2685526107664458,0.5474568973092673,15.52909761155732,24.370731471554866,15.52909761155732,20.427927116469533,8443811600.0,16940323600.0,12.949439622120664,3.11859056062385,18.05629910315244,-69.07398869464919,1.1945317406076716,1.1945317406076716,6.256645194792532,27.47603775206837,36.22529306857013,-138.57908919120112,0.0193058547161331,-0.0144772296909135,1.2372407964609156,0.3504101509325782,13.780757085000545,0.989916766379592,0.6381459128733141,2.850130427362929,0.0093707680545596,0.4853847805416679,0.0,0.0,-0.1612533528163457,1.2614051894841736,0.2178633780141846,0.6677454629428385,0.0094220912972614,11.18615525652489,0.0101174943785984,0.0056244776272657,-36.53762752860331,-30716000.0,11093362000.0,-14874245000.0,13633363000.0,862087500.0,992106000.0,697020500.0,29.942051423913597,62.60697543014325,37.25764509379017,3.00580607273022,1.4375394975025082,2.41561160866285,0.0230614562379813,1.295894919067119,2009-01-29,0.37,bmo,2862320000.0,2025-04-25,2008-12-31,-0.0540540540540541,17.86984375,3851675.265625
2008-09-30,XEL,USD,72903,2008-10-24,2008-10-24 15:39:51,2008,Q3,2851680000.0,1669739000.0,1181941000.0,0.4144718201,0,0.0,0.0,27483000.0,733947000.0,733947000.0,2403686000.0,9854000.0,139777000.0,195842000.0,716656000.0,0.2513101049,447994000.0,0.1570982719,-103543000.0,344451000.0,0.1207887982,121756000.0,221729000.0,0.0777538153,0.51,0.51,434131000,439397000,https://www.sec.gov/Archives/edgar/data/72903/000110465908065689/0001104659-08-065689-index.htm,https://www.sec.gov/Archives/edgar/data/72903/000110465908065689/a08-25777_110q.htm,6.568708523464116,0.5107421492590946,0.9342134056310192,-0.1784415303214928,0.884468052269937,16.016640138575685,25.19988667015256,16.016640138575685,20.464288429068645,8678278690.0,17038708690.0,9.784780847340672,3.043216170818605,21.397680529426413,-112.02549072508292,1.2480769891217431,1.2480769891217431,5.974972188324076,23.77529622301355,42.01165440822938,-219.9479609382059,0.0255498824041568,-0.0089265397859676,1.257587023177417,0.3569038555177743,11.665889910919605,1.0024317589303966,3.205062349313549,1.820434673321723,0.0119150356532281,0.4663440506203519,0.0,0.0,-0.1627189067427787,1.1910072465733497,0.169387168265724,0.0,0.0,13.56681234433596,0.0127391644263938,0.0077833890572631,-37.27497805961795,7352000.0,10940052000.0,-14516732000.0,13575611000.0,844354500.0,946391000.0,709576000.0,25.986597374179432,46.56411570910184,39.20365997320539,3.46332375509173,1.9328188376271,2.2957040251219527,0.0318882203033946,1.112654935952512,2008-10-23,0.56,bmo,3131278431.0,2025-04-25,2008-09-30,-0.0892857142857143,20.3584375,3111536.5625
2008-06-30,XEL,USD,72903,2008-08-01,2008-08-01 16:40:33,2008,Q2,2615515000.0,1589222000.0,1026293000.0,0.3923865854,0,0.0,0.0,0.0,766457000.0,766457000.0,2355679000.0,0.0,9931000.0,243138000.0,502974000.0,0.1923040013,259836000.0,0.0993441062,-99257000.0,160579000.0,0.0613947922,55106000.0,104512000.0,0.0399584785,0.24,0.24,430811000,435868000,https://www.sec.gov/Archives/edgar/data/72903/000110465908049297/0001104659-08-049297-index.htm,https://www.sec.gov/Archives/edgar/data/72903/000110465908049297/a08-19148_110q.htm,6.071142565997619,0.2425936199400665,0.5956208174814478,-0.6820345812897071,0.1645060130776605,15.040122002455831,24.276367130829996,15.040122002455831,19.87752633985669,8646376770.0,17129031770.0,20.682736838831904,3.3058027845376534,33.69593441153546,-29.42666039315517,1.3344306646397457,1.3344306646397457,6.549009189394823,34.0555014175683,66.75382607170694,-58.296118035040905,0.0120873751838598,-0.0339827893019286,1.3201006258247228,0.3606245939112115,16.86499699785675,0.8372516012289715,26.164132514349006,2.43054568876512,0.0115743279135405,0.9575551132884262,0.0,0.0,-0.1677615367793174,2.145081839438815,0.2104472732903462,0.0,0.0,9.060593077752143,0.007785306235978,0.0037733071087911,-37.54181241890295,-522555000.0,10458526000.0,-14550933000.0,12777210000.0,914407500.0,1046527000.0,558476500.0,29.77553177863633,58.26779392683967,39.1787931453252,3.0226160415571206,1.5445925430608012,2.297161111271718,0.016129764100348,1.277655398771155,2008-07-31,0.3,bmo,3269375000.0,2025-04-25,2008-06-30,-0.2,20.84890625,2200604.953125
2008-03-31,XEL,USD,72903,2008-05-02,2008-05-02 17:06:58,2008,Q1,3028388000.0,1088080000.0,1940308000.0,0.6407065409,0,0.0,0.0,0.0,1610190000.0,1610190000.0,2698270000.0,0.0,132171000.0,237711000.0,567829000.0,0.1875020638,330118000.0,0.1090078286,-99540000.0,230578000.0,0.0761388567,76584000.0,152047000.0,0.050207239,0.35,0.35,429563000,434853000,https://www.sec.gov/Archives/edgar/data/72903/000110465908029542/0001104659-08-029542-index.htm,https://www.sec.gov/Archives/edgar/data/72903/000110465908029542/a08-13138_110q.htm,7.049927484443493,0.3539573939096244,1.279688893130926,0.1392298684942604,0.4093485705239976,15.04326024354984,24.06030081734228,15.04326024354984,19.534803975202703,8569781850.0,16653198850.0,14.090678951245335,2.829816341235007,15.589726617998316,143.2882198033708,1.326175288934062,1.326175288934062,5.499030787996783,29.32784139239102,30.29468216704535,278.44433604200105,0.0177422252586277,0.0069789407766546,1.2781216670679856,0.3535850148681728,14.235653691516283,0.9169656972820796,2.4976583365488647,3.590110830280113,0.0116314512720064,0.6555801824435865,0.0,0.0,-0.1658225956841628,0.891200221208753,0.1617689014749761,2.1650984880961324,0.0019066249106785,10.94555374631641,0.0102321978809996,0.005583393100626,-36.7479496604689,-243385000.0,10335415000.0,-14208839000.0,12838370000.0,957540000.0,1071752500.0,478371500.0,28.63404557143933,88.02146900963164,35.16466620101463,3.1431115723923195,1.022477822883777,2.559387297622156,0.0235293007086939,1.1404590246366657,2008-05-01,0.31,bmo,2682208571.0,2025-04-25,2008-03-31,0.129032258064516,20.770819672131147,2918398.098360656
2007-12-31,XEL,USD,72903,2008-02-20,2008-02-20 17:28:42,2007,Q4,2603219000.0,1521701000.0,1081518000.0,0.4154540974,0,0.0,0.0,0.0,795732000.0,795732000.0,2317433000.0,0.0,520037000.0,224375000.0,510161000.0,0.1959731394,285786000.0,0.109781774,-155209000.0,130577000.0,0.0501598214,39306000.0,128861000.0,0.0495006375,0.3,0.3,429563000,434853000,https://www.sec.gov/Archives/edgar/data/72903/000104746908001516/0001047469-08-001516-index.htm,https://www.sec.gov/Archives/edgar/data/72903/000104746908001516/a2182843z10-k.htm,6.060156484613433,0.2999816092168087,0.3850960161838892,-1.0447431459413403,0.1190046628783205,14.912788112570215,24.051433666307386,14.912788112570215,19.993090652593448,9695236910.0,17712371910.0,18.809486403954647,3.7243262706672007,58.60876002732389,-21.60339609566316,1.5134661492960797,1.5134661492960797,6.804026826018095,34.7191806312125,107.07321176619938,-39.467564301678095,0.0132911656719897,-0.0462890184289472,1.259487616418529,0.3479987062172437,15.714911567132727,0.7709687997442548,0.5495493589879181,1.2732485645233294,0.0100712340406336,0.7577389590333771,0.0,0.0,-0.1693193972048927,3.712941973002545,0.2359409638605127,0.7176167225729264,0.0087856611372304,10.032703970423798,0.0093917332437012,0.0047532029371364,-36.66082739900783,-833931000.0,10331606000.0,-13971552000.0,11916134000.0,850855500.0,976272500.0,531489500.0,32.89857672366405,63.83714671936209,31.44172212543726,2.735680657432901,1.4098374477113436,2.8624386298226145,0.0201157293292425,1.4298391621252295,2008-01-30,0.28,bmo,2429653333.0,2025-04-25,2007-12-31,0.0714285714285712,22.25359375,3029162.5625
2007-09-30,XEL,USD,72903,2007-10-26,2007-10-26 16:19:39,2007,Q3,2399997000.0,1191089000.0,1208908000.0,0.5037122963,0,0.0,0.0,0.0,713138000.0,713138000.0,1904227000.0,0.0,137451000.0,212841000.0,708611000.0,0.2952549524,495770000.0,0.2065710915,-113480000.0,382290000.0,0.1592876991,135945000.0,250654000.0,0.1044392972,0.6,0.58,419822000,433387000,https://www.sec.gov/Archives/edgar/data/72903/000110465907077398/0001104659-07-077398-index.htm,https://www.sec.gov/Archives/edgar/data/72903/000110465907077398/a07-26031_110q.htm,5.716701363911372,0.5970482728394415,1.1014930137058083,-0.0982988028259595,0.8595738193805946,14.927247738327196,23.96367746330588,14.926516476030317,19.33551124047811,9257075100.0,16876229100.0,9.23292177663233,3.857119446399308,20.018284025076177,-224.31605844722304,1.47723683790581,1.47723683790581,7.031770914713643,23.81592876768777,36.49458859808274,-408.9422579238151,0.0270770191763919,-0.004457995593014,1.273445698382505,0.3496298818635431,10.75223782865352,1.0702582050612257,3.606885362783829,1.8371286460030032,0.0105375616969986,0.3891699314593024,0.0,0.0,-0.1662135876049801,1.089241421963493,0.2098748456768904,0.0,0.0,14.160389995839656,0.0151618054182346,0.0094167490579926,-36.60661244527443,174287000.0,10060479000.0,-13902461000.0,12726732000.0,779086000.0,903078000.0,470238500.0,28.12994766243457,65.97995615776823,40.15082835959362,3.1994371649751843,1.3640506184150252,2.2415477756511955,0.0399991701880481,1.1997918165317685,2007-10-25,0.57,bmo,2400000000.0,2025-04-25,2007-09-30,0.0,20.852380952380955,3074619.6666666665
2007-06-30,XEL,USD,72903,2007-07-27,2007-07-27 16:41:16,2007,Q2,2267292000.0,1251473000.0,1015819000.0,0.4480318371,0,0.0,0.0,0.0,725272000.0,725272000.0,1976745000.0,0.0,0.0,231594000.0,522141000.0,0.2302927898,290547000.0,0.1281471465,-112468000.0,186385000.0,0.0822059973,62282000.0,66635000.0,0.029389686,0.16,0.16,412710000,432861000,https://www.sec.gov/Archives/edgar/data/72903/000110465907056881/0001104659-07-056881-index.htm,https://www.sec.gov/Archives/edgar/data/72903/000110465907056881/a07-20367_110q.htm,5.493668677764047,0.161457197547915,0.8101620992949045,-0.3926364759758668,0.0940878583024399,14.7818855855201,23.815955513556737,14.78010225097526,18.246604153037243,8448173700.0,15939898700.0,31.695706835746986,3.7261074885810914,25.26654853123261,-52.13473849856521,1.3849701208020595,1.3849701208020595,7.030368695342285,30.527958348415467,47.67257852267901,-98.36711222191369,0.0078875035441091,-0.0191810686847028,1.2345384249174085,0.3378683918068702,14.348087968575538,0.8718969674203093,0.0,4.399442112603782,0.010892176613272,1.380940946949801,0.0,0.0,-0.1672819036603296,1.48463940280295,0.218942685811973,0.0,0.0,7.327548191623659,0.0094225354159725,0.0025612216929462,-37.16503658743427,-342382000.0,9829083000.0,-13857472000.0,12038912000.0,864481000.0,941221500.0,398411500.0,32.07513191948809,67.09376870296043,29.42110616849105,2.805912076243656,1.3414062399512945,3.059028422812558,0.0109239567363115,1.2027985752707713,2007-07-25,0.26,bmo,2032751724.0,2025-04-25,2007-06-30,0.1153846153846152,23.246349206349205,2345244.095238095
2007-03-31,XEL,USD,72903,2007-04-27,2007-04-27 14:59:09,2007,Q1,2763662000.0,979571000.0,1784091000.0,0.6455532551,0,0.0,0.0,0.0,1505963000.0,1505963000.0,2485534000.0,0.0,816000.0,231860000.0,509988000.0,0.1845334198,278128000.0,0.1006374875,-111705000.0,166423000.0,0.0602182901,47909000.0,118651000.0,0.0429325294,0.29,0.28,408003000,432054000,https://www.sec.gov/Archives/edgar/data/72903/000110465907032410/0001104659-07-032410-index.htm,https://www.sec.gov/Archives/edgar/data/72903/000110465907032410/a07-10670_110q.htm,6.7736315664345605,0.2908091362073318,1.4486731715207977,0.2659735345083246,0.1593199069614684,14.64313987887344,23.446607010242573,14.640164410555805,18.195650522177537,10073594070.0,17431655070.0,21.225261628641988,3.6450166735295415,17.04318164053578,92.82878480989328,1.6864564705433291,1.6864564705433291,6.307448258868125,34.18052007106049,29.49204242187381,160.63376647192172,0.0117784178293775,0.0107725206362221,1.242721736360104,0.3377267767071081,14.4279100684722,0.8632337939601386,340.84313725490193,4.937415943397014,0.0091013196842068,0.7727115658527952,0.0,0.0,-0.1634178128296396,0.816401974070446,0.1746034790072013,2.1664728621264024,0.0016170573680862,9.787420765388536,0.0098076235727853,0.004640000037542,-36.90046090347375,-376872000.0,9566286000.0,-13626329000.0,11866662000.0,1134257000.0,1025378500.0,446952500.0,29.99024120894668,87.2359737068574,35.622073336184926,3.000976196655305,1.0316844780391938,2.526523348335762,0.0198637889611166,1.182699637012473,2007-04-25,0.36,bmo,3553199999.0,2025-04-25,2007-03-31,-0.2222222222222221,23.67295081967213,1654395.3278688523
2006-12-31,XEL,USD,72903,2007-02-23,2007-02-23 06:37:35,2006,Q4,2466736000.0,996251000.0,1470485000.0,0.5961258116,0,0.0,0.0,0.0,1241002000.0,1241002000.0,2237253000.0,0.0,0.0,223329000.0,452812000.0,0.1835672727,229483000.0,0.0930310337,-108213000.0,121270000.0,0.0491621317,24512000.0,96658000.0,0.0391845743,0.24,0.23,408003000,432054000,https://www.sec.gov/Archives/edgar/data/72903/000110465907013272/0001104659-07-013272-index.htm,https://www.sec.gov/Archives/edgar/data/72903/000110465907013272/a07-5000_110k.htm,6.045877113648674,0.2369051207956804,0.7808496506153141,-0.3470807812687652,0.0918081484694965,14.517937368107589,14.517937368107589,14.514113866809804,18.167388475084746,9408549180.0,16783440180.0,24.33463650189327,3.8141694855063535,29.53193355702802,-66.43986427512182,1.5887983387489146,1.5887983387489146,6.803906125341341,37.0649191717534,52.68053881333002,-118.51874994703763,0.0102734224109141,-0.0150512047384546,1.2517049708855514,0.3375640861110395,16.28687181435121,0.9193464794552436,0.0,3.260256449615735,0.0097271107637447,0.9468228185975296,0.0,0.0,0.0,1.444491178289269,0.1865619182595948,0.0005369075133381,0.0,8.795767602905606,0.0091294487214175,0.0044018798137163,-36.11183312377605,-231095000.0,5923362000.0,-13400798000.0,15317563000.0,1045504000.0,989977500.0,523983500.0,49.16755177692303,99.48727780448904,45.72853628252318,1.8304755219120312,0.904638281257094,1.9681364704952689,0.0163223964597262,1.1279304318840793,2007-01-31,0.22,bmo,2359452173.0,2025-04-25,2006-12-31,0.0454545454545455,22.252857142857145,1262342.857142857
2006-09-30,XEL,USD,72903,2006-10-27,2006-10-27 17:00:49,2006,Q3,2411591000.0,1160896000.0,1250695000.0,0.5186182068,0,0.0,0.0,0.0,840592000.0,840592000.0,2001488000.0,0.0,2149000.0,226435000.0,635508000.0,0.2635222971,410103000.0,0.1700549554,-102903000.0,307200000.0,0.1273847846,83025000.0,222342000.0,0.0921972258,0.55,0.53,406123000,430000000,https://www.sec.gov/Archives/edgar/data/72903/000110465906069337/0001104659-06-069337-index.htm,https://www.sec.gov/Archives/edgar/data/72903/000110465906069337/a06-21517_110q.htm,5.938080335267887,0.547474533577266,0.9533269477473574,-0.1148248190819037,0.081160141139507,14.267039788438478,22.512295536081435,14.261406027238053,17.732568704555025,8386439949.999999,15552933950.0,9.429662355740254,3.4775548382789614,21.66098424973138,-179.83916861450044,1.4479638235220484,1.4479638235220484,6.449241994185582,24.47323078545038,40.17102123625919,-333.51776531640684,0.0265120839504729,-0.0055605239264844,1.2430245075653263,0.3392705141190337,11.276795886125743,1.1156782375916092,190.83434155421125,1.7248710249396335,0.0108853101607196,0.4105791978123791,0.0,0.0,-0.1578004407740345,1.120446421191834,0.17988166318418,0.0,0.0,13.254226638723916,0.0153843826532579,0.009049702297429,-35.86305934409034,263596000.0,9142761000.0,-12883928000.0,12220700000.0,756011000.0,900781500.0,468647000.0,27.74407020095862,68.1212184381719,42.00197950548542,3.243936428508976,1.3211742547101637,2.142756152439103,0.0383885384464643,1.068151766829261,2006-10-26,0.48,bmo,2184090566.0,2025-04-25,2006-09-30,0.1041666666666667,20.216031746031742,1362811.111111111
2006-06-30,XEL,USD,72903,2006-08-03,2006-08-03 12:44:48,2006,Q2,2073873000.0,951214000.0,1122659000.0,0.5413344983,0,0.0,0.0,0.0,898001000.0,898001000.0,1849215000.0,0.0,921000.0,226167000.0,446968000.0,0.2155233228,224658000.0,0.108327752,-100380000.0,118473000.0,0.0571264489,20537000.0,97215000.0,0.0468760623,0.24,0.24,405434000,429099000,https://www.sec.gov/Archives/edgar/data/72903/000110465906051064/0001104659-06-051064-index.htm,https://www.sec.gov/Archives/edgar/data/72903/000110465906051064/a06-15163_110q.htm,5.115192608414686,0.2397800875111608,1.315163503800865,0.29657601483842,0.3976306871155354,13.968248839515184,22.449052126856653,13.960915956727852,17.726495557846654,7776224120.0,14801014120.0,19.99749040785887,3.749614426727191,14.583738025400775,64.6714469153873,1.3738353600472064,1.3738353600472064,7.136895132922797,33.11425900735623,27.75821646924675,123.09354568287289,0.012501568691927,0.0154627744962679,1.269560247551778,0.3380241335771471,15.716538991605663,0.9665406386758694,243.928338762215,5.344894297370716,0.0113362216211432,0.9067839325207016,0.0,0.0,-0.1617400116638504,0.7744949476005791,0.1991298406411578,0.0,0.0,8.678701926060358,0.0094567638583562,0.0039362678892372,-36.1593163128894,-85975000.0,9101609000.0,-13112083000.0,11561880000.0,855262500.0,912381500.0,388975000.0,33.35528742598993,87.31896292527234,37.42220993383192,2.698222888940642,1.0307039500345658,2.404988913245196,0.0171750971250284,1.018587488962445,2006-08-01,0.21,bmo,1814662500.0,2025-04-25,2006-06-30,0.1428571428571428,18.645238095238096,1284123.8095238097
2006-03-31,XEL,USD,72903,2006-05-01,2006-04-28 18:07:53,2006,Q1,2888104000.0,994695000.0,1893409000.0,0.6555889262,0,0.0,0.0,0.0,1580660000.0,1580660000.0,2575355000.0,0.0,0.0,218923000.0,531672000.0,0.1840903236,312749000.0,0.1082886904,-109601000.0,203148000.0,0.0703395723,53336000.0,150238000.0,0.0520195949,0.37,0.36,404125000,427461000,https://www.sec.gov/Archives/edgar/data/72903/000110465906029104/0001104659-06-029104-index.htm,https://www.sec.gov/Archives/edgar/data/72903/000110465906029104/a06-9220_110q.htm,7.146561088772039,0.3717612124961336,1.7274308691617692,0.9339882462109496,0.2026773894215898,13.923743891122797,22.33284008660687,13.915424682957006,17.64325146922363,7334868749.999999,14383040750.0,12.205415324352026,2.539683041192422,10.506932765886738,19.432792729064666,1.3043080188727054,1.3043080188727054,4.980097929298945,27.052469849832228,20.60318286257803,38.106019239736334,0.0204827114322938,0.0514594075047355,1.2678917008427564,0.3372601872497006,13.256616861523646,0.7796865996405012,0.0,4.659826983152217,0.0119683123164269,0.5843128902141935,0.0,0.0,-0.1607443708681946,0.4593194651753765,0.1110243952433845,1.5304174343015875,0.0,10.78875993485958,0.0118453531707936,0.0061222906343517,-35.965819981441385,-717262000.0,9025259000.0,-12975867000.0,10767191000.0,976743500.0,1044687000.0,458795000.0,29.352343267416963,81.60255153589794,34.602536455898544,3.0661947218335355,1.1029066898773126,2.6009653978605405,0.0267157647693965,0.7934426229508197,2006-04-27,0.31,bmo,2486975000.0,2025-04-25,2006-03-31,0.1612903225806451,18.672096774193548,1343970.9838709678
2005-12-31,XEL,USD,72903,2006-02-27,2006-02-24 21:48:19,2005,Q4,2884938000.0,1127372000.0,1757566000.0,0.6092214113,0,0.0,0.0,0.0,1507011000.0,1507011000.0,2634383000.0,0.0,857000.0,209937000.0,460492000.0,0.1596193748,250555000.0,0.0868493534,-108292000.0,142263000.0,0.0493123249,43298000.0,111008000.0,0.0384784699,0.28,0.26,404125000,427461000,https://www.sec.gov/Archives/edgar/data/72903/000110465906012011/0001104659-06-012011-index.htm,https://www.sec.gov/Archives/edgar/data/72903/000110465906012011/a06-1891_110k.htm,7.138726879059697,0.2746872873492113,-0.3575428394679864,-1.3708481286730592,0.1786476956387256,13.619008969996909,13.619008969996909,13.610231982678629,18.50977049180328,7460147500.0,14867355500.0,16.800923131666185,2.5858952601407723,-51.63017675719072,-13.46611605901869,1.356332502156726,1.356332502156726,5.153440212579959,32.28580626807849,-102.89396990836865,-26.836672418834866,0.0148801347426441,-0.0742604620082914,1.359833534385349,0.3454958806033689,16.08542167942114,0.8554342078824316,292.3628938156359,-1.279834188079611,0.0117529847767755,0.789843975208994,0.0,0.0,0.0,-2.8340807795587297,0.141944818224863,0.5236102977467605,0.0,9.171561935084888,0.008912266665661,0.0051277891545929,-37.23125951128982,-530965000.0,5503782000.0,-13002673000.0,14165345000.0,938052500.0,1105255000.0,378416000.0,31.557423417764955,94.79924106683508,42.72248202013177,2.851943861466692,0.9493746889444872,2.106619179044654,0.0201824103879197,1.013305289205073,2006-02-01,0.25,bmo,3002291666.0,2025-04-25,2005-12-31,-0.04,18.51301587301587,1223268.253968254
2005-09-30,XEL,USD,72903,2005-10-28,2005-10-28 17:05:54,2005,Q3,2286123000.0,1121154000.0,1164969000.0,0.5095828177,0,0.0,0.0,0.0,800244000.0,800244000.0,1921398000.0,0.0,1930000.0,196068000.0,566768000.0,0.2479166694,364725000.0,0.15953866,-106275000.0,258450000.0,0.11305166,60633000.0,194959000.0,0.0852793135,0.48,0.47,402735000,426085000,https://www.sec.gov/Archives/edgar/data/72903/000110465905050999/0001104659-05-050999-index.htm,https://www.sec.gov/Archives/edgar/data/72903/000110465905050999/a05-17913_110q.htm,5.676494469067749,0.4840875513675245,1.294983053372565,0.6163258718512173,0.461037655033707,13.625443529864553,19.06951221026233,13.61444374092145,17.40395793760165,7897633350.0,14719210350.0,10.127300291343309,3.4545968655229835,15.143055307889211,31.817583677119927,1.4403820217095964,1.4403820217095964,6.438503243263814,25.97043296375237,28.222862032270125,59.30000624456119,0.0246857496872781,0.0314291622565638,1.2779931399031883,0.3253304408274915,12.035924752279591,1.136443543896664,188.97668393782385,2.671948726618816,0.0110878786237905,0.4491611056683713,0.0,0.0,-0.1017934591674896,0.5240664576682293,0.1195556844491744,0.0,0.0,12.17736061344599,0.0142596010924435,0.0082152352099303,-37.50982780240109,383493000.0,7679960000.0,-12857308000.0,12619294000.0,819436000.0,895865500.0,219676500.0,34.03501911314483,82.12242921133047,17.794834607912918,2.6443352272201506,1.095924717087919,5.057647456862524,0.0355569100419787,0.6786571815213478,2005-10-26,0.44,bmo,2142706382.0,2025-04-25,2005-09-30,0.0681818181818181,19.34859375,1131354.6875
2005-06-30,XEL,USD,72903,2005-07-29,2005-07-29 16:36:40,2005,Q2,2067017000.0,912400000.0,1154617000.0,0.558590955,0,0.0,0.0,0.0,952112000.0,952112000.0,1864512000.0,0.0,5066000.0,204192000.0,400532000.0,0.1937729588,202505000.0,0.0979696829,-99875000.0,103180000.0,0.0499173447,24770000.0,82346000.0,0.0398380855,0.2,0.2,402214000,425552000,https://www.sec.gov/Archives/edgar/data/72903/000110465905035130/0001104659-05-035130-index.htm,https://www.sec.gov/Archives/edgar/data/72903/000110465905035130/a05-12523_110q.htm,5.139097594812712,0.2047318094347785,0.5618775079932573,-0.2447503070504756,0.135420447821309,13.318860109295052,18.688775129657348,13.307269264620327,17.447751694371654,7851217280.0,14809413280.0,23.83606149661185,3.7983322246503057,34.74066806787761,-79.75475183356697,1.4668674400312385,1.4668674400312385,7.164630615036064,36.97435730478464,65.52982712006903,-150.43795615692488,0.0104883099095685,-0.0125384378611923,1.310197912326689,0.3425234938757743,17.372384728311346,1.13226003407454,39.9733517568101,2.7095772486391865,0.0106593661868443,1.016309231778107,0.0,0.0,-0.1054950131455122,1.4355937078253944,0.1569590380727396,0.0,0.0,7.8293984182429055,0.0081333515879577,0.0036382543271703,-35.73330615045722,289404000.0,7516887000.0,-12638947000.0,12473149000.0,777445500.0,749591500.0,220526000.0,33.715368572198486,75.82628233231038,21.471964050854886,2.6694057876684023,1.1869235472414823,4.191512233666241,0.0153849603073031,0.8066278150437329,2005-07-27,0.18,bmo,1955273684.0,2025-04-25,2005-06-30,0.0555555555555556,18.126875,1370139.0625
2005-03-31,XEL,USD,72903,2005-05-02,2005-04-29 18:14:32,2005,Q1,2399689000.0,761408000.0,1638281000.0,0.6827055506,0,0.0,0.0,0.0,1363757000.0,1363757000.0,2125165000.0,0.0,492000.0,205587000.0,480526000.0,0.2002451151,274524000.0,0.1143998243,-105699000.0,171391000.0,0.0714221718,45509000.0,120418000.0,0.0501806692,0.3,0.29,401116000,424449000,https://www.sec.gov/Archives/edgar/data/72903/000110465905019428/0001104659-05-019428-index.htm,https://www.sec.gov/Archives/edgar/data/72903/000110465905019428/a05-7383_110q.htm,5.982531237846408,0.3002074212945881,1.3963766092601642,0.6380274035441119,0.1719851613996948,13.400664645638669,18.8012744443004,13.392352835588708,17.206169786296233,6891172880.0,13723364880.0,14.306774900762344,2.871694157034516,12.30327111330116,26.92674312195465,1.2828216379086157,1.2828216379086157,5.718809762431715,28.559047543733325,24.50123972298249,53.62302286234531,0.0174742387249469,0.037137799973464,1.2846841342716255,0.3399454741720514,14.21815260776732,1.2147251576493707,557.9756097560976,4.610785492023247,0.0122121446472839,0.6988656180969622,0.0,0.0,-0.1067084521338478,0.5430835783749235,0.1267605927268075,1.5329946680374549,0.0,9.51109265391655,0.010769481420494,0.0053597461070759,-35.30033145025379,430099000.0,7541492000.0,-12492497000.0,12468382000.0,774928500.0,817041000.0,224894500.0,29.27460600102763,86.34341903421031,26.403268681180133,3.074336850061815,1.0423492723208112,3.4086688692506737,0.0224163315423425,0.7583492057160522,2005-04-27,0.34,bmo,2709233333.0,2025-04-25,2005-03-31,-0.1176470588235295,17.75622950819672,1219357.3770491802
2004-12-31,XEL,USD,72903,2005-03-04,2005-03-03 20:30:36,2004,Q4,2259361000.0,750199000.0,1509162000.0,0.6679596576,0,0.0,0.0,0.0,1294358000.0,1294358000.0,2044557000.0,0.0,14808000.0,201923000.0,416727000.0,0.1844446284,214804000.0,0.0950728989,-90916000.0,123888000.0,0.0548332028,-2701000.0,71964000.0,0.0318514837,0.18,0.17,401116000,424449000,https://www.sec.gov/Archives/edgar/data/72903/000110465905009425/0001104659-05-009425-index.htm,https://www.sec.gov/Archives/edgar/data/72903/000110465905009425/a05-4263_110k.htm,5.632687302426231,0.1794094476410813,0.480678905852671,-0.5638568394180237,0.0741954945701492,13.240853020073994,13.240853020073994,13.23282541708633,17.56046380598131,7300311200.0,14299525200.0,25.360983269412483,3.231139778016882,37.86311356375254,-32.2776966202713,1.3753676502449743,1.3753676502449743,6.3290130262494575,34.31389182846324,74.16458445707647,-63.22411792794864,0.0098576619583011,-0.0309811450229683,1.3242483182608256,0.3461723392788607,16.795681585306447,1.1007048819474707,14.505942733657482,2.64030126668949,0.0116151212841447,1.1782835862375631,0.0,0.0,0.0,2.173042612339737,0.185441812972783,0.5650103028276138,0.0,7.308701165270901,0.0118610900228774,0.003544179090673,-35.585167383001426,235246000.0,5311118000.0,-12422485000.0,14331201000.0,700641500.0,824198500.0,336752000.0,30.644584906971485,108.40431672129662,27.16259285869483,2.93689734330601,0.8302252412271237,3.3133802972417907,0.0135579093644979,1.0445357452706947,2005-02-01,0.29,bmo,2087719354.0,2025-04-25,2004-12-31,0.0689655172413793,17.82421875,1050443.75
2004-09-30,XEL,USD,72903,2004-11-08,2004-11-08 17:20:57,2004,Q3,2008612000.0,888845000.0,1119767000.0,0.5574829783,0,0.0,0.0,0.0,781710000.0,781710000.0,1670555000.0,0.0,7347000.0,184846000.0,533836000.0,0.265773579,338057000.0,0.1683037839,-98165000.0,240401000.0,0.1196851358,74218000.0,45660000.0,0.0227321155,0.11,0.11,399746000,423078000,https://www.sec.gov/Archives/edgar/data/72903/000110465904034351/0001104659-04-034351-index.htm,https://www.sec.gov/Archives/edgar/data/72903/000110465904034351/a04-12720_110q.htm,5.024720697643003,0.1142225313073801,0.7428341997168202,-0.1200462293556408,0.2270816968775172,13.313373992485229,18.56931901757616,13.304293226198636,17.005218313629154,6923600720.0,13623246720.0,37.90845773105563,3.446957759885932,23.31610473319975,-144.2777511044428,1.301835407978959,1.301835407978959,6.782418266942545,25.519535437849825,45.878013504184274,-283.88861215303825,0.0065948343710958,-0.0069310755979007,1.2767938028760113,0.3385294802259442,12.5500078675848,1.204781617667055,46.01293044780182,6.355979365996704,0.0121020843616759,1.835085413929041,0.0,0.0,-0.1047453456453375,1.1616056845543787,0.1717270433513291,0.0,0.0,5.847403365163113,0.012735574245003,0.0020605042757043,-34.89292638325337,368979000.0,7423011000.0,-12565817000.0,12134014000.0,627759500.0,745160000.0,395621500.0,28.31721108905055,75.41350854198426,45.26999645607502,3.1782790938335173,1.1934201410334215,1.9880717262111125,0.0085853888940492,0.862880429072461,2004-10-22,0.38,bmo,1876155000.0,2025-04-25,2004-09-30,0.0526315789473684,17.1875,974151.5625
2004-06-30,XEL,USD,72903,2004-08-04,2004-08-04 16:48:04,2004,Q2,1807351000.0,723022000.0,1084329000.0,0.599954851,0,0.0,0.0,0.0,891978000.0,891978000.0,1615000000.0,0.0,7347000.0,192514000.0,385066000.0,0.2130554607,192351000.0,0.1064270305,-104343000.0,94436000.0,0.0522510569,13259000.0,85246000.0,0.0471662671,0.21,0.21,399217000,422545000,https://www.sec.gov/Archives/edgar/data/72903/000095013404011276/0000950134-04-011276-index.htm,https://www.sec.gov/Archives/edgar/data/72903/000095013404011276/c86278e10vq.htm,4.527239571461135,0.2135329908295488,-0.203879093325184,-0.8753610191950744,0.2975975471986413,13.44349063291393,18.72392207746664,13.432990078077838,16.796391436236433,6670916070.0,13250168070.0,19.563721670225,3.690990886662303,-81.96034094259878,-19.089266752322875,1.243952381627239,1.243952381627239,7.331264414051283,34.4101220829676,-162.79447697562415,-37.91623071662198,0.0127787546875852,-0.0523854589584125,1.249013645794135,0.3393790895953545,17.086037198817866,1.1925311208218754,26.180890159248676,-0.9430630547123028,0.0113916888179347,0.8914553175515567,0.0,0.0,-0.1068106632209532,-3.2935300766660114,0.1483203871301147,6701675.0,0.0,8.033598030210458,0.0090963893465985,0.0039024455450543,-34.093754774972005,326125000.0,7474908000.0,-12349336000.0,12111774000.0,794867500.0,687558000.0,335409000.0,31.05009486259172,92.8019894277076,42.83944333644066,2.898541869140293,0.9698067956841556,2.1008676348378925,0.0158961623278518,0.6714819258698903,2004-07-28,0.17,bmo,1494130000.0,2025-04-25,2004-06-30,0.1764705882352941,16.788870967741936,1172664.5161290322
2004-03-31,XEL,USD,72903,2004-05-05,2004-05-05 13:30:12,2004,Q1,2290585000.0,678693000.0,1611892000.0,0.7037032025,0,0.0,0.0,0.0,1297769000.0,1297769000.0,1976462000.0,0.0,7462000.0,193368000.0,508402000.0,0.2219529072,314123000.0,0.137136583,-92578000.0,213843000.0,0.0933573738,69545000.0,148851000.0,0.064983836,0.37,0.36,398583000,421921000,https://www.sec.gov/Archives/edgar/data/72903/000095013404006663/0000950134-04-006663-index.htm,https://www.sec.gov/Archives/edgar/data/72903/000095013404006663/c85123e10vq.htm,5.746820612018074,0.3734504482127938,0.9924582834691896,0.3791104989425038,1.3214060810420916,13.405403642403211,13.330816918935328,13.403675018753937,16.77487248578088,7098763229.999999,13250790230.0,11.922599159562246,3.099104914246797,17.945338657202008,46.978387698782974,1.3287400638318143,1.3287400638318143,5.784893479176717,26.06360759792448,33.49737277445352,87.69143871561212,0.0209685821568104,0.0212863839945257,1.2501161914220689,0.3368084896078654,12.10071360852239,1.2322629120588289,42.096354864647545,2.6387456557557485,0.0106873546196581,0.5096841808251205,0.0,0.0,0.0014992369923073,0.6180086304309906,0.1067281938893339,0.0,0.0,10.612548703194554,0.0117796030646816,0.0075178445966656,-32.79513739923679,449769000.0,5313437000.0,-12100020000.0,14266301000.0,812566500.0,701960000.0,347944500.0,37.96310986058147,83.48776250823273,43.31820130751312,2.370722533810393,1.0780022999313832,2.077648593049739,0.0278617951935029,0.6133477845266858,2004-04-28,0.31,bmo,1993920000.0,2025-04-25,2004-03-31,0.129032258064516,17.506451612903227,1566124.2258064516
2003-12-31,XEL,USD,72903,2004-03-15,2004-03-15 17:27:04,2003,Q4,1962195000.0,660307000.0,1301888000.0,0.6634855353,0,0.0,0.0,0.0,1056069000.0,1056069000.0,1716376000.0,0.0,35717000.0,198653000.0,444472000.0,0.2265177518,245819000.0,0.1252775591,259060000.0,504879000.0,0.2573031732,118805000.0,476386000.0,0.2427821904,1.2,1.13,398583000,421921000,https://www.sec.gov/Archives/edgar/data/72903/000095013404003528/0000950134-04-003528-index.htm,https://www.sec.gov/Archives/edgar/data/72903/000095013404003528/c83272e10vk.htm,4.922926968786928,1.1951989924306856,1.9153827433683823,3.6231625533452254,1.4381922962093214,13.226105980435694,13.226105980435694,13.225400982982215,16.992917409924658,6767939340.0,12932071340.0,3.551709821447314,3.4491675597991027,8.86506890530874,4.686513439570233,1.2838930193382427,1.2838930193382427,6.590614765606884,29.09535660289062,16.939233311371307,8.954915682857026,0.0703886332409119,0.2133782422464797,1.2780941378224464,0.3334444093602793,13.868437156896272,1.1722806549894311,6.882408936920794,1.5990026118082217,0.0112088770582864,0.1592427149412451,0.0,0.0,0.0,0.8916128204087033,0.3469033403917551,0.8654345913452981,0.0,18.858875454555164,0.0105884173896849,0.0235771858782165,-34.32566240908418,460173000.0,5271701000.0,-11802440000.0,14127289000.0,843202000.0,729348000.0,380267000.0,30.22341816180349,105.54217962250893,50.32545467487093,2.977823339444195,0.8527396375733531,1.788359401448981,0.0903714748587667,1.7077798099768429,2004-01-28,0.27,bmo,1380803888.0,2025-04-25,2003-12-31,0.2962962962962961,16.42078125,1461065.625
2003-09-30,XEL,USD,72903,2003-11-13,2003-11-13 17:10:56,2003,Q3,2057724000.0,816554000.0,1241170000.0,0.6031761305,0,0.0,0.0,0.0,880163000.0,880163000.0,1696717000.0,0.0,21590000.0,213652000.0,574659000.0,0.2792692314,361007000.0,0.1754399521,-86105000.0,274902000.0,0.133595176,-12593000.0,286435000.0,0.1391999121,0.72,0.69,398751000,418128000,https://www.sec.gov/Archives/edgar/data/72903/000095013403015235/0000950134-03-015235-index.htm,https://www.sec.gov/Archives/edgar/data/72903/000095013403015235/c80639e10vq.htm,5.160423422135619,0.7183304869454873,1.0749389970181893,0.4713768742899704,1.7446928032782365,12.097832983490951,11.932459103550835,12.084207939290437,17.111673701131785,6168677970.0,12274686970.0,5.384012053345437,2.9978160190579493,14.39151434910518,32.81875043891851,1.2801832008948677,1.2801832008948677,5.965176559149818,21.359949065445768,28.63682210655736,65.3040879007459,0.046433774204621,0.0304703861855184,1.4115554550189993,0.3724031060041665,10.62544743926398,1.1161942212686693,16.721028253821213,1.4909233204055723,0.0122912884038911,0.2647057796707804,0.0,0.0,0.0036104727856158,0.561484999988335,0.1169598060770054,0.0,0.0,13.97534389205049,0.023803951913122,0.0157395497544182,-29.538209308566,324619000.0,4758080000.0,-10321963000.0,13160332000.0,994121500.0,665959000.0,361929500.0,44.939029724102944,75.42967152203039,43.12979913147202,2.00271346650212,1.193164416389035,2.0867243022777395,0.0594437376909012,0.6035621227282189,2003-10-23,0.4,bmo,1819636363.0,2025-04-25,2003-09-30,0.0999999999999999,14.71,1214989.0625
2003-06-30,XEL,USD,72903,2003-08-15,2003-08-15 16:55:08,2003,Q2,1771015000.0,640904000.0,1130111000.0,0.6381148663,0,0.0,0.0,0.0,963938000.0,963938000.0,1604842000.0,0.0,10864000000.0,116052000.0,727416000.0,0.4107339576,166173000.0,0.0938292448,-109042000.0,-293649000.0,-0.1658083077,-11087000.0,-282562000.0,-0.1595480558,-0.71,-0.71,398717000,399410000,https://www.sec.gov/Archives/edgar/data/72903/000095013403011964/0000950134-03-011964-index.htm,https://www.sec.gov/Archives/edgar/data/72903/000095013403011964/c78734e10vq.htm,4.4417845238602816,-0.7086780849575012,-0.2666929175329871,-0.8113674611315795,1.077197611338368,11.27299312544988,11.107073438052554,11.256798681771784,43.44413706965091,5996703680.0,12025122680.0,-5.305652989432407,3.3860264763426624,-56.3944484882682,-18.536607296309807,1.3360814584304843,1.3360814584304843,6.789960943300875,16.531287021456773,-113.0871554991301,-37.17125085778935,-0.0471195535211104,-0.0539473045965145,1.43884078455942,0.3777326016136141,8.28744349863077,0.6386698218028134,0.0152957474226804,0.376324488076953,0.0126436128990118,-0.2683304902994741,0.0,0.0,0.0038694991170137,-2.0423284901490573,0.1226251612775724,0.0,0.0,,0.0107981533217379,-0.016591650693734,-28.304388200151987,-1183081000.0,4428579000.0,-10510637000.0,11512088000.0,1266398500.0,1038554500.0,442035500.0,48.82496760332352,90.93439891153744,46.698881579768575,1.8433191954411805,0.9897244725568984,1.927241016388513,-0.0629555617890785,0.5446745435985925,2003-08-01,0.23,bmo,2294182352.0,2025-04-25,2003-06-30,-0.2608695652173913,14.23920634920635,1740788.9206349207
2003-03-31,XEL,USD,72903,2003-05-15,2003-05-15 17:44:16,2003,Q1,2720352000.0,592690000.0,2127662000.0,0.78212746,0,0.0,0.0,0.0,1820088000.0,1820088000.0,2412778000.0,10448000000.0,285259000000.0,289077000.0,499232000.0,0.1835174272,307574000.0,0.1130640447,-105881000.0,25920000.0,0.0095281787,98089000.0,138952000.0,0.0510786839,0.35,0.34,398714000,417368000,https://www.sec.gov/Archives/edgar/data/72903/000095013403008228/0000950134-03-008228-index.htm,https://www.sec.gov/Archives/edgar/data/72903/000095013403008228/c77119e10vq.htm,6.822815351354605,0.3485004288788454,0.7418099188892289,0.1828879848713614,2.596595554708387,12.303091940588994,12.049233285011312,12.213767261746517,754.6608395993118,5107526340.0,19707069340.0,9.189371761471588,1.8775240630624277,17.268574703316766,70.04287356006583,1.0488164483140991,1.0488164483140991,7.244308582124666,39.474771929684,66.62971004496737,270.25602495885903,0.0272053418328528,0.0142769699353131,3.210571686722248,0.5629738831489898,29.24400479135953,0.3430578504027773,0.0010782271549714,2.112461788989515,0.0148435847322522,0.545612873510277,0.0,0.0,0.0036445860809269,0.7534570781350374,0.0819195457058498,0.0007947263124485,0.0,9.786282256365997,-0.0343240330978366,0.0050216364545827,-51.105270946091686,-7784909000.0,4804198000.0,-18801152000.0,11509606000.0,1249741000.0,1063860500.0,613945000.0,52.00870328545718,217.07737603131488,83.74848571766016,1.7304795988860209,0.4145987096647828,1.0746462963332313,0.0285334099963037,0.5589219340178675,2003-04-29,0.29,bmo,1823924242.0,2025-04-25,2003-03-31,0.1379310344827587,11.481475409836063,1604585.31147541
2002-12-31,XEL,USD,72903,2003-03-31,2003-03-31 17:10:38,2002,Q4,2283601000.0,2761591000.0,-477990000.0,-0.209314149,0,0.0,0.0,0.0,-971750000.0,-971750000.0,1789841000.0,0.0,0.0,236326000.0,739071000.0,0.3236427905,493760000.0,0.2162199088,-265202000.0,228558000.0,0.1000866614,-11051000.0,-334837000.0,-0.1466267531,-0.84,-0.84,397612216,398714000,https://www.sec.gov/Archives/edgar/data/72903/000095013403005065/0000950134-03-005065-index.htm,https://www.sec.gov/Archives/edgar/data/72903/000095013403005065/c75712e10vk.htm,5.743286820946166,-0.8421194986624858,0.6847727233813158,0.0086088904270486,2.266713555903423,12.084804758614355,11.823877161762052,11.997377867283635,39.85911740699637,4373734376.0,19320933376.0,-3.265569796647324,1.9152795851814743,16.06372395454579,1277.7488682442302,0.9168670122491144,0.9168670122491144,8.460730826444724,26.14218847174358,70.96136015925134,5644.444456909144,-0.0765563180602259,0.0007826264024589,3.322319080712676,0.5814279795150328,20.22430727223772,0.3026332198435545,0.0,-0.8131538629243482,0.0173341573772791,-0.2264236031262972,0.0,0.0,0.0038061707159356,0.9874281055113598,0.1177311623177604,0.000261402594473,0.0,,0.0324110340589285,-0.0123309950978294,-51.6023468957,-8611668000.0,4701318000.0,-18715608000.0,10307874000.0,1168363500.0,1053511000.0,673258500.0,36.55253260092284,22.753296921955496,22.04280431099319,2.4622096909839777,3.9554707306243455,4.082965067884542,-0.0701919626086723,0.6761638329542672,2003-01-29,0.32,bmo,2426326062.0,2025-04-25,2002-12-31,-0.0625,10.135625,2196328.1875
2002-09-30,XEL,USD,72903,2002-11-18,2002-11-18 11:07:34,2002,Q3,2536089000.0,618442000.0,1917647000.0,0.7561434161,0,0.0,0.0,0.0,4458603000.0,4458603000.0,5077045000.0,0.0,5394000.0,281185000.0,-1876660000.0,-0.739981917,-2540956000.0,-1.0019190967,234073000.0,-2755160000.0,-1.0863814322,-687955000.0,-2073960000.0,-0.8177788713,-5.22,-5.22,397405000,397405000,https://www.sec.gov/Archives/edgar/data/72903/000095013402014648/0000950134-02-014648-index.htm,https://www.sec.gov/Archives/edgar/data/72903/000095013402014648/c72574e10vq.htm,6.381623281035719,-5.218756683987368,2.2684239000515847,0.2420477850052213,3.183155722751349,13.567174544859778,13.3100640404625,13.46944804418666,41.32009411054214,3699840550.0,18850256550.0,-0.4459874527474011,1.458876462931703,4.104171182373933,38.46347943154765,0.6911938759077916,0.6911938759077916,7.432805611317268,-10.0445773608432,20.91027401515059,195.96694649187555,-0.5605538865722199,0.0259986879704856,3.066682533674736,0.5778901649400519,-8.073074504705168,0.3368747733540231,-471.0708194289952,-0.4346674959979942,0.0405233679597354,-0.0722916546124322,0.0,0.0,0.0035970502477049,0.893296934052001,0.3175330203316997,0.0,0.0,,-0.0748192310268182,-0.0732754895684993,-51.225036801248095,-8256297000.0,5289486000.0,-18819824000.0,10981478000.0,1496608000.0,1332942000.0,679021500.0,50.01166362852408,205.02598465175396,97.52461831505622,1.7995802072992555,0.438968749024028,0.922843909106645,-0.3874514135150292,2.0263761150463635,2002-10-20,0.52,bmo,3297333333.0,2025-04-25,2002-09-30,-0.25,10.43453125,3324293.78125
2002-06-30,XEL,USD,72903,2002-08-14,2002-08-14 18:30:53,2002,Q2,3427967000.0,544405000.0,2883562000.0,0.841187211,0,0.0,0.0,0.0,2538001000.0,2538001000.0,3082406000.0,0.0,13698000000.0,281247000.0,626808000.0,0.1828512351,345561000.0,0.1008063963,-191489000.0,138520000.0,0.0404087904,37707000.0,86242000.0,0.0251583519,0.23,0.23,377983000,378129000,https://www.sec.gov/Archives/edgar/data/72903/000095013402010147/0000950134-02-010147-index.htm,https://www.sec.gov/Archives/edgar/data/72903/000095013402010147/c71212e10vq.htm,9.069103636936052,0.2281637004838842,0.7200059261924479,-1.2173748554829185,1.3112018265371723,19.98829047867232,19.507581028776425,19.782916162896218,78.92330872023345,6021269190.0,21659326190.0,17.4545731488138,1.7565131723846816,22.124817894543447,-13.08553394893371,0.8052402319672901,0.8052402319672901,6.318417356409791,34.554961311916884,79.58598636781187,-47.07044963891973,0.0143228939412356,-0.0764202671364041,2.157598167113913,0.5306266390430817,24.94871954410282,0.3509248786697649,0.0252271134472185,3.117339808939085,0.0232195232580192,1.6211474687507248,0.0,0.0,0.0059760033699791,2.690784493845306,0.213624285181275,0.0,0.0,10.077659726196304,0.0089739981791033,0.0028534998700999,-55.087611744443535,-6605890000.0,7373534000.0,-19278203000.0,15586829000.0,1653707500.0,1295023500.0,662433500.0,41.585992513930265,207.81014134697512,113.72149410824665,2.1641902611763384,0.4330876222721458,0.7914071188190058,0.0115333704396835,1.9373807816753663,2002-07-26,0.41,bmo,2466316216.0,2025-04-25,2002-06-30,-0.097560975609756,22.57578125,2428843.875
2002-03-31,XEL,USD,72903,2002-05-15,2002-05-15 17:19:23,2002,Q1,3317587000.0,488114000.0,2829473000.0,0.8528707763,0,0.0,0.0,0.0,2501555000.0,2501555000.0,2989669000.0,0.0,17923000000.0,265139000.0,593057000.0,0.1787615517,327918000.0,0.0988423212,-191137000.0,136781000.0,0.041229062,33277000.0,102444000.0,0.0308790696,0.29,0.29,353827000,354172000,https://www.sec.gov/Archives/edgar/data/72903/000095013702003139/0000950137-02-003139-index.htm,https://www.sec.gov/Archives/edgar/data/72903/000095013702003139/c69613e10-q.htm,9.37629689085344,0.2895313246303985,0.9193758531711824,-0.7834393644351618,1.2137033069833565,21.063155157746586,-348.7616462282415,19.21980515901839,93.21822811713068,8930593480.0,23561278480.0,21.793842196712347,2.6918942834053787,27.453407562250227,-32.21691575096861,1.313228713359604,1.313228713359604,7.101932362286203,39.728522688375655,72.42938358438364,-84.9967838615883,0.0114711301359111,-0.0310395944704897,2.214566135420321,0.5134082639493665,24.66994740809062,0.6478620960197289,0.0182959326005691,3.142873705364044,0.014648410577972,1.2769805942758972,0.0,0.0,4.460887310692514,1.8521426375653245,0.181608500395016,0.002349100521674,0.0,11.189573363343534,0.0092786186311993,-0.0010090979373263,-56.073692793370775,-1917393000.0,-123401287000.0,-18353300000.0,150406775000.0,1647573000.0,1326392500.0,671970500.0,46.75444532426731,245.78551322027232,117.44690789446727,1.924950651768007,0.3661729237855538,0.7663036993776806,0.0150642174691632,1.7028152176063442,2002-04-24,0.33,bmo,2521625806.0,2025-04-25,2002-03-31,-0.0606060606060606,25.705166666666667,1847835.0166666664
2001-12-31,XEL,USD,72903,2002-03-29,2002-03-29 00:00:00,2001,Q4,3118535000.0,6896084000.0,-3777549000.0,-1.2113216623,0,0.0,0.0,0.0,-3911610000.0,-3911610000.0,2984474000.0,0.0,72161000000.0,236964000.0,398298000.0,0.1277195863,134061000.0,0.0429884545,10893000.0,144954000.0,0.0464814408,10345000.0,143835000.0,0.0461226185,0.41,0.41,353827000,354172000,https://www.sec.gov/Archives/edgar/data/72903/000095013702001868/0000950137-02-001868-index.htm,https://www.sec.gov/Archives/edgar/data/72903/000095013702001868/c68394e10-k.htm,8.813728177894847,0.4065122220746296,0.6965664010943201,-1.3132123891054102,0.9646239546445016,19.65499241154576,19.323491423774897,17.804737908638966,246.4072413919797,9815160980.0,24498385980.0,17.059757673723364,3.147362777714536,39.823913350428455,-21.123772689120845,1.5580122629348216,1.5580122629348216,7.855735459117823,61.50768012894868,99.39944973708128,-52.72438605401915,0.014654369937802,-0.0473400284464819,2.384923672937398,0.5228641928804608,36.86492274628544,0.607586236254199,0.0018578040769944,1.7009717314487631,0.0132858748079341,0.9066152188271284,0.0,0.0,0.0040819121949345,2.885265190859517,0.2280282247914485,0.0007520599013277,0.0,12.761327530499615,0.0048012856955333,0.0050260733122163,-56.262072990472745,-2138666000.0,6837173000.0,-18469233000.0,19143745000.0,1565145500.0,1322636000.0,677003000.0,45.35822108778641,17.22416664298173,9.226571196058517,1.9842047999592791,5.2252165149988254,9.754436191685915,0.022831688068679,2.0097787901997304,2002-01-30,0.44,bmo,2976783409.0,2025-04-25,2001-12-31,0.0454545454545455,28.2290625,695617.1875
2001-09-30,XEL,USD,72903,2001-11-14,2001-11-14 00:00:00,2001,Q3,3763474000.0,940161000.0,2823313000.0,0.7501879912,0,0.0,0.0,0.0,2161651000.0,2161651000.0,3101812000.0,0.0,0.0,261567000.0,899154000.0,0.238915959,661662000.0,0.1758114976,-230637000.0,422803000.0,0.1123438079,149900000.0,271843000.0,0.0722319325,0.79,0.79,343770000,344385000,https://www.sec.gov/Archives/edgar/data/72903/000095013701504680/0000950137-01-504680-index.htm,https://www.sec.gov/Archives/edgar/data/72903/000095013701504680/c65832e10-q.htm,10.947651045757338,0.7907699915641272,2.350673415364924,-1.6353172179073217,0.8799109869971201,20.25073159379818,9998.268010588476,18.35666870291183,40.78848067021555,9628997700.0,23348366700.0,8.855293036789618,2.5585397162302703,11.915734366550302,-17.128175312581714,1.5258759883571311,1.5258759883571311,6.203939950163067,25.967038683028715,28.89323937526838,-41.532351607067575,0.0282317026620538,-0.0583833351627033,2.221997974161045,0.505359744363624,15.258085934111396,0.5513838413397467,0.0,2.961092402795132,0.0135114789777133,0.4785924228322966,0.0,0.0,-123.6253024999454,1.6956803132320493,0.3640955138789321,0.0,0.0,18.07229404351614,0.0170209664092281,7.861529896304493e-05,-55.23963187596358,-2564748000.0,3437104594000.0,-17632419000.0,-3412427731000.0,1686860500.0,1291638000.0,616819000.0,37.27274055832457,126.8880330071126,61.93974223563836,2.414633285662683,0.7092867457008741,1.4530250974828334,0.0430780772024659,3.985990633272246,2001-10-24,0.75,bmo,2830632911.0,2025-04-25,2001-09-30,0.0533333333333333,27.63237288135593,939477.966101695
2001-06-30,XEL,USD,72903,2001-08-14,2001-08-14 00:00:00,2001,Q2,3636755000.0,827430000.0,2809325000.0,0.7724812367,0,0.0,0.0,0.0,2434227000.0,2434227000.0,3261657000.0,0.0,186467000000.0,243778000.0,677027000.0,0.1861623893,375098000.0,0.1031408495,-195589000.0,238054000.0,0.0654578051,70197000.0,166797000.0,0.0458642389,0.49,0.49,342553000,343688000,https://www.sec.gov/Archives/edgar/data/72903/000091205701528332/0000912057-01-528332-index.htm,https://www.sec.gov/Archives/edgar/data/72903/000091205701528332/a2056764z10-q.htm,10.616619909911751,0.4869231914477467,0.7857207497817856,-4.217986705706855,1.0118813731013887,19.567410006626712,9692.882196331662,17.892661865463154,582.4877259869276,9745632850.0,22464927850.0,14.607026580214272,2.6797606245127867,36.20879301953178,-6.74492405618721,1.59003731328064,1.59003731328064,6.177190338639804,33.18173108310304,83.46589033665117,-15.547911008773022,0.0171150506660016,-0.148259638161928,2.13175454811692,0.4951964956271139,18.78698338470992,0.630661411263877,0.0020116052706377,1.60345413059926,0.0132896449100275,0.7764887857695282,0.0,0.0,-125.58585607451415,6.368302551355931,0.4713089003795966,0.0,0.0,14.000997122637411,0.0110500157673726,4.9939097157698096e-05,-51.61592220765838,-2005356000.0,3320325875000.0,-16258214000.0,-3296762929000.0,1840115000.0,1262771000.0,537433500.0,44.91913807776438,136.80874515064718,63.80490192523839,2.003600332762202,0.6578526825963965,1.4105499308729443,0.0272135691776312,5.00370745548864,2001-07-25,0.42,bmo,1613713043.0,2025-04-25,2001-06-30,0.0952380952380953,29.79079365079365,811141.2698412698
2001-03-31,XEL,USD,72903,2001-05-15,2001-05-15 00:00:00,2001,Q1,4207106000.0,779665000.0,3427441000.0,0.8146790216,0,0.0,0.0,0.0,2957648000.0,2957648000.0,3737313000.0,0.0,175849000000.0,232307000.0,702100000.0,0.1668843143,469793000.0,0.111666547,-154202000.0,315591000.0,0.0750137981,106281000.0,208250000.0,0.0494995848,0.61,0.61,340780000,341472000,https://www.sec.gov/Archives/edgar/data/72903/000091205701515934/0000912057-01-515934-index.htm,https://www.sec.gov/Archives/edgar/data/72903/000091205701515934/a2048453z10-q.htm,12.345519103233755,0.6110980691355127,0.763853512530078,-3.844301308762251,1.0091085157579671,19.06789424261987,9627.821342214918,17.498171841070484,547.8356652385703,10260885800.0,20759439800.0,12.317990156062423,2.438941590727688,39.41855278018947,-7.832372538377984,1.7207511889515177,1.7207511889515177,4.934375268890301,29.56763965247116,79.7501394512612,-15.846162735933673,0.020295518735819,-0.1276752344324892,1.8182775291810689,0.4592200131534409,14.953075060532688,0.6828093589616951,0.0026715704951407,1.2436386221394105,0.0125596369077609,0.6188379351740696,0.0,0.0,-138.68676174957704,6.032772967200142,0.3732653752959873,0.0069449311639549,0.0,15.511116274249586,0.014808742651863,6.314276852060085e-05,-44.38563882856975,-1663375000.0,3280968957000.0,-13531884000.0,-3259574382000.0,1919055000.0,1438378500.0,484549500.0,39.89935124049643,146.34377585244945,56.36259162589061,2.255675774212919,0.6149902821336396,1.5968037913760122,0.0349235379950484,4.608154821292329,2001-04-25,0.5,bmo,3467459016.0,2025-04-25,2001-03-31,0.2199999999999999,27.09161290322581,743243.5483870967
2000-12-31,XEL,USD,72903,2001-03-27,2001-03-27 00:00:00,2000,Q4,4636313000.0,3535164000.0,1101149000.0,0.2375053194,0,70999000.0,0.0,70999000.0,919490000.0,919490000.0,4454654000.0,0.0,657305000000.0,221724000.0,403383000.0,0.0870051267,181659000.0,0.0391817809,18293000.0,199952000.0,0.043127373,62151000.0,136741000.0,0.029493479,0.4,0.4,340780000,341472000,https://www.sec.gov/Archives/edgar/data/72903/000091205701008515/0000912057-01-008515-index.htm,https://www.sec.gov/Archives/edgar/data/72903/000091205701008515/a2042375z10-k.htm,13.60500322788896,0.4012588766946417,1.270356241563472,-0.1963436821409707,0.635280826339574,17.443626386525033,9564.961086331356,16.629802218440048,1957.1780151417336,9903066800.0,19348699800.0,18.10551846190974,2.135978912554006,22.875473075359427,-148.00578089971603,1.7474651603358613,1.7474651603358613,4.173294555393477,47.96607640877281,44.69430230624238,-289.17500821999704,0.0138079448277578,-0.006756492847246,1.7049491239264358,0.4438510581384596,23.416041330447737,0.6695639033110949,0.0002763694175458,3.141573718623232,0.0075814898067737,0.5490672146612939,0.0153136770532964,0.0,-149.46145736822118,1.154557970211036,0.1078059225078203,0.0006030816380704,0.0,12.253132438322435,0.0065287780022842,4.174823701078021e-05,-40.75284347672986,-1543734000.0,3259547439000.0,-12696330000.0,-3239873820000.0,1736756500.0,1381204000.0,528322000.0,38.29963593916114,40.96245888451003,12.24129064450758,2.349891788605112,2.1971337280739647,7.352165928711216,0.0241289025223465,1.466699923704443,2001-01-30,0.49,bmo,4636313000.0,2025-04-25,2000-12-31,0.0,27.00126984126984,694819.0476190476
2000-09-30,XEL,USD,72903,2000-11-14,2000-11-14 00:00:00,2000,Q3,2562719000.0,1172651000.0,1390068000.0,0.542419204,0,0.0,0.0,0.0,984786000.0,984786000.0,2157437000.0,0.0,175880000000.0,361077000.0,620563000.0,0.2421502318,405282000.0,0.1581453136,-209632000.0,195650000.0,0.0763446948,97734000.0,91554000.0,0.035725337,0.27,0.27,338495000,338876000,https://www.sec.gov/Archives/edgar/data/72903/000091205700049771/0000912057-00-049771-index.htm,https://www.sec.gov/Archives/edgar/data/72903/000091205700049771/a2030645z10-q.htm,7.570921283918522,0.2704737145304953,1.6340064107298482,-0.3258393772433862,0.7776215305986794,17.351263681885996,9675.63107579137,16.56009689951107,547.8519298660246,9308612500.0,18610530500.0,25.4183664831684,3.6323188379217535,16.82979933213163,-84.39741148737477,1.660618302348939,1.660618302348939,7.2620254112916784,29.98975204773729,33.64749513200977,-168.73412666032004,0.0098354078011089,-0.0118487046270322,1.7063815781258085,0.4537418237528234,14.989482131548288,0.6003622302292059,0.0023043097566522,1.85714717416998,0.0181770376627021,1.848122419555672,0.0,0.0,-155.08491916919158,1.199411321218652,0.258864900911883,0.0,0.0,10.03887920693357,0.0106320568730109,2.782491884540752e-05,-39.973238157136734,-1772955000.0,3275152741000.0,-12543810000.0,-3255988323000.0,1066479000.0,766251000.0,469518500.0,52.69679196197476,88.52395981413055,44.1930207708858,1.7078838511638943,1.0166739060133394,2.036520663898397,0.016332858205587,1.9598457879732345,2000-10-25,0.81,bmo,3479625000.0,2025-04-25,2000-09-30,-0.1111111111111112,24.353650793650797,990485.7142857144
2000-06-30,XEL,USD,72903,2000-08-10,2000-08-10 00:00:00,2000,Q2,679051000.0,233363000.0,445688000.0,0.6563395091,0,32899000.0,0.0,32899000.0,317708000.0,350607000.0,583970000.0,0.0,118858000.0,142604000.0,658863000.0,0.9702702743,95081000.0,0.1400204108,141899000.0,84105000.0,0.1238566764,21943000.0,62162000.0,0.0915424615,0.18,0.18,337466000,337634000,https://www.sec.gov/Archives/edgar/data/72903/000091205700036045/0000912057-00-036045-index.htm,https://www.sec.gov/Archives/edgar/data/72903/000091205700036045/a10-q.htm,2.0122056740530896,0.1842022603758601,0.2102374757753373,-0.1988318823229599,0.3569841109919222,9.25638731012902,8.905347501674242,8.493415632982286,17.989293736257874,6813438540.0,12644885540.0,27.40194387246228,10.033765564000348,96.03425804814796,-101.54307128273147,2.377135521496986,2.377135521496986,18.62140772931636,19.19198003226771,178.2275122625021,-188.45117721575585,0.0091234403356047,-0.0098480377574522,2.076559910042393,0.4990559560878297,8.850773225996907,0.6582774086438264,0.7999545676353296,1.1413403687140051,0.0283665874235654,3.1091985457353366,0.0484484965046808,0.0,0.0099329618981562,1.945748999267069,0.2032940088446965,0.0,0.0,5.933076188024858,0.006339042677433,0.0052644469527488,-23.78380859108769,-667511000.0,3005252000.0,-7516776000.0,3919252000.0,589240000.0,347330000.0,341986000.0,83.82161280964169,146.19914039500694,140.08364650780115,1.0737087605840916,0.6155986947449503,0.6424732810977187,0.0216876541000244,0.4090693580982973,2000-07-20,0.25,bmo,1596346153.0,2025-04-25,2000-06-30,0.56,21.483492063492065,509301.5873015873
2000-03-31,XEL,USD,72903,2000-05-05,2000-05-05 00:00:00,2000,Q1,793005000.0,323952000.0,469053000.0,0.5914880738,0,38100000.0,0.0,38100000.0,319220000.0,357320000.0,681272000.0,0.0,88416000000.0,132671000.0,244404000.0,0.3081998222,111733000.0,0.1408982289,-41466000.0,70267000.0,0.0886085208,22266000.0,46941000.0,0.059193826,0.3,0.3,155891000,155906000,https://www.sec.gov/Archives/edgar/data/72903/000091205700022038/0000912057-00-022038-index.html,https://www.sec.gov/Archives/edgar/data/72903/000091205700022038/0000912057-00-022038-d1.html,5.086919706718156,0.3011142400780032,2.250046506854148,-9.808609862018974,1.2058361290901976,16.94751460956694,16.18718848426144,16.94751460956694,607.4877318126127,3099113080.0,9197004080.0,16.50536354146695,3.908062471232842,8.835372930933225,-2.0267907766399795,1.1730333596395106,1.1730333596395106,11.59766215849837,37.63033370975925,26.22006967687492,-6.014754079920266,0.0151465915532194,-0.4933908381297271,2.379240451709239,0.5420585699240266,24.950045825763898,0.561652158371911,0.0012637192363373,7.307389429386888,0.0185327216262789,1.2235572314181633,0.0480450942932264,0.0,0.010221197411966,5.359292055581848,2.370522253958045,0.0152282492466219,0.0,10.715437677229458,0.0070417898931246,0.0040897334977672,-52.57803369020662,-902581000.0,2523437000.0,-7797857000.0,3664547000.0,878454500.0,554358000.0,305973000.0,61.97192955908223,87.6732664098385,89.10931249073937,1.4522704172733016,1.0265386894482171,1.0099954481115898,0.0177674571767604,12.058656368873123,2000-04-13,0.27,bmo,1735875000.0,2025-04-25,2000-03-31,0.3333333333333332,18.8115873015873,665180.9523809524
1999-12-31,XEL,USD,72903,2000-03-29,2000-03-29 00:00:00,1999,Q4,652900000.0,253700000.0,399200000.0,0.6114259458,0,27300000.0,0.0,27300000.0,156300000.0,183600000.0,437300000.0,0.0,220459000000.0,355704000000.0,344300000.0,0.527339562,215600000.0,0.3302190228,16600000.0,232200000.0,0.3556440496,183000000.0,48100000.0,0.0736713126,0.32,0.32,155891000,155906000,https://www.sec.gov/Archives/edgar/data/72903/000091205700014257/0000912057-00-014257-index.html,https://www.sec.gov/Archives/edgar/data/72903/000091205700014257/0000912057-00-014257-d1.html,4.188182768729432,0.3085489220031945,1.0039065757484396,0.6170978440063891,0.3592253561783554,17.081165686280798,14.90721080755143,17.081165686280798,1443.3572175430268,3039874500.0,7531274500.0,15.799763513513511,4.655957267575433,19.42411821086262,31.599527027027023,1.1416082694907617,1.1416082694907617,11.535111808852813,21.874163520185885,48.12315974440895,78.28767671517672,0.0158230216411894,0.0316460432823789,1.7077512392969807,0.4655548389078288,13.045018878884694,0.5661245276819451,0.0009779596206097,3.180894308943089,0.0186849818964565,1.180873180873181,0.0418134476948996,0.0,0.034695987796513,0.3853035143769968,0.0923571756777454,0.0,0.0,10.889602533097692,0.0046589624259141,0.0051013914814186,-38.45733236684607,-792300000.0,2323900000.0,-6071100000.0,3998100000.0,860182000.0,538719500.0,262100000.0,166.91340174605608,281.3658257784785,103.30311391407172,0.53920176006554,0.3198682702527552,0.8712225274725275,0.0180636923539131,0.3868087317420505,2000-01-12,0.48,bmo,666502083.0,2025-04-25,1999-12-31,-0.0208333333333333,20.82453125,372034.375
1999-09-30,XEL,USD,72903,1999-11-12,1999-11-12 00:00:00,1999,Q3,813400000.0,294400000.0,519000000.0,0.6380624539,0,34300000.0,0.0,34300000.0,362200000.0,396500000.0,690900000.0,0.0,63379000.0,89128000.0,211694000.0,0.2602581756,122500000.0,0.1506024096,-14900000.0,107600000.0,0.132284239,-3700000.0,110200000.0,0.1354806983,0.72,0.72,153055556,153055556,https://www.sec.gov/Archives/edgar/data/72903/000091205799005247/0000912057-99-005247-index.html,https://www.sec.gov/Archives/edgar/data/72903/000091205799005247/0000912057-99-005247-d1.html,5.314410147907339,0.719999997909256,1.7699455483994322,0.7186932828495295,0.5664609783914019,17.33292190974106,16.516878354941912,17.33292190974106,23.9316957562782,3299877787.36,6812677787.36,7.486111132849364,4.056894255421686,12.181165697157622,29.998888976,1.2438756784499982,1.2438756784499982,8.37555666014261,32.181723560233166,25.14831224569952,61.933434430545454,0.0333951761553458,0.0333345678501637,1.3568170681141392,0.4144454295287331,16.593762695211012,0.4649296508598228,1.932816863629909,2.4339622641509435,0.0171557868648497,0.5137205081669691,0.0421686746987951,0.0,0.0143809512843836,0.5939461055740125,0.1978116547823948,0.0,0.0,16.75688915408926,0.0181828013497864,0.0128735309922665,-35.58756795473664,-1026800000.0,2528000000.0,-5140000000.0,3497800000.0,484400000.0,273600000.0,218700000.0,56.37447750184411,86.91236413043478,71.22961956521739,1.596467124631992,1.0355258529722124,1.2635193133047211,0.0415394473971879,1.0512522655499026,1999-10-14,0.77,bmo,1942431944.0,2025-04-25,1999-09-30,-0.0649350649350649,23.01015625,505526.5625
1999-06-30,XEL,USD,72903,1999-08-13,1999-08-13 00:00:00,1999,Q2,659400000.0,223700000.0,435700000.0,0.660752199,0,0.0,0.0,35200000.0,345300000.0,380500000.0,604200000.0,0.0,0.0,116600000.0,171800000.0,0.2605398847,55200000.0,0.0837124659,-36454000.0,-100000.0,-0.000151653,-11600000.0,9380000.0,0.0142250531,0.06,0.06,153012000,153118000,https://www.sec.gov/Archives/edgar/data/72903/000007290399000022/0000072903-99-000022-index.html,https://www.sec.gov/Archives/edgar/data/72903/000007290399000022/,4.309465924241236,0.0613023815125611,-0.050976394008313,-0.9973074007267404,0.641779729694403,16.945076203173606,16.152981465505974,16.945076203173606,23.44129872166889,3701360280.0,7189960280.0,98.65032729211087,5.613224567788899,-474.53336923076927,-24.25530982961992,1.4275533323048444,1.4275533323048444,10.903791750075827,41.85075832363213,-921.7897794871794,-47.11638453473133,0.0025342034523588,-0.0412280860159876,1.3833693304535637,0.4200688637481554,20.306169965075668,0.4303539350390833,0.0,-0.6782608695652174,0.015388936955902,6.072494669509595,0.0,0.0,0.0141943644157121,-18.56410256410257,0.2195935699120412,0.0,0.0,4.834501457104269,-0.8022140501194223,0.0011143583529355,-35.297394975557474,-1173300000.0,2471600000.0,-5059400000.0,3325600000.0,444050000.0,259850000.0,181100000.0,62.68880800727934,105.77112203844436,82.23513634331694,1.4356629653821031,0.8508938759984785,1.094422700587084,0.0036177105831533,0.9463310067184272,1999-07-15,0.24,bmo,769299999.0,2025-04-25,1999-06-30,-0.1666666666666666,24.643650793650792,363698.4126984127
1999-03-31,XEL,USD,72903,1999-05-14,1999-05-14 00:00:00,1999,Q1,743200000.0,280200000.0,463000000.0,0.6229817008,0,0.0,0.0,30600000.0,302200000.0,332800000.0,613000000.0,0.0,0.0,124000000.0,254200000.0,0.3420344456,130200000.0,0.1751883746,-51475000.0,78700000.0,0.1058934338,26400000.0,51261000.0,0.0689733584,0.34,0.34,152392000,152553000,https://www.sec.gov/Archives/edgar/data/72903/000007290399000008/0000072903-99-000008-index.html,https://www.sec.gov/Archives/edgar/data/72903/,4.876896425009186,0.3363759252454197,1.716625544648013,1.0860150139114917,0.3819098115386634,17.071106094808126,16.440495564071604,17.071106094808126,15.634022783348207,3533970480.0,5858270480.0,17.235181131854628,4.755073304628633,13.509061467889907,21.353295951661632,1.358435702479339,1.358435702479339,7.882495263724435,23.04591062155783,22.3940003058104,35.397404712990934,0.0145052145427089,0.0468311778314571,0.9158177974245628,0.3228582269561211,9.143587726199844,0.5841259153269927,0.0,5.001912045889101,0.0155994511872662,1.0754374670802365,0.0,0.0,0.0130227389760685,0.3673547400611621,0.1293057050592034,0.0,0.0,11.36670378434688,0.0128570767459741,0.0070381557810333,-28.34269515460129,-494100000.0,2505400000.0,-4083900000.0,3984100000.0,463300000.0,264300000.0,163450000.0,51.92680301399354,82.48394004282655,50.685224839400426,1.7332089552238803,1.091121495327103,1.7756653992395437,0.0197044013069383,0.6306105307365216,1999-04-15,0.46,bmo,937078260.0,2025-04-25,1999-03-31,-0.2608695652173913,26.48377049180328,345247.54098360654
1998-12-31,XEL,USD,72903,1999-03-29,1999-03-29 00:00:00,1998,Q4,712800000.0,250500000.0,462300000.0,0.6485690236,0,0.0,0.0,38900000.0,192800000.0,231700000.0,482200000.0,0.0,0.0,57500000.0,288100000.0,0.4041806958,230600000.0,0.3235129068,6700000.0,237300000.0,0.3329124579,148700000.0,87600000.0,0.1228956229,0.59,0.59,150588235,150588235,https://www.sec.gov/Archives/edgar/data/72903/000104746999011811/0001047469-99-011811-index.html,https://www.sec.gov/Archives/edgar/data/72903/,4.733437509244995,0.5817187511361694,1.0040625019610596,0.3473046881783295,0.2815625005499267,17.17597659604683,16.539140657303008,17.17597659604683,16.336601594407426,4178823521.25,6596523521.25,11.925866213613013,5.86254702756734,27.637721701388887,79.90102335086043,1.6156286569688767,1.6156286569688767,9.254382044402355,22.896645335820896,43.62780106646825,126.12855681166349,0.0209628378787808,0.0125154842586785,0.9511308718345254,0.3326122520719819,8.39187782020132,0.61194514322811,0.0,1.7065462753950338,0.0132094594852591,0.6301369863013698,0.0,0.0,0.0129659424306747,0.6541005291005291,0.1387485970819304,0.0,0.0,14.993689413797386,0.0127120095662551,0.0119993425017807,-28.61777349339409,-478200000.0,2490600000.0,-4055700000.0,4012900000.0,467400000.0,243400000.0,171500000.0,62.85353535353536,97.65269461077844,60.75449101796407,1.4319003615910004,0.9216335540838853,1.481371969248965,0.033868161608351,0.6567578137827301,1999-01-27,0.47,bmo,545974468.0,2025-04-25,1998-12-31,0.2340425531914893,28.0728125,281526.5625
1998-09-30,XEL,USD,72903,1998-11-13,1998-11-13 00:00:00,1998,Q3,766400000.0,234600000.0,531800000.0,0.6938935282,0,0.0,0.0,36900000.0,360000000.0,396900000.0,631500000.0,0.0,0.0,115900000.0,250800000.0,0.3272442589,134900000.0,0.1760177453,-51200000.0,83700000.0,0.1092118998,-18000000.0,100600000.0,0.131263048,0.67,0.67,150149254,150149254,https://www.sec.gov/Archives/edgar/data/72903/000007290398000045/0000072903-98-000045-index.html,https://www.sec.gov/Archives/edgar/data/72903/,5.104254464028173,0.6699999988011929,1.8708051656387183,0.993677930627614,0.5920775337318692,16.88386676899507,16.243836949066694,16.88386676899507,16.27314112396456,4213188067.24,6567688067.24,10.470149272465209,5.49737482677453,14.998889523816304,28.23852591983914,1.661941567291231,1.661941567291231,8.569530359133612,26.18695401610845,23.38087599587041,44.01935701903485,0.0238774055167923,0.0354126133509484,0.9638278568892746,0.3362693016982742,9.387958532695375,0.6162828947368421,0.0,2.7647637795275597,0.0129830425623115,0.5437375745526839,0.0,0.0,0.0132256199939445,0.4688501245995016,0.1718423799582463,0.0,0.0,15.953817445589298,0.0246649240370434,0.0140304877198365,-28.155318041073983,-466600000.0,2439000000.0,-3981700000.0,4002500000.0,427700000.0,208000000.0,166150000.0,51.3178496868476,82.48081841432226,66.71355498721228,1.7537757437070938,1.0911627906976744,1.349051178838413,0.0396828527474261,0.8771272350111043,1998-10-28,0.68,bmo,664964705.0,2025-04-25,1998-09-30,0.1323529411764705,27.30875,363881.25
1998-06-30,XEL,USD,72903,1998-08-14,1998-08-14 00:00:00,1998,Q2,638700000.0,209500000.0,429200000.0,0.6719899796,0,0.0,0.0,36500000.0,327500000.0,364000000.0,573500000.0,0.0,0.0,103700000.0,168900000.0,0.2644434007,65200000.0,0.1020823548,-42000000.0,23200000.0,0.0363237827,-11800000.0,33900000.0,0.0530765618,0.23,0.23,147391304,147391304,https://www.sec.gov/Archives/edgar/data/72903/000007290398000034/0000072903-98-000034-index.html,https://www.sec.gov/Archives/edgar/data/72903/,4.333362842084632,0.2300000005427728,0.3344837766005517,-0.3826548681596575,0.2720648973972033,16.76421832864712,16.103392368385588,16.76421832864712,16.766253726882013,4219813033.52,6650913033.52,31.1195651439528,6.606878085987161,85.59458485841785,-74.81938002695036,1.7078040525800315,1.7078040525800315,10.413203434351026,39.37781547377146,134.90695808356998,-117.92398995602838,0.0080335312798733,-0.0133655210673998,1.0001214132502327,0.346572422304499,14.393724097098875,0.7152416356877324,0.0,1.4045584045584043,0.0127493800252856,1.5870206489675516,0.0,0.0,0.0136598227308425,2.144016227180527,0.1654924064506027,0.0,0.0,9.314227292453197,0.0148787712664716,0.0048201336556234,-28.67469033315561,-268100000.0,2373500000.0,-3986100000.0,4171100000.0,429550000.0,194100000.0,156550000.0,58.95725692813527,86.34844868735082,68.04773269689737,1.526529636711281,1.0422885572139304,1.3226010101010102,0.013719697276296,0.7171386447602092,1998-07-22,0.22,bmo,609668181.0,2025-04-25,1998-06-30,0.0454545454545455,28.511904761904763,351936.507936508
1998-03-31,XEL,USD,72903,1998-05-15,1998-05-15 00:00:00,1998,Q1,701300000.0,261700000.0,439600000.0,0.6268358762,0,0.0,0.0,37800000.0,322800000.0,360600000.0,622300000.0,0.0,0.0,98700000.0,177700000.0,0.2533865678,79000000.0,0.1126479395,-36000000.0,43100000.0,0.0614572936,-14000000.0,54700000.0,0.0779980037,0.37,0.37,147837838,147837838,https://www.sec.gov/Archives/edgar/data/72903/000007290398000015/0000072903-98-000015-index.html,https://www.sec.gov/Archives/edgar/data/72903/,4.743711146533406,0.3699999995941499,1.4928519179237456,0.9868921378571568,0.9118098710290934,16.871188281311312,16.26038389441274,16.871188281311312,16.313144406237868,4361216221.0,6638116221.0,19.93243245429616,6.218759761870811,19.760834712279117,29.89181782727896,1.7485431084115146,1.7485431084115146,9.465444490232423,37.35574688238604,30.0775542410512,45.49771227553119,0.0125423728675983,0.0334539707748188,0.9669232619677652,0.3353775552774301,12.813168261114235,0.857568402471315,0.0,3.865148861646235,0.0128404548553108,1.023765996343693,0.0,0.0,0.0125573633708802,0.3389216130493883,0.1066590617424782,0.0,0.0,11.851271758248366,0.0159214513965303,0.007703465855479,-28.099200151993564,-129100000.0,2403900000.0,-3919500000.0,4304100000.0,484150000.0,218500000.0,159200000.0,56.5563952659347,64.37905999235765,53.20213985479556,1.5913319718629453,1.3979700854700854,1.691661279896574,0.0219308796407665,0.5059597800665889,1998-04-22,0.49,bmo,873046938.0,2025-04-25,1998-03-31,-0.2448979591836734,27.86377049180328,326272.131147541
1997-12-31,XEL,USD,72903,1998-03-30,1998-03-30 00:00:00,1997,Q4,699600000.0,260200000.0,439400000.0,0.6280731847,0,0.0,0.0,33300000.0,297700000.0,331000000.0,591200000.0,0.0,0.0,100100000.0,208500000.0,0.2980274443,108400000.0,0.1549456832,-39500000.0,68900000.0,0.0984848485,3500000.0,63000000.0,0.090051458,0.44,0.44,147072323,147837838,https://www.sec.gov/Archives/edgar/data/72903/000089710198000331/0000897101-98-000331-index.html,https://www.sec.gov/Archives/edgar/data/72903/,4.756843338906124,0.4283606780318551,1.230007089777184,0.7084949627130048,0.3726057961292962,17.48799466504653,16.857012586929766,17.48799466504653,15.663722126698168,4284216768.99,6533116768.99,17.000860194404762,6.123808989408233,23.682790320563846,41.115324078598846,1.6657141403538105,1.6657141403538105,9.338360161506577,31.33389337645084,36.11452055826423,62.697857667850286,0.0147051382777842,0.0243218318816685,0.8956842923794712,0.3224618916308562,10.786091127098322,0.7754352030947775,0.0,2.76605504587156,0.0130712340246971,0.8888888888888888,0.0,0.0,0.0129897397852773,0.4239911553344389,0.1096340766152086,0.0,0.0,12.98273115230682,0.0157452246852064,0.008934522712124,-27.467778556812487,-232200000.0,2479200000.0,-3770300000.0,4221900000.0,489600000.0,210350000.0,170200000.0,67.87307032590051,86.40276710222906,56.62182936202921,1.3260045489006824,1.0416333066453165,1.5894929749541844,0.0244945567651632,0.5215121270641792,1998-01-28,0.54,bmo,790288888.0,2025-04-25,1997-12-31,-0.1296296296296297,26.49984375,327887.5
1997-09-30,XEL,USD,72903,1997-11-14,1997-11-14 00:00:00,1997,Q3,697500000.0,193100000.0,504400000.0,0.7231541219,0,0.0,0.0,37500000.0,295600000.0,333100000.0,526200000.0,0.0,0.0,100800000.0,272100000.0,0.3901075269,171300000.0,0.2455913978,-40100000.0,131200000.0,0.1881003584,43300000.0,83100000.0,0.1191397849,0.62,0.62,137903226,137903226,https://www.sec.gov/Archives/edgar/data/72903/000007290397000028/0000072903-97-000028-index.html,https://www.sec.gov/Archives/edgar/data/72903/,5.057894729743306,0.6025964903823207,1.598947366176916,0.6214502915254498,0.8157894725392428,18.657286523521936,18.20479529608684,18.657286523521936,16.110573076803874,3431032262.88,5540232262.879999,10.321998384115524,4.919042670795698,15.560237019863944,40.03538229731622,1.3335272505266431,1.3335272505266431,7.942985323125447,20.361015299081217,25.12576989968253,64.64681753652275,0.0242201161729228,0.024977905607936,0.8635003303665125,0.314750800442014,7.751561925762587,0.8544544762319156,0.0,2.511389521640091,0.0148643312252595,0.6137184115523465,0.0,0.0,0.0088402799421981,0.6113378684807256,0.1932616487455197,0.0,0.0,15.904821471191148,0.0176440583348488,0.0118778765615619,-28.61535668498429,-133800000.0,2510500000.0,-3700200000.0,4271400000.0,443500000.0,178300000.0,161450000.0,58.270967741935486,79.65302951838426,82.35629207664422,1.5445084145261294,1.1299005266237565,1.092812676853424,0.0322981849275137,0.977497074651466,1997-10-22,0.62,bmo,697500000.0,2025-04-25,1997-09-30,0.0,25.09546875,314031.25
1997-06-30,XEL,USD,72903,1997-08-13,1997-08-13 00:00:00,1997,Q2,594300000.0,182600000.0,411700000.0,0.6927477705,0,0.0,0.0,36300000.0,338900000.0,375200000.0,557800000.0,0.0,0.0,100400000.0,136900000.0,0.2303550395,36500000.0,0.0614167929,-35000000.0,1500000.0,0.0025239778,-16800000.0,15900000.0,0.0267541646,0.12,0.12,132500000,132500000,https://www.sec.gov/Archives/edgar/data/72903/000007290397000018/0000072903-97-000018-index.html,https://www.sec.gov/Archives/edgar/data/72903/,4.485283018867925,0.12,0.5290566037735849,-0.2633962264150943,0.4007547169811321,17.393207547169812,17.040754716981134,17.393207547169812,18.133584905660378,3429100000.0,5778700000.0,53.91666666666666,5.769981490829547,48.91726105563481,-98.25501432664755,1.4879371691399808,1.4879371691399808,9.723540299512033,42.21110299488678,82.43509272467902,-165.57879656160458,0.0046367851622874,-0.0101775976203668,1.0425670398333766,0.3497889066821953,17.162892622352082,0.6621219395103216,0.0,3.830601092896175,0.0145227610743343,3.1320754716981134,0.0,0.0,0.0067986606492939,1.4978601997146932,0.1766784452296819,0.0,0.0,6.8528578255614265,0.0696815585634926,0.0023305923222373,-31.03132075471698,-351900000.0,2257900000.0,-3874800000.0,4017600000.0,454450000.0,185850000.0,145600000.0,65.93639575971731,91.52792990142387,72.0591456736035,1.364951768488746,0.9833064081852452,1.2489740082079344,0.0068992449882843,0.7924528301886793,1997-09-04,0.3,bmo,,2025-04-25,1997-06-30,-0.2,23.89796875,383081.25
1997-03-31,XEL,USD,72903,1997-05-15,1997-05-15 00:00:00,1997,Q1,742500000.0,291600000.0,450900000.0,0.6072727273,0,0.0,0.0,34600000.0,327800000.0,362400000.0,654000000.0,0.0,0.0,100500000.0,189000000.0,0.2545454545,88500000.0,0.1191919192,-29100000.0,59400000.0,0.08,-6400000.0,61800000.0,0.0832323232,0.45,0.45,137333333,137333333,https://www.sec.gov/Archives/edgar/data/72903/000007290397000006/0000072903-97-000006-index.html,https://www.sec.gov/Archives/edgar/data/72903/,5.406553411180955,0.450000001092233,1.5895631106542794,1.006310682054152,0.3458737872472665,17.097815575480134,16.212378680127134,17.097815575480134,14.59223304512678,3253426658.77,5209926658.77,13.161111079166666,4.381719405750841,14.90346614186899,23.54143747301013,1.3855571137387677,1.3855571137387677,7.016736240767678,27.56574951730159,23.86590315515346,37.69845628632417,0.0189953567366919,0.0424782896603694,0.8534559856905584,0.3036639694517683,10.351851851851851,0.7050009729519362,0.0,3.317629179331307,0.0156450430080521,0.8236245954692557,0.0,0.0,0.0184259175076522,0.3669262482821805,0.1078787878787878,0.0,0.0,13.157331915016789,0.0163755246689083,0.0095402760196362,-27.496419969651505,-303200000.0,2226500000.0,-3526700000.0,4137100000.0,496300000.0,211150000.0,149700000.0,57.39393939393939,57.407407407407405,44.75308641975309,1.5681098204857444,1.5677419354838709,2.0110344827586206,0.0263191516545291,0.5832524286001273,1997-05-02,0.48,bmo,788906250.0,2025-04-25,1997-03-31,-0.0624999999999999,23.525081967213115,262852.45901639346
1996-12-31,XEL,USD,72903,1997-03-27,1997-03-27 00:00:00,1996,Q4,710000000.0,258700000.0,451300000.0,0.6356338028,0,0.0,0.0,32100000.0,157200000.0,189300000.0,448000000.0,0.0,0.0,104400000.0,366400000.0,0.516056338,262000000.0,0.3690140845,-24200000.0,237800000.0,0.3349295775,158100000.0,76700000.0,0.108028169,0.58,0.58,137333333,137333333,https://www.sec.gov/Archives/edgar/data/72903/000007290397000004/0000072903-97-000004-index.html,https://www.sec.gov/Archives/edgar/data/72903/,5.169902925169668,0.5584951469866387,0.7834951475327552,0.0444174758359647,0.3720873795439014,17.30388353714535,16.55097091395867,17.30388353714535,16.181068000439485,3150426659.02,5321526659.02,10.268665772555412,4.4372206465070425,29.27905816933086,516.4633867245901,1.3257139618835212,1.3257139618835212,7.495107970450705,14.52381730081878,49.456567463011154,872.3814195114754,0.0243459087614053,0.0019362456772434,0.935111934017842,0.3348249935964079,5.925491266375546,0.6447751536719508,0.0,1.3500627352572143,0.0159026079393273,0.6531942633637549,0.0,0.0,0.0155795627476683,0.9433085501858736,0.1429577464788732,0.0,0.0,14.745949852049124,0.0145620744845081,0.0117394964414173,-27.253944240907632,-439200000.0,2273000000.0,-3463300000.0,4002100000.0,463100000.0,212000000.0,159900000.0,65.80140845070423,82.2071897951295,53.71472748357171,1.367751878250819,1.0947947524333477,1.675518134715026,0.0322757111597374,0.7390776716967905,1997-01-29,0.49,bmo,608571428.0,2025-04-25,1996-12-31,0.142857142857143,23.52390625,245743.75
1996-09-30,XEL,USD,72903,1996-11-14,1996-11-14 00:00:00,1996,Q3,633300000.0,165700000.0,467600000.0,0.7383546502,0,0.0,0.0,41200000.0,320900000.0,362100000.0,527800000.0,0.0,0.0,97400000.0,202900000.0,0.3203852834,105500000.0,0.1665877151,-25300000.0,80200000.0,0.1266382441,-4000000.0,81100000.0,0.1280593715,0.59,0.59,137457627,137457627,https://www.sec.gov/Archives/edgar/data/72903/000007290396000014/0000072903-96-000014-index.html,https://www.sec.gov/Archives/edgar/data/72903/,4.607237981781833,0.5900000005092478,2.0493588180450693,1.1858199763626067,0.5776325529030121,17.066350199687356,16.385413084426375,17.066350199687356,14.95369914977508,3204137285.37,5180237285.37,9.87711863554254,5.059430420606348,11.374289262939296,19.657283959325152,1.3658456393580287,1.3658456393580287,8.179752542823307,25.53098711370133,18.38919874110756,31.780596842760737,0.025311025332872,0.0508717278576836,0.8762095570996206,0.3214280129478178,9.739280433711189,0.7578224101479916,0.0,3.345605700712589,0.0156360341452144,0.6177558569667078,0.0,0.0,0.0146366635912993,0.4213702520411785,0.1874309174167061,0.0,0.0,15.051770629942418,0.0189943658166332,0.012870360084427,-26.055847741355237,-229100000.0,2252300000.0,-3332100000.0,4209000000.0,482600000.0,187000000.0,153900000.0,57.85409758408337,101.949305974653,89.83705491852747,1.5556374355195284,0.8827916888652104,1.001813784764208,0.0345709535785839,0.8635388416824626,1996-11-01,0.6,bmo,,2025-04-25,1996-09-30,-0.0166666666666666,23.13265625,267425.0
1996-06-30,XEL,USD,72903,1996-08-14,1996-08-14 00:00:00,1996,Q2,592300000.0,180500000.0,411800000.0,0.6952557825,0,0.0,0.0,40400000.0,300500000.0,340900000.0,521400000.0,0.0,0.0,99000000.0,169900000.0,0.2868478811,70900000.0,0.1197028533,-30700000.0,40200000.0,0.0678710113,-3200000.0,40300000.0,0.0680398447,0.3,0.3,134333333,134333333,https://www.sec.gov/Archives/edgar/data/72903/000007290396000012/0000072903-96-000012-index.html,https://www.sec.gov/Archives/edgar/data/72903/,4.409181152380103,0.3000000007444168,-0.4734491326884594,-1.170967744841111,0.291066998240861,17.22580649435684,16.508188626571187,17.22580649435684,16.369727087766073,3332809991.73,5492709991.73,20.67499994869727,5.626895140520007,-52.40267282594339,-21.187603253210423,1.4402808953025066,1.4402808953025066,9.273526914958635,32.3290758783402,-86.36336464984277,-34.91869034793388,0.0120918984580579,-0.0471974101104841,0.9503025064822818,0.3435239716932498,12.712772218952324,0.7900029577048211,0.0,-1.4654377880184333,0.0147323130096933,1.218362282878412,0.0,0.0,0.0150594410510365,-1.4732704402515724,0.1581968596994766,0.0,0.0,10.783051243754256,0.0129307848795552,0.0063918539548605,-26.489516194763063,-213000000.0,2217600000.0,-3286000000.0,4207300000.0,516300000.0,208350000.0,136000000.0,84.80330913388485,92.89196675900276,71.00277008310249,1.0612793406199603,0.9688674181427804,1.2675561797752808,0.0174157303370786,0.6975186121526517,1996-07-24,0.32,bmo,,2025-04-25,1996-06-30,-0.0625,23.61206349206349,221323.80952380956
1996-03-31,XEL,USD,72903,1996-05-15,1996-05-15 00:00:00,1996,Q1,718700000.0,271800000.0,446900000.0,0.6218171699,0,0.0,0.0,34900000.0,322700000.0,357600000.0,629400000.0,0.0,0.0,94600000.0,183900000.0,0.2558786698,89300000.0,0.1242521219,-26100000.0,63200000.0,0.0879365521,-4000000.0,64100000.0,0.0891888131,0.47,0.47,136382979,136382979,https://www.sec.gov/Archives/edgar/data/72903/000007290396000008/0000072903-96-000008-index.html,https://www.sec.gov/Archives/edgar/data/72903/,5.269719178080133,0.4699999990468019,1.604305768977227,0.8813416518787143,0.6943681733187541,16.914134131063378,16.195569389930984,16.914134131063378,14.619126335405827,3367295751.51,5266395751.51,13.132978750039,4.6852591505635175,15.38983433048446,28.01410774966722,1.4597259196766084,1.4597259196766084,7.327669057339642,28.637279779825995,24.06945041823583,43.81360858161398,0.0190360469439773,0.0356963001975987,0.8643142014912433,0.3124490691406005,10.326808047852094,0.8389584376564847,0.0,3.255952380952381,0.014522038932301,0.7628705148205929,0.0,0.0,0.0153576129881526,0.4506398537477148,0.137192152497565,0.0,0.0,13.37411559966634,0.0166334236198961,0.0102018079959256,-26.095815079680875,-160800000.0,2208800000.0,-3236700000.0,4258600000.0,473900000.0,238250000.0,137050000.0,59.41978572422429,76.29139072847683,42.91390728476821,1.5146469968387777,1.1796875,2.0972222222222223,0.0277874111323044,0.7229641170985127,1996-04-24,0.5,bmo,,2025-04-25,1996-03-31,-0.06,25.193809523809524,220257.14285714287
1995-12-31,XEL,USD,72903,1996-03-29,1996-03-29 00:00:00,1995,Q4,652800000.0,215600000.0,437200000.0,0.6697303922,0,0.0,0.0,57300000.0,154200000.0,211500000.0,427100000.0,0.0,0.0,112600000.0,338300000.0,0.5182291667,225700000.0,0.3457414216,-18400000.0,207300000.0,0.3175551471,148300000.0,56000000.0,0.0857843137,0.43,0.43,136131666,136382979,https://www.sec.gov/Archives/edgar/data/72903/000007290396000005/0000072903-96-000005-index.html,https://www.sec.gov/Archives/edgar/data/72903/,4.795357459299734,0.4113664487144379,0.66553214738443,-0.1990719778600226,0.2115598879102823,16.659606589990606,16.029334423924556,16.659606589990606,14.147332921056002,3343393716.96,5240493716.96,14.925864807857144,5.121620277205882,36.90280040794702,-123.3724618804428,1.4742244882754971,1.4742244882754971,8.027717090931372,15.490670165415311,57.84209400618101,-193.3761519173432,0.0167494482375585,-0.0081055365578185,0.8491997001631465,0.3092027100793115,5.607744605379841,0.7106112568085535,0.0,1.535593220338983,0.0145361282918811,0.8678571428571429,0.0,0.0,0.0137751661689625,1.2991169977924946,0.1803002450980392,0.0,0.0,12.417611364422784,0.0114284185169027,0.0091163638731523,-25.744744797290583,-286900000.0,2182100000.0,-3256200000.0,4109200000.0,386650000.0,217000000.0,148850000.0,65.25275735294117,102.73191094619666,60.32003710575139,1.3792520600042255,0.8760666395774076,1.4920415224913497,0.0246924467569116,0.8646041252444526,1996-01-24,0.37,bmo,,2025-04-25,1995-12-31,0.108108108108108,23.6584126984127,241673.0158730159
1995-09-30,XEL,USD,72903,1995-11-13,1995-11-13 00:00:00,1995,Q3,664900000.0,187600000.0,477300000.0,0.7178523086,0,0.0,0.0,45300000.0,320300000.0,365600000.0,553200000.0,0.0,0.0,97100000.0,208800000.0,0.3140321853,111700000.0,0.1679951872,-2100000.0,109600000.0,0.1648368176,20800000.0,85700000.0,0.1288915626,0.64,0.64,133906250,133906250,https://www.sec.gov/Archives/edgar/data/72903/000007290395000018/0000072903-95-000018-index.html,https://www.sec.gov/Archives/edgar/data/72903/,4.965414235705951,0.64,1.922240373395566,1.0514819136522753,0.3427771295215869,16.755005834305717,16.12247374562427,16.755005834305717,13.835052508751458,3038332812.5,4845032812.5,8.86328125,4.569608681756655,11.80393478049728,21.57906827059659,1.3542221485558923,1.3542221485558923,7.286859396149797,23.20418013649425,18.8229712995338,34.41074440696023,0.0282062582635522,0.0463412037748909,0.8257265109645213,0.3050400935241137,8.652777777777779,0.7278444159776406,0.0,2.8986486486486487,0.0158968760108468,0.5635939323220537,0.0,0.0,0.0139462894966492,0.452991452991453,0.1753647164987216,0.0,0.0,15.532935460305058,0.0163892538670797,0.0143105233276558,-26.00476079346558,-233700000.0,2158900000.0,-3204700000.0,4132700000.0,294800000.0,184750000.0,150200000.0,40.60761016694239,90.14392324093816,73.49680170575692,2.216333333333333,0.9984034060670568,1.2245430809399478,0.03819753966839,0.8707584597432906,1995-10-25,0.55,bmo,,2025-04-25,1995-09-30,0.1636363636363635,22.06809523809524,251600.0
1995-06-30,XEL,USD,72903,1995-08-03,1995-08-03 00:00:00,1995,Q2,589700000.0,189400000.0,400300000.0,0.6788197389,0,0.0,0.0,39700000.0,292400000.0,332100000.0,521500000.0,0.0,0.0,77500000.0,145700000.0,0.2470747838,68200000.0,0.1156520265,13100000.0,81300000.0,0.1378667119,21500000.0,56700000.0,0.096150585,0.42,0.42,135000000,135000000,https://www.sec.gov/Archives/edgar/data/72903/000007290395000011/0000072903-95-000011-index.html,https://www.sec.gov/Archives/edgar/data/72903/,4.368148148148149,0.42,-0.0451851851851851,-0.7022222222222222,0.4325925925925926,16.179259259259258,15.628148148148147,16.179259259259258,14.398518518518518,3113100000.0,4998500000.0,13.726190476190476,5.279124978802781,-510.344262295082,-32.83860759493671,1.4252815676220127,1.4252815676220127,8.476343903679837,34.30679478380233,-819.4262295081967,-52.72679324894515,0.018213356461405,-0.0304519610677459,0.8899368189726216,0.3237562251203384,12.940288263555251,0.6780596539645473,0.0,-0.1020066889632107,0.0152259805338729,0.8359788359788359,0.0,0.0,0.0123919452355968,-14.540983606557376,0.1504154654909276,0.0,0.0,12.365031338415603,0.0090549331486094,0.0095623577030103,-25.70740740740741,-303300000.0,2109800000.0,-3180900000.0,4030800000.0,289950000.0,180450000.0,149050000.0,44.19874512463965,86.2935586061246,69.94720168954593,2.036256906077348,1.0429515418502202,1.2866847826086956,0.0259591612489698,0.6570370370370371,1995-07-26,0.37,bmo,,2025-04-25,1995-06-30,0.1351351351351351,22.68777777777777,159695.2380952381
1995-03-31,XEL,USD,72903,1995-05-15,1995-05-15 00:00:00,1995,Q1,661200000.0,234400000.0,426800000.0,0.645493043,0,0.0,0.0,43700000.0,295300000.0,339000000.0,573400000.0,0.0,0.0,92900000.0,180700000.0,0.2732909861,87800000.0,0.1327888687,-600000.0,87200000.0,0.1318814277,19000000.0,65000000.0,0.0983061101,0.49,0.49,132653061,132653061,https://www.sec.gov/Archives/edgar/data/72903/000007290395000007/0000072903-95-000007-index.html,https://www.sec.gov/Archives/edgar/data/72903/,4.98443077766596,0.4900000008292308,1.748169233727671,1.160169232732594,0.2751538466194911,16.28760002756363,15.691307718862213,16.28760002756363,13.377000022638,2918367342.0,4656367342.0,11.224489776923075,4.4137437114337565,12.584593971539457,18.96275076023392,1.3507207914468202,1.3507207914468202,7.042297855414399,25.768496635307137,20.079203717119448,30.255798193632227,0.0222727273104195,0.0527349651242088,0.8212996389891697,0.3000304341945083,9.618151632540124,0.683344526527871,0.0,3.400293255131965,0.0161391608664732,0.7246153846153847,0.0,0.0,0.0133741376978222,0.3363518758085381,0.1179673321234119,0.0,0.0,13.400402628569712,0.0128610990307804,0.0111391016742926,-25.812634659067538,-282900000.0,2081500000.0,-3143300000.0,4056400000.0,300000000.0,207100000.0,154900000.0,39.51451905626134,68.8438566552901,57.939419795221845,2.277643816741302,1.3073061907417736,1.553346587143804,0.0300842358604091,0.5880000009950769,1995-04-26,0.46,bmo,,2025-04-25,1995-03-31,0.0652173913043477,22.40222222222222,141542.85714285713
1994-12-31,XEL,USD,72903,1995-03-28,1995-03-28 00:00:00,1994,Q4,608700000.0,202700000.0,406000000.0,0.6669952357,0,0.0,0.0,51300000.0,157500000.0,208800000.0,411500000.0,0.0,0.0,93000000.0,290200000.0,0.4767537375,197200000.0,0.3239691145,-4500000.0,192700000.0,0.3165763102,143900000.0,45600000.0,0.0749137506,0.37,0.37,132653061,132653061,https://www.sec.gov/Archives/edgar/data/72903/000007290395000006/0000072903-95-000006-index.html,https://www.sec.gov/Archives/edgar/data/72903/,4.588661546226966,0.3437538467355834,0.8020923090496946,-0.3271692313229017,0.3098307697550982,16.113461565730475,15.50284618008174,16.113461565730475,14.01776925449161,2918367342.0,4736767342.0,15.999820953947369,4.794426387382948,27.428264492481205,-67.24348714285715,1.365318054736842,1.365318054736842,7.781776477739445,16.322423645761543,44.51849005639098,-109.14210465437787,0.0156251748516174,-0.0148713286964955,0.8699415204678362,0.312332034399355,6.266023432115782,0.6903279369032793,0.0,2.180327868852459,0.0161734266007969,1.0350877192982455,0.0,0.0,0.013605213652244,1.4078947368421053,0.2460982421554131,0.0,0.0,11.163733647061417,0.0092719398499358,0.0077648741613595,-26.107765428797755,-298400000.0,2056500000.0,-3150900000.0,4056300000.0,296400000.0,208300000.0,159000000.0,45.79103006407097,104.2969906265417,70.55254070054268,1.9654504359057152,0.8629203916560239,1.275645059786029,0.0213333333333333,1.1292615403725963,1995-01-25,0.35,bmo,,2025-04-25,1994-12-31,0.0857142857142858,22.195238095238093,210155.5555555556
1994-09-30,XEL,USD,72903,1994-11-14,1994-11-14 00:00:00,1994,Q3,612300000.0,183200000.0,429100000.0,0.7008002613,0,0.0,0.0,48300000.0,291800000.0,340100000.0,523300000.0,0.0,0.0,83900000.0,172900000.0,0.2823779193,89000000.0,0.1453535848,5300000.0,94300000.0,0.1540094725,18200000.0,73000000.0,0.1192226033,0.55,0.55,132727273,132727273,https://www.sec.gov/Archives/edgar/data/72903/000007290394000037/0000072903-94-000037-index.html,https://www.sec.gov/Archives/edgar/data/72903/,4.613219168602974,0.5499999988698631,1.602534243282464,0.7828082175695722,0.2998630130824732,16.060753391655986,15.51753421469,16.060753391655986,12.960410932273128,2804527278.49,4484927278.49,9.60454547428082,4.580315659790951,13.1853656722614,26.99256283435996,1.3156294405826336,1.3156294405826336,7.324721996553976,25.9394290253904,21.085694774283027,43.16580633772858,0.0260293421140493,0.0370472417212291,0.8069615799596566,0.2975249494093432,9.718912666281089,0.6315733896515312,0.0,2.7950065703022338,0.0167942741585167,0.6452054794520548,0.0,0.0,0.0124703806838819,0.5115185707569346,0.1776906745059611,0.0,0.0,14.097936828250743,0.0136988185428877,0.0127854840969595,-25.00107871575121,-348900000.0,2059600000.0,-3051900000.0,3947800000.0,286200000.0,186200000.0,154950000.0,41.61195492405684,89.26310043668123,78.16048034934498,2.162839985870717,1.008255365987892,1.1514770584538023,0.0342449688042407,0.8197260257128918,1994-10-26,0.5,bmo,,2025-04-25,1994-09-30,0.1,21.09234375,180109.375
1994-06-30,XEL,USD,72903,1994-08-12,1994-08-12 00:00:00,1994,Q2,582000000.0,194100000.0,387900000.0,0.6664948454,0,0.0,0.0,45100000.0,277100000.0,322200000.0,516300000.0,0.0,0.0,88000000.0,153700000.0,0.2640893471,65700000.0,0.1128865979,-2000000.0,63700000.0,0.1094501718,10900000.0,49700000.0,0.085395189,0.37,0.37,134324324,134324324,https://www.sec.gov/Archives/edgar/data/72903/000007290394000025/0000072903-94-000025-index.html,https://www.sec.gov/Archives/edgar/data/72903/,4.332796791145586,0.3700000008933601,-0.0833802818914614,-0.7534004042335624,0.2367404432275423,15.629336053833407,15.105975891603968,15.629336053833407,13.19716300973158,2753648642.0,4494548642.0,13.851351317907444,4.731355054982818,-245.86148589285716,-27.20996681818182,1.311636011241307,1.311636011241307,7.72259216838488,29.24234640208197,-401.2989858928571,-44.412535988142295,0.0180487805313834,-0.0367512392309054,0.8443841097456416,0.3092098377812664,11.326610279765776,0.6517300666236836,0.0,-0.2121212121212121,0.0167414241951061,0.9275653923541248,0.0,0.0,0.0122623408337694,-8.035714285714286,0.1546391752577319,0.0,0.0,11.406762159452708,0.0103510237023869,0.0087767319476574,-24.6375704820223,-324100000.0,2029100000.0,-3027100000.0,3944300000.0,303400000.0,187550000.0,151150000.0,44.73711340206185,88.42349304482227,69.92272024729522,2.011752506049084,1.0178290508652337,1.2871352785145889,0.0236734305039535,0.670020122342101,1994-07-27,0.28,bmo,,2025-04-25,1994-06-30,0.3214285714285713,20.53451612903226,185751.61290322585
1994-03-31,XEL,USD,72903,1994-05-16,1994-05-16 00:00:00,1994,Q1,683400000.0,254300000.0,429100000.0,0.627889962,0,0.0,0.0,49200000.0,294200000.0,343400000.0,597700000.0,0.0,0.0,83100000.0,168800000.0,0.2470002927,85700000.0,0.1254023998,3200000.0,88900000.0,0.1300848698,23100000.0,62700000.0,0.0917471466,0.47,0.47,133404255,133404255,https://www.sec.gov/Archives/edgar/data/72903/000007290394000018/0000072903-94-000018-index.html,https://www.sec.gov/Archives/edgar/data/72903/,5.122775131872668,0.4700000011244019,1.4444816621478829,0.9894736865776882,0.4152791078515449,15.672663514368413,15.160685841692231,15.672663514368413,12.202759199847112,2726782972.2000003,4299282972.200001,10.872340399521532,3.990024834942933,14.15040462999481,20.657446759090917,1.3041816396594603,1.3041816396594603,6.291019859818555,25.469685854265407,22.31075751011936,32.570325546969705,0.0229941292135225,0.0484086930811002,0.7786014922517697,0.2871126474893737,9.315758293838863,0.7187948350071736,0.0,2.9285714285714284,0.016943042578385,0.7368421052631579,0.0,0.0,0.0120460678318841,0.3149974052932018,0.0888206028680128,0.0,0.0,12.873943337647146,0.0124764454009543,0.0111932305055698,-24.06088921226688,-254800000.0,2022500000.0,-2927800000.0,4006300000.0,,,,41.81299385425813,65.26150216279984,53.61777428234369,2.15244094488189,1.3790672451193058,1.6785478547854786,0.0299885211402334,0.4550079755701945,1994-04-27,0.43,bmo,,2025-04-25,1994-03-31,0.0930232558139534,21.15015873015873,209012.6984126984
1993-12-31,XEL,USD,72903,1994-03-25,1994-03-25 00:00:00,1993,Q4,630000000.0,0.0,630000000.0,1.0,0,0.0,0.0,0.0,0.0,0.0,0.0,0.0,0.0,0.0,630000000.0,1.0,630000000.0,1.0,-630000000.0,0.0,0.0,-61500000.0,58200000.0,0.0923809524,0.46,0.46,132850877,133404255,https://www.sec.gov/Archives/edgar/data/72903/000007290394000011/0000072903-94-000011-index.html,https://www.sec.gov/Archives/edgar/data/72903/,4.7421591353138,0.4380851772623225,,,,,,,,2864264908.12,,12.30354341975945,4.546452235111111,0.0,0.0,0.0,0.0,,,0.0,0.0,0.0203193495947273,,0.0,0.0,,0.0,0.0,0.0,0.0149582560296846,0.7361582101804124,0.0,0.0,0.0,0.0,,0.0,,,0.0,0.0,,,,,,,,,,0.0,0.0,0.0,0.0,0.0,0.0,,1994-01-26,0.37,bmo,,2025-04-25,1993-12-31,0.027027027027027,21.7734375,162228.125
1993-09-30,XEL,USD,72903,1994-01-25,1994-01-25 00:00:00,1993,Q3,588000000.0,0.0,588000000.0,1.0,0,0.0,0.0,0.0,0.0,0.0,0.0,0.0,0.0,0.0,588000000.0,1.0,588000000.0,1.0,-588000000.0,0.0,0.0,-59900000.0,56200000.0,0.0955782313,0.42,0.42,133809524,133809524,https://www.sec.gov/Archives/edgar/data/72903/000007290394000002/0000072903-94-000002-index.html,https://www.sec.gov/Archives/edgar/data/72903/,4.394306043566824,0.4199999994021352,,,,,,,,3103042861.56,,13.80357144822064,5.277283778163265,0.0,0.0,0.0,0.0,,,0.0,0.0,0.0181112548254478,,0.0,0.0,,0.0,0.0,0.0,0.0278137128072445,1.535714287900356,0.0,0.0,0.0,0.0,,0.0,,,0.0,0.0,,,,,,,,,,0.0,0.0,0.0,0.0,0.0,0.0,,1993-10-27,0.51,bmo,,2025-04-25,1993-09-30,-0.1764705882352941,23.1,140012.5
1993-06-30,XEL,USD,72903,1993-06-30,1993-06-29 20:00:00,1993,Q2,545300000.0,0.0,545300000.0,1.0,0,0.0,0.0,0.0,0.0,0.0,0.0,0.0,0.0,0.0,545300000.0,1.0,545300000.0,1.0,-545300000.0,0.0,0.0,-35900000.0,32200000.0,0.0590500642,0.25,0.25,128800000,128800000,,,4.233695652173913,0.25,,,,,,,,2954672000.0,,22.94,5.418433889602054,0.0,0.0,0.0,0.0,,,0.0,0.0,0.0108979947689625,,0.0,0.0,,0.0,0.0,0.0,0.0137314734088927,1.26,0.0,0.0,0.0,0.0,,0.0,,,0.0,0.0,,,,,,,,,,0.0,0.0,0.0,0.0,0.0,0.0,,1993-07-28,0.26,bmo,,2025-04-25,1993-06-30,-0.0384615384615384,22.590634920634923,215409.52380952385
1993-03-31,XEL,USD,72903,1993-03-31,1993-03-30 19:00:00,1993,Q1,640800000.0,0.0,640800000.0,1.0,0,0.0,0.0,0.0,0.0,0.0,0.0,0.0,0.0,0.0,640800000.0,1.0,640800000.0,1.0,-640800000.0,0.0,0.0,-54500000.0,50700000.0,0.0791198502,0.41,0.41,123658537,123658537,,,5.182011816943945,0.4099999986252465,,,,,,,,2882480497.47,,14.213414681804734,4.498252961095505,0.0,0.0,0.0,0.0,,,0.0,0.0,0.0175890175300406,,0.0,0.0,,0.0,0.0,0.0,,,0.0,0.0,0.0,0.0,,0.0,,,0.0,0.0,,,,,,,,,,0.0,0.0,0.0,0.0,0.0,0.0,,1993-04-28,0.39,bmo,,2025-04-25,1993-03-31,0.0512820512820511,22.640483870967746,124222.58064516127
1992-12-31,XEL,USD,72903,1992-12-31,1992-12-30 19:00:00,1992,Q4,572000000.0,0.0,572000000.0,1.0,0,0.0,0.0,0.0,0.0,0.0,0.0,0.0,0.0,0.0,572000000.0,1.0,572000000.0,1.0,-572000000.0,0.0,0.0,-29800000.0,26000000.0,0.0454545455,0.24,0.24,123658537,123658537,,,4.625641010130987,0.2102564095514084,,,,,,,,2674734155.31,,25.71859764721154,4.67610866312937,0.0,0.0,0.0,0.0,,,0.0,0.0,0.0097205922122703,,0.0,0.0,,0.0,0.0,0.0,0.0145631067961165,1.4981707367307693,0.0,0.0,0.0,0.0,,0.0,,,0.0,0.0,,,,,,,,,,0.0,0.0,0.0,0.0,0.0,0.0,,1992-12-30,,bmo,,2025-04-25,1992-12-31,,21.44875,158812.5
1992-09-30,XEL,USD,72903,1992-09-30,1992-09-29 20:00:00,1992,Q3,523400000.0,0.0,523400000.0,1.0,0,0.0,0.0,0.0,0.0,0.0,0.0,0.0,0.0,0.0,523400000.0,1.0,523400000.0,1.0,-523400000.0,0.0,0.0,-55700000.0,51800000.0,0.0989682843,0.42,0.42,123333333,123333333,,,4.24378379525347,0.4200000011351351,,,,,,,,2651666659.5,,12.797619013030888,5.066233587122659,0.0,0.0,0.0,0.0,,,0.0,0.0,0.0195348837737272,,0.0,0.0,,0.0,0.0,0.0,0.0293023255813953,1.499999995945946,0.0,0.0,0.0,0.0,,0.0,,,0.0,0.0,,,,,,,,,,0.0,0.0,0.0,0.0,0.0,0.0,,1993-01-27,0.28,bmo,,2025-04-25,1992-09-30,-0.2500000000000001,21.60296875,174931.25
1992-06-30,XEL,USD,72903,1992-06-30,1992-06-29 20:00:00,1992,Q2,500300000.0,0.0,500300000.0,1.0,0,0.0,0.0,0.0,0.0,0.0,0.0,0.0,0.0,0.0,500300000.0,1.0,500300000.0,1.0,-500300000.0,0.0,0.0,-31100000.0,27000000.0,0.0539676194,0.22,0.22,122727273,122727273,,,4.076518509459588,0.2199999995111111,,,,,,,,2546590914.75,,23.579545506944445,5.090127752848291,0.0,0.0,0.0,0.0,,,0.0,0.0,0.0106024096149933,,0.0,0.0,,0.0,0.0,0.0,0.014578313253012,1.3750000030555554,0.0,0.0,0.0,0.0,,0.0,,,0.0,0.0,,,,,,,,,,0.0,0.0,0.0,0.0,0.0,0.0,,1992-06-29,,bmo,,2025-04-25,1992-06-30,,20.235396825396823,199580.9523809524
1992-03-31,XEL,USD,72903,1992-03-31,1992-03-30 19:00:00,1992,Q1,563800000.0,0.0,563800000.0,1.0,0,0.0,0.0,0.0,0.0,0.0,0.0,0.0,0.0,0.0,563800000.0,1.0,563800000.0,1.0,-563800000.0,0.0,0.0,-89800000.0,85400000.0,0.1514721532,0.69,0.69,123768116,123768116,,,4.555292737913212,0.689999999676815,,,,,,,,2429568117.08,,7.112318843911006,4.309272999432423,0.0,0.0,0.0,0.0,,,0.0,0.0,0.0351502801669289,,0.0,0.0,,0.0,0.0,0.0,,,0.0,0.0,0.0,0.0,,0.0,,,0.0,0.0,,,,,,,,,,0.0,0.0,0.0,0.0,0.0,0.0,,1992-03-30,,bmo,,2025-04-25,1992-03-31,,20.339523809523808,133453.96825396825
1991-12-31,XEL,USD,72903,1991-12-31,1991-12-30 19:00:00,1991,Q4,533500000.0,0.0,533500000.0,1.0,0,0.0,0.0,0.0,0.0,0.0,0.0,0.0,0.0,0.0,533500000.0,1.0,533500000.0,1.0,-533500000.0,0.0,0.0,-37000000.0,32500000.0,0.060918463,0.3,0.3,123768116,123768116,,,4.310480091657855,0.2625878218910595,,,,,,,,2661014494.0,,20.46934226153846,4.987843475164011,0.0,0.0,0.0,0.0,,,0.0,0.0,0.0122133870647004,,0.0,0.0,,0.0,0.0,0.0,0.0140697674418604,1.1519955412307692,0.0,0.0,0.0,0.0,,0.0,,,0.0,0.0,,,,,,,,,,0.0,0.0,0.0,0.0,0.0,0.0,,1991-12-30,,bmo,,2025-04-25,1991-12-31,,20.51234375,165212.5
1991-09-30,XEL,USD,72903,1991-09-30,1991-09-29 20:00:00,1991,Q3,589200000.0,0.0,589200000.0,1.0,0,0.0,0.0,0.0,0.0,0.0,0.0,0.0,0.0,0.0,589200000.0,1.0,589200000.0,1.0,-589200000.0,0.0,0.0,-89400000.0,84900000.0,0.1440936864,0.68,0.68,124852941,124852941,,,4.719151950133077,0.6800000009611308,,,,,,,,2458354408.29,,7.238970578003534,4.17235982398167,0.0,0.0,0.0,0.0,,,0.0,0.0,0.0345352971539426,,0.0,0.0,,0.0,0.0,0.0,0.0307262569832402,0.8897058810954063,0.0,0.0,0.0,0.0,,0.0,,,0.0,0.0,,,,,,,,,,0.0,0.0,0.0,0.0,0.0,0.0,,1991-09-29,,bmo,,2025-04-25,1991-09-30,,18.30125,191628.125
1991-06-30,XEL,USD,72903,1991-06-30,1991-06-29 20:00:00,1991,Q2,501500000.0,0.0,501500000.0,1.0,0,0.0,0.0,0.0,0.0,0.0,0.0,0.0,0.0,0.0,501500000.0,1.0,501500000.0,1.0,-501500000.0,0.0,0.0,-24600000.0,20100000.0,0.0400797607,0.16,0.16,125625000,125625000,,,3.992039800995025,0.16,,,,,,,,2183362500.0,,27.15625,4.353664007976072,0.0,0.0,0.0,0.0,,,0.0,0.0,0.0092059838895281,,0.0,0.0,,0.0,0.0,0.0,0.0166858457997698,1.8125,0.0,0.0,0.0,0.0,,0.0,,,0.0,0.0,,,,,,,,,,0.0,0.0,0.0,0.0,0.0,0.0,,1991-06-29,,bmo,,2025-04-25,1991-06-30,,16.97609375,170293.75
1991-03-31,XEL,USD,72903,1991-03-31,1991-03-30 19:00:00,1991,Q1,577000000.0,0.0,577000000.0,1.0,0,0.0,0.0,0.0,0.0,0.0,0.0,0.0,0.0,0.0,577000000.0,1.0,577000000.0,1.0,-577000000.0,0.0,0.0,-72900000.0,68400000.0,0.1185441941,0.55,0.55,124363636,124363636,,,4.639619896607075,0.5500000016081872,,,,,,,,2176363630.0,,7.954545431286549,3.771860710571924,0.0,0.0,0.0,0.0,,,0.0,0.0,0.0314285715204678,,0.0,0.0,,0.0,0.0,0.0,,,0.0,0.0,0.0,0.0,,0.0,,,0.0,0.0,,,,,,,,,,0.0,0.0,0.0,0.0,0.0,0.0,,1991-03-30,,bmo,,2025-04-25,1991-03-31,,16.934426229508198,192849.18032786885
1990-12-31,XEL,USD,72903,1990-12-31,1990-12-30 19:00:00,1990,Q4,431200000.0,0.0,431200000.0,1.0,0,0.0,0.0,0.0,0.0,0.0,0.0,0.0,0.0,0.0,431200000.0,1.0,431200000.0,1.0,-431200000.0,0.0,0.0,3800000.0,-3800000.0,-0.008812616,-0.0306,-0.0306,124363636,124363636,,,3.4672514721264664,-0.0305555556448992,,,,,,,,2114181812.0,,-139.09090868421052,4.903019044526902,0.0,0.0,0.0,0.0,,,0.0,0.0,-0.0017973856261705,,0.0,0.0,,0.0,0.0,0.0,0.0170588235294117,-9.490909063157892,0.0,0.0,0.0,0.0,,0.0,,,0.0,0.0,,,,,,,,,,0.0,0.0,0.0,0.0,0.0,0.0,,1990-12-30,,bmo,,2025-04-25,1990-12-31,,16.537187499999998,182775.0
1990-09-30,XEL,USD,72903,1990-09-30,1990-09-29 20:00:00,1990,Q3,554900000.0,0.0,554900000.0,1.0,0,0.0,0.0,0.0,0.0,0.0,0.0,0.0,0.0,0.0,554900000.0,1.0,554900000.0,1.0,-554900000.0,0.0,0.0,-84800000.0,80300000.0,0.1447107587,0.64,0.64,125468750,125468750,,,4.422615193026152,0.64,,,,,,,,1952293750.0,,6.078125,3.5182803207785187,0.0,0.0,0.0,0.0,,,0.0,0.0,0.0411311053984575,,0.0,0.0,,0.0,0.0,0.0,0.0372750642673521,0.90625,0.0,0.0,0.0,0.0,,0.0,,,0.0,0.0,,,,,,,,,,0.0,0.0,0.0,0.0,0.0,0.0,,1990-09-29,,bmo,,2025-04-25,1990-09-30,,16.154444444444444,264682.5396825397
1990-06-30,XEL,USD,72903,1990-06-30,1990-06-29 20:00:00,1990,Q2,494800000.0,0.0,494800000.0,1.0,0,0.0,0.0,0.0,0.0,0.0,0.0,0.0,0.0,0.0,494800000.0,1.0,494800000.0,1.0,-494800000.0,0.0,0.0,-48500000.0,43900000.0,0.0887227162,0.35,0.35,125428571,125428571,,,3.9448747287410297,0.3500000011958998,,,,,,,,2265239992.26,,12.89999995592255,4.578092142805174,0.0,0.0,0.0,0.0,,,0.0,0.0,0.0193798450274584,,0.0,0.0,,0.0,0.0,0.0,0.0153654485049833,0.7928571401480637,0.0,0.0,0.0,0.0,,0.0,,,0.0,0.0,,,,,,,,,,0.0,0.0,0.0,0.0,0.0,0.0,,1990-06-29,,bmo,,2025-04-25,1990-06-30,,17.796666666666667,128730.15873015871
1990-03-31,XEL,USD,72903,1990-03-31,1990-03-30 19:00:00,1990,Q1,583600000.0,0.0,583600000.0,1.0,0,0.0,0.0,0.0,0.0,0.0,0.0,0.0,0.0,0.0,583600000.0,1.0,583600000.0,1.0,-583600000.0,0.0,0.0,-65900000.0,61500000.0,0.1053803975,0.49,0.49,125510204,125510204,,,4.649821141235656,0.4900000003186991,,,,,,,,2283030610.76,,9.28061223886179,3.91197842830706,0.0,0.0,0.0,0.0,,,0.0,0.0,0.0269378779724408,,0.0,0.0,,0.0,0.0,0.0,,,0.0,0.0,0.0,0.0,,0.0,,,0.0,0.0,,,,,,,,,,0.0,0.0,0.0,0.0,0.0,0.0,,1990-03-30,,bmo,,2025-04-25,1990-03-31,,18.516349206349204,108866.66666666669
1989-12-31,XEL,USD,72903,1989-12-31,1989-12-30 19:00:00,1989,Q4,499600000.0,0.0,499600000.0,1.0,0,0.0,0.0,0.0,0.0,0.0,0.0,0.0,0.0,0.0,499600000.0,1.0,499600000.0,1.0,-499600000.0,0.0,0.0,0.0,0.0,0.0,0.29,0.29,125082000,125510204,,,3.9941798180393664,0.0,,,,,,,,2532910500.0,,0.0,5.069876901521217,0.0,0.0,0.0,0.0,,,0.0,0.0,0.0,,0.0,0.0,,0.0,0.0,0.0,0.0137037037037037,0.0,0.0,0.0,0.0,0.0,,0.0,,,0.0,0.0,,,,,,,,,,0.0,0.0,0.0,0.0,0.0,0.0,,1989-12-30,,bmo,,2025-04-25,1989-12-31,,,
1989-09-30,XEL,USD,72903,1989-09-30,1989-09-29 20:00:00,1989,Q3,483000000.0,0.0,483000000.0,1.0,0,0.0,0.0,0.0,0.0,0.0,0.0,0.0,0.0,0.0,483000000.0,1.0,483000000.0,1.0,-483000000.0,0.0,0.0,0.0,0.0,0.0,0.55,0.55,125082000,125082000,,,3.86146687772821,0.0,,,,,,,,2306512080.0,,0.0,4.775387329192546,0.0,0.0,0.0,0.0,,,0.0,0.0,0.0,,0.0,0.0,,0.0,0.0,0.0,0.0300976138828633,0.0,0.0,0.0,0.0,0.0,,0.0,,,0.0,0.0,,,,,,,,,,0.0,0.0,0.0,0.0,0.0,0.0,,1989-09-29,,bmo,,2025-04-25,1989-09-30,,,
1989-06-30,XEL,USD,72903,1989-06-30,1989-06-29 20:00:00,1989,Q2,446500000.0,0.0,446500000.0,1.0,0,0.0,0.0,0.0,0.0,0.0,0.0,0.0,0.0,0.0,446500000.0,1.0,446500000.0,1.0,-446500000.0,0.0,0.0,0.0,0.0,0.0,0.26,0.26,125082000,125082000,,,3.569658304152476,0.0,,,,,,,,2282746500.0,,0.0,5.1125341545352745,0.0,0.0,0.0,0.0,,,0.0,0.0,0.0,,0.0,0.0,,0.0,0.0,0.0,,0.0,0.0,0.0,0.0,0.0,,0.0,,,0.0,0.0,,,,,,,,,,0.0,0.0,0.0,0.0,0.0,0.0,,1989-06-29,,bmo,,2025-04-25,1989-06-30,,,
1989-03-31,XEL,USD,72903,1989-03-31,1989-03-30 19:00:00,1989,Q1,560600000.0,0.0,560600000.0,1.0,0,0.0,0.0,0.0,0.0,0.0,0.0,0.0,0.0,0.0,560600000.0,1.0,560600000.0,1.0,-560600000.0,0.0,0.0,0.0,0.0,0.0,0.53,0.53,125082000,125082000,,,4.481859899905662,0.0,,,,,,,,1931266080.0,,0.0,3.444998358901177,0.0,0.0,0.0,0.0,,,0.0,0.0,0.0,,0.0,0.0,,0.0,0.0,0.0,0.0171632124352331,0.0,0.0,0.0,0.0,0.0,,0.0,,,0.0,0.0,,,,,,,,,,0.0,0.0,0.0,0.0,0.0,0.0,,1989-03-30,,bmo,,2025-04-25,1989-03-31,,,
1988-12-31,XEL,USD,72903,1988-12-31,1988-12-30 19:00:00,1988,Q4,484000000.0,0.0,484000000.0,1.0,0,0.0,0.0,0.0,0.0,0.0,0.0,0.0,0.0,0.0,484000000.0,1.0,484000000.0,1.0,-484000000.0,0.0,0.0,0.0,0.0,0.0,0.13,0.13,125082000,125082000,,,3.869461633168642,0.0,,,,,,,,2048843160.0,,0.0,4.233147024793388,0.0,0.0,0.0,0.0,,,0.0,0.0,0.0,,0.0,0.0,,0.0,0.0,0.0,0.0161782661782661,0.0,0.0,0.0,0.0,0.0,,0.0,,,0.0,0.0,,,,,,,,,,0.0,0.0,0.0,0.0,0.0,0.0,,1988-12-30,,bmo,,2025-04-25,1988-12-31,,,
1988-09-30,XEL,USD,72903,1988-09-30,1988-09-29 20:00:00,1988,Q3,530300000.0,0.0,530300000.0,1.0,0,0.0,0.0,0.0,0.0,0.0,0.0,0.0,0.0,0.0,530300000.0,1.0,530300000.0,1.0,-530300000.0,0.0,0.0,0.0,0.0,0.0,0.64,0.64,125082000,125082000,,,4.2396188100606,0.0,,,,,,,,2032582500.0,,0.0,3.832891759381482,0.0,0.0,0.0,0.0,,,0.0,0.0,0.0,,0.0,0.0,,0.0,0.0,0.0,0.0163076923076923,0.0,0.0,0.0,0.0,0.0,,0.0,,,0.0,0.0,,,,,,,,,,0.0,0.0,0.0,0.0,0.0,0.0,,1988-09-29,,bmo,,2025-04-25,1988-09-30,,,
1988-06-30,XEL,USD,72903,1988-06-30,1988-06-29 20:00:00,1988,Q2,442800000.0,0.0,442800000.0,1.0,0,0.0,0.0,0.0,0.0,0.0,0.0,0.0,0.0,0.0,442800000.0,1.0,442800000.0,1.0,-442800000.0,0.0,0.0,0.0,0.0,0.0,0.32,0.32,125082000,125082000,,,3.540077709022881,0.0,,,,,,,,1946275920.0,,0.0,4.395383739837398,0.0,0.0,0.0,0.0,,,0.0,0.0,0.0,,0.0,0.0,,0.0,0.0,0.0,0.0170308483290488,0.0,0.0,0.0,0.0,0.0,,0.0,,,0.0,0.0,,,,,,,,,,0.0,0.0,0.0,0.0,0.0,0.0,,1988-06-29,,bmo,,2025-04-25,1988-06-30,,,
1988-03-31,XEL,USD,72903,1988-03-31,1988-03-30 19:00:00,1988,Q1,549400000.0,0.0,549400000.0,1.0,0,0.0,0.0,0.0,0.0,0.0,0.0,0.0,0.0,0.0,549400000.0,1.0,549400000.0,1.0,-549400000.0,0.0,0.0,0.0,0.0,0.0,0.48,0.48,125082000,125082000,,,4.392318638972834,0.0,,,,,,,,1883734920.0,,0.0,3.428712995995632,0.0,0.0,0.0,0.0,,,0.0,0.0,0.0,,0.0,0.0,,0.0,0.0,0.0,0.0167662682602921,0.0,0.0,0.0,0.0,0.0,,0.0,,,0.0,0.0,,,,,,,,,,0.0,0.0,0.0,0.0,0.0,0.0,,1988-03-30,,bmo,,2025-04-25,1988-03-31,,,
1987-12-31,XEL,USD,72903,1987-12-31,1987-12-30 19:00:00,1987,Q4,428800000.0,0.0,428800000.0,1.0,0,0.0,0.0,0.0,0.0,0.0,0.0,0.0,0.0,0.0,428800000.0,1.0,428800000.0,1.0,-428800000.0,0.0,0.0,0.0,0.0,0.0,0.2,0.2,125082000,125082000,,,3.4281511328568457,0.0,,,,,,,,1852464420.0,,0.0,4.320112919776119,0.0,0.0,0.0,0.0,,,0.0,0.0,0.0,,0.0,0.0,,0.0,0.0,0.0,0.0170492910195813,0.0,0.0,0.0,0.0,0.0,,0.0,,,0.0,0.0,,,,,,,,,,0.0,0.0,0.0,0.0,0.0,0.0,,1987-12-30,,bmo,,2025-04-25,1987-12-31,,,
1987-09-30,XEL,USD,72903,1987-09-30,1987-09-29 20:00:00,1987,Q3,470300000.0,0.0,470300000.0,1.0,0,0.0,0.0,0.0,0.0,0.0,0.0,0.0,0.0,0.0,470300000.0,1.0,470300000.0,1.0,-470300000.0,0.0,0.0,0.0,0.0,0.0,0.59,0.59,125082000,125082000,,,3.759933483634736,0.0,,,,,,,,1938771000.0,,0.0,4.122413353178822,0.0,0.0,0.0,0.0,,,0.0,0.0,0.0,,0.0,0.0,,0.0,0.0,0.0,0.0162903225806451,0.0,0.0,0.0,0.0,0.0,,0.0,,,0.0,0.0,,,,,,,,,,0.0,0.0,0.0,0.0,0.0,0.0,,1987-09-29,,bmo,,2025-04-25,1987-09-30,,,
1987-06-30,XEL,USD,72903,1987-06-30,1987-06-29 20:00:00,1987,Q2,398700000.0,0.0,398700000.0,1.0,0,0.0,0.0,0.0,0.0,0.0,0.0,0.0,0.0,0.0,398700000.0,1.0,398700000.0,1.0,-398700000.0,0.0,0.0,0.0,0.0,0.0,0.25,0.25,125082000,125082000,,,3.1875089940998707,0.0,,,,,,,,1970041500.0,,0.0,4.941162528216704,0.0,0.0,0.0,0.0,,,0.0,0.0,0.0,,0.0,0.0,,0.0,0.0,0.0,0.0311111111111111,0.0,0.0,0.0,0.0,0.0,,0.0,,,0.0,0.0,,,,,,,,,,0.0,0.0,0.0,0.0,0.0,0.0,,1987-06-29,,bmo,,2025-04-25,1987-06-30,,,
1987-03-31,XEL,USD,72903,1987-03-31,1987-03-30 19:00:00,1987,Q1,472500000.0,0.0,472500000.0,1.0,0,0.0,0.0,0.0,0.0,0.0,0.0,0.0,0.0,0.0,472500000.0,1.0,472500000.0,1.0,-472500000.0,0.0,0.0,0.0,0.0,0.0,0.48,0.48,125082000,125082000,,,3.777521945603684,0.0,,,,,,,,2048843160.0,,0.0,4.336175999999999,0.0,0.0,0.0,0.0,,,0.0,0.0,0.0,,0.0,0.0,,0.0,0.0,0.0,,0.0,0.0,0.0,0.0,0.0,,0.0,,,0.0,0.0,,,,,,,,,,0.0,0.0,0.0,0.0,0.0,0.0,,1987-03-30,,bmo,,2025-04-25,1987-03-31,,,
1986-12-31,XEL,USD,72903,1986-12-31,1986-12-30 19:00:00,1986,Q4,421100000.0,0.0,421100000.0,1.0,0,0.0,0.0,0.0,0.0,0.0,0.0,0.0,0.0,0.0,421100000.0,1.0,421100000.0,1.0,-421100000.0,0.0,0.0,0.0,0.0,0.0,0.3,0.3,124638000,125082000,,,3.3785843803655387,0.0,,,,,,,,2150005500.0,,0.0,5.105688672524341,0.0,0.0,0.0,0.0,,,0.0,0.0,0.0,,0.0,0.0,,0.0,0.0,0.0,0.0275362318840579,0.0,0.0,0.0,0.0,0.0,,0.0,,,0.0,0.0,,,,,,,,,,0.0,0.0,0.0,0.0,0.0,0.0,,1986-12-30,,bmo,,2025-04-25,1986-12-31,,,
1986-09-30,XEL,USD,72903,1986-09-30,1986-09-29 20:00:00,1986,Q3,432700000.0,0.0,432700000.0,1.0,0,0.0,0.0,0.0,0.0,0.0,0.0,0.0,0.0,0.0,432700000.0,1.0,432700000.0,1.0,-432700000.0,0.0,0.0,0.0,0.0,0.0,0.48,0.48,125082000,125082000,,,3.4593306790745277,0.0,,,,,,,,2157664500.0,,0.0,4.986513750866651,0.0,0.0,0.0,0.0,,,0.0,0.0,0.0,,0.0,0.0,,0.0,0.0,0.0,,0.0,0.0,0.0,0.0,0.0,,0.0,,,0.0,0.0,,,,,,,,,,0.0,0.0,0.0,0.0,0.0,0.0,,1986-09-29,,bmo,,2025-04-25,1986-09-30,,,
1986-06-30,XEL,USD,72903,1986-06-30,1986-06-29 20:00:00,1986,Q2,387200000.0,0.0,387200000.0,1.0,0,0.0,0.0,0.0,0.0,0.0,0.0,0.0,0.0,0.0,387200000.0,1.0,387200000.0,1.0,-387200000.0,0.0,0.0,0.0,0.0,0.0,0.22,0.22,125084000,125084000,,,3.095519810687218,0.0,,,,,,,,2188970000.0,,0.0,5.653331611570248,0.0,0.0,0.0,0.0,,,0.0,0.0,0.0,,0.0,0.0,,0.0,0.0,0.0,0.0135714285714285,0.0,0.0,0.0,0.0,0.0,,0.0,,,0.0,0.0,,,,,,,,,,0.0,0.0,0.0,0.0,0.0,0.0,,1986-06-29,,bmo,,2025-04-25,1986-06-30,,,
1986-03-31,XEL,USD,72903,1986-03-31,1986-03-30 19:00:00,1986,Q1,540600000.0,0.0,540600000.0,1.0,0,0.0,0.0,0.0,0.0,0.0,0.0,0.0,0.0,0.0,540600000.0,1.0,540600000.0,1.0,-540600000.0,0.0,0.0,0.0,0.0,0.0,0.56,0.56,125084000,125084000,,,4.321895686098942,0.0,,,,,,,,1892520920.0,,0.0,3.500778616352201,0.0,0.0,0.0,0.0,,,0.0,0.0,0.0,,0.0,0.0,,0.0,0.0,0.0,0.014540647719762,0.0,0.0,0.0,0.0,0.0,,0.0,,,0.0,0.0,,,,,,,,,,0.0,0.0,0.0,0.0,0.0,0.0,,1986-03-30,,bmo,,2025-04-25,1986-03-31,,,
1985-12-31,XEL,USD,72903,1985-12-31,1985-12-30 19:00:00,1985,Q4,465800000.0,0.0,465800000.0,1.0,0,0.0,0.0,0.0,0.0,0.0,0.0,0.0,0.0,0.0,465800000.0,1.0,465800000.0,1.0,-465800000.0,0.0,0.0,0.0,0.0,0.0,0.32,0.32,125084000,125084000,,,3.723897540852547,0.0,,,,,,,,1657363000.0,,0.0,3.558100042936883,0.0,0.0,0.0,0.0,,,0.0,0.0,0.0,,0.0,0.0,,0.0,0.0,0.0,0.0166037735849056,0.0,0.0,0.0,0.0,0.0,,0.0,,,0.0,0.0,,,,,,,,,,0.0,0.0,0.0,0.0,0.0,0.0,,1985-12-30,,bmo,,2025-04-25,1985-12-31,,,
1985-09-30,XEL,USD,72903,1985-09-30,1985-09-29 20:00:00,1985,Q3,389900000.0,0.0,389900000.0,1.0,0,0.0,0.0,0.0,0.0,0.0,0.0,0.0,0.0,0.0,389900000.0,1.0,389900000.0,1.0,-389900000.0,0.0,0.0,0.0,0.0,0.0,0.37,0.37,124780000,124780000,,,3.1246994710690816,0.0,,,,,,,,1419996400.0,,0.0,3.6419502436522175,0.0,0.0,0.0,0.0,,,0.0,0.0,0.0,,0.0,0.0,,0.0,0.0,0.0,0.0193321616871704,0.0,0.0,0.0,0.0,0.0,,0.0,,,0.0,0.0,,,,,,,,,,0.0,0.0,0.0,0.0,0.0,0.0,,1985-09-29,,bmo,,2025-04-25,1985-09-30,,,
