date,symbol,reportedCurrency,cik,fillingDate,acceptedDate,calendarYear,period,revenue,costOfRevenue,grossProfit,grossProfitRatio,researchAndDevelopmentExpenses,generalAndAdministrativeExpenses,sellingAndMarketingExpenses,sellingGeneralAndAdministrativeExpenses,otherExpenses,operatingExpenses,costAndExpenses,interestIncome,interestExpense,depreciationAndAmortization,ebitda,ebitdaratio,operatingIncome,operatingIncomeRatio,totalOtherIncomeExpensesNet,incomeBeforeTax,incomeBeforeTaxRatio,incomeTaxExpense,netIncome,netIncomeRatio,eps,epsdiluted,weightedAverageShsOut,weightedAverageShsOutDil,link,finalLink,revenuePerShare,netIncomePerShare,operatingCashFlowPerShare,freeCashFlowPerShare,cashPerShare,bookValuePerShare,tangibleBookValuePerShare,shareholdersEquityPerShare,interestDebtPerShare,marketCap,enterpriseValue,peRatio,priceToSalesRatio,pocfratio,pfcfRatio,pbRatio,ptbRatio,evToSales,enterpriseValueOverEBITDA,evToOperatingCashFlow,evToFreeCashFlow,earningsYield,freeCashFlowYield,debtToEquity,debtToAssets,netDebtToEBITDA,currentRatio,interestCoverage,incomeQuality,dividendYield,payoutRatio,salesGeneralAndAdministrativeToRevenue,researchAndDdevelopementToRevenue,intangiblesToTotalAssets,capexToOperatingCashFlow,capexToRevenue,capexToDepreciation,stockBasedCompensationToRevenue,grahamNumber,roic,returnOnTangibleAssets,grahamNetNet,workingCapital,tangibleAssetValue,netCurrentAssetValue,investedCapital,averageReceivables,averagePayables,averageInventory,daysSalesOutstanding,daysPayablesOutstanding,daysOfInventoryOnHand,receivablesTurnover,payablesTurnover,inventoryTurnover,roe,capexPerShare,report_date,epsEstimated,time,revenueEstimated,updatedFromDate,fiscalDateEnding,surprise(%),QuarterAvgPrice,QuarterAvgVolume
2025-03-31,XOM,USD,34088,2025-05-05,2025-05-05 12:41:41,2025,Q1,83130000000.0,56871000000.0,26259000000.0,0.3158787441,0,2540000000.0,0.0,2540000000.0,12119000000.0,14659000000.0,71530000000.0,0.0,205000000.0,5702000000.0,17507000000.0,0.2105978588,-14100000.0,-0.0001696139,11614100000.0,11600000000.0,0.1395404788,3567000000.0,7713000000.0,0.092782389,1.76,1.76,4462000000,4462000000,https://www.sec.gov/Archives/edgar/data/34088/000003408825000024/0000034088-25-000024-index.htm,https://www.sec.gov/Archives/edgar/data/34088/000003408825000024/xom-20250331.htm,18.630658897355445,1.728597041685343,2.9029583146571043,1.5811295383236217,4.148812191842223,60.4675033617212,55.94576423128642,60.4675033617212,14.36575526669655,530665660000.0,576048660000.0,17.200364968235448,6.383563815710334,40.96855245888984,75.21837845499645,1.966841582470368,1.966841582470368,6.9294918801876575,32.90390472382476,44.47221956303559,81.65112119064493,0.0145345753105637,0.0132946232096495,0.2368183064868831,0.1413893978420386,2.59227737476438,1.235733925693156,-0.068780487804878,1.6124735466201916,0.0081689853456882,0.5620381174640218,0.0305545531095873,0.0,0.0446462554325216,0.4553385316142978,0.070949115842656,0.0,0.0,48.49524530463085,-2.5506978712510483e-05,0.0178652497382635,-28.88004258180188,17404000000.0,249630000000.0,-90869000000.0,330226000000.0,44992000000.0,18072500000.0,11762000000.0,50.1295561169253,0.0,0.0,1.795348033604734,0.0,0.0,0.0285872071043638,1.3218287763334828,2025-05-02,1.75,bmo,86351703669.0,2025-05-11,2025-03-31,0.0057142857142857,110.59825,16012623.95
2024-12-31,XOM,USD,34088,2025-02-19,2025-02-19 16:39:37,2024,Q4,81058000000.0,63811000000.0,17247000000.0,0.2127735695,0,2617000000.0,0.0,2617000000.0,6857000000.0,9474000000.0,73285000000.0,0.0,297000000.0,6585000000.0,16695000000.0,0.205963631,7773000000.0,0.0958942979,2040000000.0,9813000000.0,0.1210614622,1858000000.0,7610000000.0,0.0938833921,1.71,1.71,4462000000,4462000000,https://www.sec.gov/Archives/edgar/data/34088/000003408825000010/0000034088-25-000010-index.htm,https://www.sec.gov/Archives/edgar/data/34088/000003408825000010/xom-20241231.htm,18.16629314208875,1.7055132227700582,2.740699238009861,1.2084267144778127,5.196548632900045,60.64679515912147,56.17189601075751,59.1001792917974,9.414388166741372,479977340000.0,498500340000.0,15.76798094612352,5.921406153618396,39.24910785836945,89.01656899109793,1.8201298420583605,1.8201298420583605,6.1499215376643885,29.859259658580413,40.76378608226347,92.4518434718101,0.015854915150786,0.0112338636653138,0.1581691663032555,0.0919786096256684,1.1094938604372566,1.3084045685351386,26.171717171717173,1.606964520367937,0.0091066799111808,0.5743758212877792,0.0322855239458165,0.0,0.0440310932245438,0.5590808733338785,0.0843470107824027,1.0382687927107062,0.0,47.62261110156012,0.0162352011292804,0.017554462662742,-25.80888614970865,21683000000.0,250639000000.0,-90879000000.0,335968000000.0,42593000000.0,48331500000.0,23699500000.0,48.4997162525599,50.9794549529078,33.17860556957264,1.8556809596849888,1.7654170701341818,2.712591396021085,0.0288580042092489,1.5322725235320485,2025-01-31,1.77,bmo,86333750492.0,2025-05-01,2024-12-31,-0.0564971751412429,116.975,14816283.53125
2024-09-30,XOM,USD,34088,2024-11-04,2024-11-04 12:56:10,2024,Q3,87792000000.0,67400000000.0,20392000000.0,0.2322762894,0,2296000000.0,0.0,2296000000.0,7054000000.0,9350000000.0,76750000000.0,0.0,207000000.0,6258000000.0,19491000000.0,0.2220133953,11042000000.0,0.125774558,1984000000.0,13026000000.0,0.1483734281,4055000000.0,8610000000.0,0.0980727173,1.93,1.93,4462000000,4462000000,https://www.sec.gov/Archives/edgar/data/34088/000003408824000068/0000034088-24-000068-index.htm,https://www.sec.gov/Archives/edgar/data/34088/000003408824000068/xom-20240930.htm,19.675481846705512,1.9296279695203944,3.937471985656656,2.5569251456745854,6.044822949350067,61.94531600179292,57.65239802779023,60.1954280591663,9.582474226804123,523035640000.0,538613640000.0,15.186865272938444,5.957668580280664,29.770370539017588,45.84412656674555,1.9473239709298864,1.9473239709298864,6.135110716238382,27.633966446052025,30.65704593317776,47.20953983697081,0.0164615933246919,0.0218130450919176,0.1584187168642402,0.0921163155205708,0.799240675183418,1.347977654908348,53.34299516908212,2.040534262485482,0.0081065221482803,0.4924506387921022,0.0261527246218334,0.0,0.0414685787026212,0.350617565029313,0.0701658465463823,0.9843400447427292,0.0,51.12223182192803,0.0191284731529643,0.0194461571818656,-25.880266696548635,24356000000.0,257245000000.0,-91167000000.0,343054000000.0,42288000000.0,60312500000.0,24189000000.0,42.54886550027337,80.81038575667657,31.880563798219587,2.115215034333213,1.113718232591956,2.8230366492146595,0.0320560552808721,1.3805468399820708,2024-11-01,1.88,bmo,89966012027.0,2025-04-24,2024-09-30,0.0212765957446808,115.46734375,13798026.578125
2024-06-30,XOM,USD,34088,2024-08-05,2024-08-05 13:15:44,2024,Q2,89986000000.0,69790000000.0,20196000000.0,0.2244349121,0,2568000000.0,0.0,2568000000.0,6732000000.0,9300000000.0,79090000000.0,0.0,271000000.0,5787000000.0,19723000000.0,0.2191785389,10896000000.0,0.1210855022,2769000000.0,13665000000.0,0.1518569555,4094000000.0,9240000000.0,0.1026826395,2.14,2.14,4317000000,4317000000,https://www.sec.gov/Archives/edgar/data/34088/000003408824000050/0000034088-24-000050-index.htm,https://www.sec.gov/Archives/edgar/data/34088/000003408824000050/xom-20240630.htm,20.84456798702803,2.1403752605976374,2.4461431549687283,1.001853138753764,4.47787815612694,63.99490386842715,59.77021079453324,62.173963400509614,10.06648135279129,496282320000.0,512980320000.0,13.427551948051946,5.515105905363057,46.99643181818182,114.74735722543352,1.8490054954266872,1.8490054954266872,5.700668103927278,26.00924402981291,48.577681818181816,118.60816647398843,0.0186184347651151,0.0087147976579137,0.1608986419776084,0.0937385366404243,0.8466257668711656,1.3600045221372752,40.20664206642066,1.1428571428571428,0.0086341983732162,0.4637445887445887,0.0285377725423954,0.0,0.0395869826158491,0.5904356060606061,0.0692885559975996,1.0774148954553309,0.0,54.719295455117646,0.0192442235457695,0.0208828189093473,-27.925700718091267,25475000000.0,258028000000.0,-88203000000.0,341996000000.0,41718500000.0,59819000000.0,23997000000.0,43.07770097570733,77.51296747385013,31.598653102163635,2.089247985883773,1.1610960453857289,2.848222666612251,0.0344255881969411,1.444290016214964,2024-08-02,2.01,bmo,93450126536.0,2025-04-24,2024-06-30,0.064676616915423,116.46746031746032,18243766.34920635
2024-03-31,XOM,USD,34088,2024-04-29,2024-04-29 13:11:41,2024,Q1,83130000000.0,56871000000.0,26259000000.0,0.3158787441,0,2540000000.0,0.0,2540000000.0,12119000000.0,14659000000.0,70470000000.0,0.0,205000000.0,4812000000.0,17402000000.0,0.2093347769,11600000000.0,0.1395404788,2428000000.0,11600000000.0,0.1395404788,3567000000.0,8220000000.0,0.0988812703,2.06,2.06,3998000000,3998000000,https://www.sec.gov/Archives/edgar/data/34088/000003408824000029/0000034088-24-000029-index.htm,https://www.sec.gov/Archives/edgar/data/34088/000003408824000029/xom-20240331.htm,20.792896448224116,2.0560280140070035,3.6678339169584793,2.398699349674837,8.341420710355177,53.76713356678339,49.46248124062031,51.33816908454227,10.166333166583293,467726020000.0,474817020000.0,14.225243917274938,5.626440755443282,31.896209765411893,48.772264859228365,2.278811303288672,2.278811303288672,5.711740887766149,27.28519825307436,32.37977495908347,49.51168091762252,0.0175743910933157,0.0205034562755349,0.1970280146163215,0.1070073402166607,0.4074818986323411,1.3817522003309186,56.58536585365854,1.783941605839416,0.0081415184043,0.4632603406326034,0.0305545531095873,0.0,0.0455389793553098,0.3460174577195853,0.0610369301094671,1.0544472152950957,0.0,48.73331572012171,0.0255645654055705,0.0227885159186932,-21.90795397698849,27456000000.0,197751000000.0,-63580000000.0,258389000000.0,39190500000.0,45390000000.0,24305500000.0,43.701912666907255,94.20952682386454,37.17518594714353,2.0594064311549323,0.9553173976583628,2.4209697330892683,0.0400487210718635,1.2691345672836418,2024-04-26,2.2,bmo,82226063500.0,2025-04-24,2024-03-31,-0.0636363636363636,104.62836065573772,18492823.147540983
2023-12-31,XOM,USD,34088,2023-12-31,2023-12-30 19:00:00,2023,Q4,81688000000.0,63985000000.0,17703000000.0,0.2167148174,0,2591000000.0,0.0,2591000000.0,6654000000.0,9245000000.0,73230000000.0,0.0,272000000.0,7740000000.0,18637000000.0,0.2281485653,8458000000.0,0.1035402997,2167000000.0,10625000000.0,0.1300680639,2613000000.0,7630000000.0,0.093404172,1.92,1.9,3971000000,4010000000,https://www.sec.gov/Archives/edgar/data/34088/000003408824000018/0000034088-24-000018-index.html,https://www.sec.gov/Archives/edgar/data/34088/000003408824000018/0000034088-24-000018-index.html,20.571140770586755,1.921430370183833,3.445479728028205,1.877109040543944,7.949634852681944,53.52253840342483,53.52253840342483,51.57441450516243,12.0828506673382,406471560000.0,422612560000.0,13.318203145478376,4.975902947801391,29.70848998684403,54.53066273141937,1.98470503217742,1.98470503217742,5.173496229556361,22.67599720985137,30.88821517322029,56.69607727394688,0.0187713009982789,0.0183383063749896,0.2329518266423179,0.1267787530193958,0.8660728658045823,1.4791015983832445,31.09558823529412,1.7931847968545216,0.0094446952204971,0.5031454783748361,0.0317182450298697,0.0,0.0,0.4551966086829411,0.0762413083929096,0.8046511627906977,0.0074796787777886,47.21942971892021,0.0202415462050459,0.0202754592537674,-22.951334676403928,31293000000.0,212538000000.0,-67170000000.0,246233000000.0,39914500000.0,46753000000.0,24785000000.0,41.88314073058466,43.9542080175041,35.33328123779011,2.1488359857950807,2.047585522736727,2.547173566878981,0.0372554955518012,1.568370687484261,2024-02-02,2.21,bmo,85234100000.0,2025-04-24,2023-12-31,0.1221719457013574,105.10301587301586,21925149.17460317
2023-09-30,XOM,USD,34088,2023-10-31,2023-10-31 10:46:09,2023,Q3,88570000000.0,66187000000.0,22383000000.0,0.2527153664,0,2489000000.0,0.0,2489000000.0,8050000000.0,10539000000.0,76726000000.0,0.0,169000000.0,4415000000.0,18283000000.0,0.2064242972,11844000000.0,0.1337247375,1855000000.0,13699000000.0,0.1546686237,4353000000.0,9070000000.0,0.1024048775,2.25,2.25,4025000000,4025000000,https://www.sec.gov/Archives/edgar/data/34088/000003408823000056/0000034088-23-000056-index.htm,https://www.sec.gov/Archives/edgar/data/34088/000003408823000056/xom-20230930.htm,22.00496894409937,2.253416149068323,3.965962732919255,2.7436024844720497,8.184844720496894,51.56099378881988,47.2904347826087,49.61565217391304,10.291180124223605,473259500000.0,481568500000.0,13.044638919514885,5.34333860223552,29.647278080561296,42.85606266413112,2.369816677766483,2.369816677766483,5.437151405667834,26.33968714106,30.167794274259226,43.60848501313049,0.0191649612950189,0.0233339214532407,0.2065717590622073,0.1108180057433131,0.4544658972816277,1.4208130812238362,70.0828402366864,1.7080034239246735,0.0077399397159486,0.4038588754134509,0.0281020661623574,0.0,0.0461748406351491,0.3082127419657959,0.0555492830529524,1.1143827859569648,0.0,50.15581737688243,0.0264225729849626,0.0255442588785309,-21.91217391304348,29956000000.0,190344000000.0,-63584000000.0,253007000000.0,38864500000.0,58330500000.0,24349500000.0,42.489104662978434,84.65605028177738,33.246710079018534,2.118190079877553,1.0631254316783656,2.707034764826176,0.0454174449056849,1.222360248447205,2023-10-27,2.37,bmo,83760000000.0,2025-04-24,2023-09-30,-0.0421940928270042,109.68492063492064,15666129.92063492
2023-06-30,XOM,USD,34088,2023-08-01,2023-08-01 10:44:12,2023,Q2,80795000000.0,60700000000.0,20095000000.0,0.2487158859,0,2449000000.0,0.0,2449000000.0,7696000000.0,10145000000.0,70845000000.0,0.0,249000000.0,4242000000.0,16147000000.0,0.199851476,9950000000.0,0.1231511851,1706000000.0,11656000000.0,0.1442663531,3503000000.0,7880000000.0,0.0975307878,1.94,1.94,4066000000,4066000000,https://www.sec.gov/Archives/edgar/data/34088/000003408823000048/0000034088-23-000048-index.htm,https://www.sec.gov/Archives/edgar/data/34088/000003408823000048/xom-20230630.htm,19.87088047220856,1.938022626660108,2.3076733890801773,0.9896704377766848,7.26217412690605,50.90924741760944,46.61042793900639,48.95376291195278,10.266847024102312,436078500000.0,448046500000.0,13.834977791878172,5.397345132743363,46.47538100820633,108.36940854870775,2.190842820252605,2.190842820252605,5.545473110959836,27.74797175945996,47.75087924970692,111.34356361829026,0.0180701410411198,0.0092276963895261,0.208474422997699,0.1142360040523278,0.741190313990215,1.4844293456280837,39.95983935742972,1.150864712375813,0.0084870040600488,0.4696700507614213,0.0303112816387152,0.0,0.0481186407082764,0.57113929446872,0.0663283619035831,1.2633191890617632,0.0,46.20231329846132,0.0227916618531726,0.0227897816172068,-21.55982538121004,29945000000.0,189518000000.0,-64491000000.0,254160000000.0,37361500000.0,57169500000.0,23945500000.0,40.0068073519401,80.66490939044482,35.954036243822074,2.2496171516079637,1.1157267847952357,2.503196008082808,0.0395888387608894,1.3180029513034923,2023-07-28,2.01,bmo,81482000000.0,2025-04-24,2023-06-30,-0.034825870646766,109.10887096774194,15321301.967741936
2023-03-31,XOM,USD,34088,2023-05-02,2023-05-02 13:24:25,2023,Q1,83644000000.0,59683000000.0,23961000000.0,0.286464062,0,2390000000.0,0.0,2390000000.0,7362000000.0,9752000000.0,69435000000.0,0.0,159000000.0,4244000000.0,21206000000.0,0.2535268519,14209000000.0,0.1698747071,2594000000.0,16803000000.0,0.2008870929,4960000000.0,11430000000.0,0.1366505667,2.79,2.79,4102000000,4102000000,https://www.sec.gov/Archives/edgar/data/34088/000003408823000030/0000034088-23-000030-index.htm,https://www.sec.gov/Archives/edgar/data/34088/000003408823000030/xom-20230331.htm,20.39102876645539,2.786445636274988,3.98366650414432,2.664310092637738,7.959775719161384,50.32033154558752,46.156509019990246,48.436128717698686,10.14261335933691,449825320000.0,458620320000.0,9.838699037620296,5.377855195829946,27.527404687595617,41.15887272394546,2.2640124820696075,2.2640124820696075,5.483003204055282,21.626913137791192,28.065621442996143,41.96361240735657,0.0254098635443642,0.0242960978719472,0.2086015552256084,0.1122069680619214,0.4147411110063189,1.4583745837458375,89.36477987421384,1.37980241492865,0.0083098923822251,0.3270341207349081,0.028573478073741,0.0,0.0462407714736674,0.3311914815494767,0.0647027880063124,1.2752120640904807,0.0,55.10630080878607,0.0328350099998394,0.032444768671354,-21.789127254997563,30558000000.0,189334000000.0,-65733000000.0,253661000000.0,40278500000.0,46552000000.0,24038500000.0,41.75697001578117,90.38000770738736,35.65135800814302,2.1553287981859413,0.9957954450654876,2.524448016242281,0.0575282482321262,1.319356411506582,2023-04-28,2.59,bmo,85405400000.0,2025-04-24,2023-03-31,0.0926640926640927,110.60935483870968,16994416.48387097
2022-12-31,XOM,USD,34088,2023-02-22,2023-02-22 16:37:14,2022,Q4,93164000000.0,66190000000.0,26974000000.0,0.2895324374,0,2832000000.0,0.0,2832000000.0,7258000000.0,10090000000.0,76280000000.0,0.0,207000000.0,5064000000.0,24113000000.0,0.2588231506,16884000000.0,0.1812288008,1958000000.0,18842000000.0,0.2022455026,5787000000.0,12750000000.0,0.1368554377,3.12,3.08,4082000000,4138000000,https://www.sec.gov/Archives/edgar/data/34088/000003408823000020/0000034088-23-000020-index.htm,https://www.sec.gov/Archives/edgar/data/34088/000003408823000020/xom-20221231.htm,22.82312591866732,3.123468887800098,4.316756491915728,2.9000489955903967,7.261146496815287,49.60142087212151,45.44879960803528,47.78270455658991,10.142087212150908,450244600000.0,461797600000.0,8.828325490196079,4.832817397277919,25.551591850632768,38.03384017570536,2.308366615568396,2.308366615568396,4.95682452449444,19.15139551279393,26.20723000964757,39.009765163034295,0.028317940959203,0.0262923753000035,0.211193084814585,0.1116138804065386,0.4791191473479036,1.414019842131943,81.56521739130434,1.349751053236308,0.0083665634190837,0.2954509803921568,0.0303980078141771,0.0,0.0459293299048682,0.3281879575506498,0.0620733330470997,1.1419826224328593,0.0069554763642608,57.948902481347154,0.0389094726712749,0.0362096581808267,-22.88700391964723,28586000000.0,185522000000.0,-68963000000.0,250229000000.0,42080000000.0,47859500000.0,24265500000.0,40.33113649048989,45.10061942891676,33.22480737271491,2.231526503628829,1.9955380023515936,2.708819316554123,0.0653681895318612,1.4167074963253308,2023-01-31,3.29,bmo,97345192556.0,2025-04-24,2022-12-31,0.033434650455927,107.14333333333332,18669815.85714286
2022-09-30,XOM,USD,34088,2022-11-02,2022-11-02 14:07:49,2022,Q3,106512000000.0,77156000000.0,29356000000.0,0.2756121376,0,2324000000.0,0.0,2324000000.0,6805000000.0,9129000000.0,86285000000.0,0.0,209000000.0,5642000000.0,31273000000.0,0.2936101097,20227000000.0,0.1899034851,5195000000.0,25422000000.0,0.2386773321,5224000000.0,19660000000.0,0.1845801412,4.7,4.68,4185000000,4200854701,https://www.sec.gov/Archives/edgar/data/34088/000003408822000064/0000034088-22-000064-index.htm,https://www.sec.gov/Archives/edgar/data/34088/000003408822000064/xom-20220930.htm,25.45089605734767,4.6977299880525685,5.836320191158901,4.6712066905615295,7.265710872162485,46.1273596176822,41.93954599761051,44.468339307048986,10.904898446833933,365392350000.0,380413350000.0,4.646393056968464,3.4305275461919784,14.959768679631525,18.69110184664177,1.9634193981730248,1.9634193981730248,3.571553909418657,12.164274294119528,15.574753326509724,19.45947874571589,0.0538051768188359,0.0535013937757591,0.2441053197205803,0.122727960405455,0.4803184855946024,1.3407105337780358,96.77990430622008,1.209278146351124,0.0100850496733169,0.1874364191251271,0.0218191377497371,0.0,0.0473481164494586,0.1996315250767656,0.0457788793750938,0.8642325416518964,0.0,68.55841049307129,0.0531649028491274,0.0557531208702704,-24.574850657108723,25232000000.0,175517000000.0,-77820000000.0,245860000000.0,45237000000.0,65254000000.0,23840500000.0,35.836243803515096,72.96256934003837,28.10721136398984,2.5114239230388344,1.2335091926458832,3.2020252324037184,0.1056421278882321,1.1651135005973716,2022-10-28,3.79,bmo,104593894571.0,2025-04-24,2022-09-30,0.1741424802110818,91.296875,19748365.59375
2022-06-30,XOM,USD,34088,2022-08-03,2022-08-03 13:33:43,2022,Q2,111265000000.0,80750000000.0,30515000000.0,0.2742551566,0,2530000000.0,0.0,2530000000.0,7154000000.0,9684000000.0,90434000000.0,0.0,194000000.0,4451000000.0,29578000000.0,0.2658338202,20831000000.0,0.1872197007,4102000000.0,24933000000.0,0.22408664,6359000000.0,17850000000.0,0.1604278075,4.22,4.21,4233000000,4239904988,https://www.sec.gov/Archives/edgar/data/34088/000003408822000051/0000034088-22-000051-index.htm,https://www.sec.gov/Archives/edgar/data/34088/000003408822000051/xom-20220630.htm,26.285140562249,4.216867469879518,4.716040633120718,3.809591306402079,4.455705173635719,43.5879990550437,39.186392629340894,41.88896763524687,11.121426884006617,362514120000.0,390536120000.0,5.077228571428571,3.258114591291062,18.159300706306663,22.48010169911943,2.044452390083241,2.044452390083241,3.509963780164472,13.203601325309352,19.562997545459098,24.217792384968373,0.0492394613484296,0.044483784521276,0.2644036635159827,0.1274777444843844,0.9473933328825478,1.1629384596180252,107.3762886597938,1.074781953268009,0.0102809788484928,0.2087955182072829,0.0227385071675729,0.0,0.0506615475808512,0.1922055803235986,0.0344852379454455,0.8620534711300831,0.0,63.04288272103316,0.0525985015310049,0.0511253300949184,-27.53726671391448,13053000000.0,165876000000.0,-90103000000.0,240844000000.0,45102500000.0,65729500000.0,22881000000.0,38.87718509863839,75.74266253869969,26.28668730650155,2.314982418908516,1.188233909179199,3.4237863048547807,0.1006677344402084,0.9064493267186392,2022-07-29,3.74,bmo,111301973667.0,2025-04-24,2022-06-30,0.1069518716577538,90.1975806451613,29448355.48387097
2022-03-31,XOM,USD,34088,2022-05-04,2022-05-04 12:42:03,2022,Q1,87734000000.0,71512000000.0,16222000000.0,0.1848998108,0,2409000000.0,0.0,2409000000.0,7727000000.0,10136000000.0,81648000000.0,0.0,188000000.0,8883000000.0,17627000000.0,0.2009141268,6086000000.0,0.0693687738,2470000000.0,8556000000.0,0.0975220553,2806000000.0,5480000000.0,0.0624615314,1.28,1.28,4266000000,4266000000,https://www.sec.gov/Archives/edgar/data/34088/000003408822000026/0000034088-22-000026-index.htm,https://www.sec.gov/Archives/edgar/data/34088/000003408822000026/xom-20220331.htm,20.56586966713549,1.2845757149554615,3.466479137365213,2.549695264885138,2.5958743553680264,41.37974683544304,37.063291139240505,39.66596343178622,11.187294889826536,352328940000.0,388791940000.0,16.073400547445257,4.015876855039095,23.82532729239924,32.392106279304954,2.0821377537452355,2.0821377537452355,4.43148539904712,22.05661428490384,26.29104273735461,35.74440930403604,0.0155536471117019,0.0308717189113105,0.2809266317997813,0.1339934774826578,2.068587961649742,1.0721075785120526,32.37234042553192,2.698540145985401,0.0106718454635035,0.6861313868613139,0.0274579980395285,0.0,0.0519039042086303,0.2644711928590749,0.0445779287391433,0.6619837508463101,0.0,33.85946691890821,0.0142214263083917,0.0162922133328576,-29.17862165963432,5196000000.0,158112000000.0,-100990000000.0,236383000000.0,37262500000.0,45062000000.0,20478500000.0,43.23044657715367,79.91791587425887,27.910420628705676,2.0818660718523088,1.1261554936142737,3.224602065202688,0.0323848358597051,0.916783872480075,2022-04-29,2.25,bmo,82838586557.0,2025-04-24,2022-03-31,-0.08,77.73193548387097,33719304.38709678
2021-12-31,XOM,USD,34088,2022-02-23,2022-02-23 16:11:16,2021,Q4,81305000000.0,61933000000.0,19372000000.0,0.2382633294,0,2514000000.0,0.0,2514000000.0,8468000000.0,10982000000.0,72915000000.0,0.0,221000000.0,5661000000.0,17611000000.0,0.2166041449,8390000000.0,0.1031916856,3339000000.0,11729000000.0,0.1442592706,2650000000.0,8870000000.0,0.1090953816,2.08,2.08,4264423077,4275000000,https://www.sec.gov/Archives/edgar/data/34088/000003408822000011/0000034088-22-000011-index.htm,https://www.sec.gov/Archives/edgar/data/34088/000003408822000011/xom-20211231.htm,19.06588500529306,2.0799999999624803,4.015549041641208,3.056685456540128,1.5950574971527385,41.19736640286453,36.971237879829154,39.531021419805526,11.238331454137752,260940048081.63,301842048081.63,7.354567307824971,3.209397307442716,15.238264896147513,20.018415656434986,1.5478982784225013,1.5478982784225013,3.712465999405079,17.139404240624042,17.62684233132621,23.156275265180668,0.0339924824311567,0.0499540032119648,0.2829804777638705,0.1407517341697081,2.3225256941684176,1.0443302791165725,37.963800904977376,1.9305524239007887,0.0144209370223723,0.42423900789177,0.0309206075887091,0.0,0.053174319830758,0.2387876664330764,0.0502921099563372,0.9166106254203094,0.007527212348564,43.01222852182303,0.022663630676145,0.0276409235247007,-28.78718827456528,2511000000.0,157661000000.0,-104086000000.0,237085000000.0,30949500000.0,36940000000.0,19193500000.0,35.84613492405141,38.68809842894741,27.290781974068757,2.51073093907297,2.326296811028058,3.297816826411076,0.0526169050344946,0.9588635851010804,2022-02-01,1.94,bmo,85008043125.0,2025-04-24,2021-12-31,0.0567010309278349,62.49953125,20071224.4375
2021-09-30,XOM,USD,34088,2021-11-03,2021-11-03 13:41:42,2021,Q3,71892000000.0,53454000000.0,18438000000.0,0.2564680354,0,2287000000.0,0.0,2287000000.0,8079000000.0,10366000000.0,63820000000.0,0.0,214000000.0,4990000000.0,14810000000.0,0.2060034496,8072000000.0,0.1122795304,1534000000.0,9606000000.0,0.1336170923,2664000000.0,6750000000.0,0.0938908363,1.58,1.57,4276000000,4299363057,https://www.sec.gov/Archives/edgar/data/34088/000003408821000064/0000034088-21-000064-index.htm,https://www.sec.gov/Archives/edgar/data/34088/000003408821000064/xom-20210930.htm,16.81290926099158,1.578578110383536,2.827642656688494,2.1634705332086064,1.1150608044901775,39.17352666043031,35.268709073900844,37.555893358278766,13.287885874649206,251514320000.0,303351320000.0,9.315345185185183,3.498502197741056,20.801779836241835,27.187798075883688,1.5661989301882444,1.5661989301882444,4.219542090914149,20.48287103308575,25.08901827805806,32.79119230353475,0.0268374381228074,0.0367812059369025,0.3524836694916837,0.1681230100270874,3.500135043889264,0.8981343766166581,37.7196261682243,1.791259259259259,0.0147904103432361,0.5511111111111111,0.0318116062983363,0.0,0.0495919070474742,0.2348854519890827,0.0395036999944361,0.5691382765531062,0.0,36.52273951052603,0.0202691440282918,0.0210943432784047,-30.980706267539755,-6301000000.0,150809000000.0,-113627000000.0,229191000000.0,29028000000.0,46518500000.0,19441000000.0,36.95042563845769,79.56616904254125,33.01212257267931,2.435695893752541,1.131134011892418,2.7262712296628755,0.0420327668769342,0.6641721234798877,2021-10-29,1.56,bmo,72795800000.0,2025-04-24,2021-09-30,0.0128205128205128,56.98953125,20707076.421875
2021-06-30,XOM,USD,34088,2021-08-04,2021-08-04 13:38:39,2021,Q2,65943000000.0,50752000000.0,15191000000.0,0.2303656188,0,2345000000.0,0.0,2345000000.0,7922000000.0,10267000000.0,61019000000.0,0.0,254000000.0,4952000000.0,11513000000.0,0.1745901764,4924000000.0,0.0746705488,1383000000.0,6307000000.0,0.095643207,1526000000.0,4690000000.0,0.0711220296,1.1,1.1,4263636364,4276000000,https://www.sec.gov/Archives/edgar/data/34088/000003408821000051/0000034088-21-000051-index.htm,https://www.sec.gov/Archives/edgar/data/34088/000003408821000051/xom-20210630.htm,15.466375265205428,1.0999999999061834,2.263326225819759,1.6190405115889943,0.8126865670948669,38.82976545511047,34.92206822729876,37.19149253414145,14.275607674688649,268950181841.12,326097181841.12,14.336363637586354,4.078525117770195,27.8704851648829,38.961347507043314,1.6960868118452932,1.6960868118452932,4.94513719183416,28.324257955452097,33.7924540768,47.23992203985514,0.0174381737461348,0.0256664634050252,0.3822388709158673,0.1797034590514366,4.96369321636411,0.8490311385327292,19.385826771653544,2.0575692963752665,0.0138352760147905,0.7933901918976546,0.0355610148158257,0.0,0.049396808078532,0.2846632124352332,0.041657188784253,0.5547253634894992,0.0,30.33956888522799,0.0128558590211318,0.0146275434459872,-32.185085285101486,-9396000000.0,148895000000.0,-118891000000.0,230277000000.0,26647500000.0,43398500000.0,18816000000.0,38.95182202811519,81.18300756620428,34.18091897856242,2.310546601261388,1.108606378331149,2.633047989623865,0.029576656513486,0.6442857142307645,2021-07-30,0.99,bmo,66808100000.0,2025-04-24,2021-06-30,0.1111111111111112,59.70460317460317,23898692.47619048
2021-03-31,XOM,USD,34088,2021-05-05,2021-05-05 14:55:23,2021,Q1,57552000000.0,45667000000.0,11885000000.0,0.2065088963,0,2428000000.0,0.0,2428000000.0,6824000000.0,9252000000.0,54919000000.0,0.0,258000000.0,5004000000.0,8854000000.0,0.1538434807,2633000000.0,0.0457499305,959000000.0,3592000000.0,0.062413122,796000000.0,2730000000.0,0.0474353628,0.64,0.64,4265625000,4272000000,https://www.sec.gov/Archives/edgar/data/34088/000003408821000024/0000034088-21-000024-index.htm,https://www.sec.gov/Archives/edgar/data/34088/000003408821000024/xom-20210331.htm,13.492043956043956,0.64,2.17178021978022,1.6091428571428572,0.8240293040293041,38.4705641025641,34.54312087912088,36.79976556776557,14.905201465201465,238149843750.0,297956843750.0,21.80859375,4.137994226959966,25.707021130181342,34.69549005681818,1.5171292299998724,1.5171292299998724,5.177176184146511,33.65222992432799,32.162871734671846,43.40863108245921,0.0114633709475192,0.0288221898109055,0.4033916444761553,0.1897174701141504,6.754800090354642,0.8012468827930175,10.205426356589149,3.3934065934065933,0.0156204175548614,1.362637362637363,0.0421879343897692,0.0,0.0501932468466309,0.2590673575129533,0.0417014178482068,0.4796163069544364,0.0,23.01991798803428,0.0070235870439914,0.008611525564875,-32.447589743589745,-11955000000.0,147348000000.0,-121474000000.0,229439000000.0,22668000000.0,29258000000.0,18603500000.0,38.71194745621352,80.8358333150853,36.177765125802,2.3248636639062816,1.1133676280566591,2.487715857710955,0.0173914151388128,0.5626373626373626,2021-04-30,0.59,bmo,58478400000.0,2025-04-24,2021-03-31,0.1016949152542373,52.42868852459016,31633608.54098361
2020-12-31,XOM,USD,34088,2021-02-24,2021-02-24 17:01:02,2020,Q4,45738000000.0,62332000000.0,-16594000000.0,-0.3628055446,0,2736000000.0,0.0,2736000000.0,7379000000.0,10115000000.0,72447000000.0,0.0,313000000.0,30291000000.0,3991000000.0,0.08725786,-26709000000.0,-0.5839564476,96000000.0,-26613000000.0,-0.5818575364,-6010000000.0,-20070000000.0,-0.4388036206,-4.7,-4.7,4270212766,4272000000,https://www.sec.gov/Archives/edgar/data/34088/000003408821000012/0000034088-21-000012-index.htm,https://www.sec.gov/Archives/edgar/data/34088/000003408821000012/xom-20201231.htm,10.71094170392914,-4.699999999953164,0.937892376672268,0.0880518186339008,11.212321873331218,38.43602391590995,34.50436970568506,36.801444942333816,15.519835575331143,176018170214.52,237614170214.52,-2.19255319151121,3.84840111536403,43.94960554669663,468.1334314215958,1.1200647166052815,1.1200647166052815,5.195115007532468,59.5375019329792,59.3293808275955,631.9525803577659,-0.1140223192613577,0.0021361431012591,0.4197263760738148,0.1982268970698723,15.433725883237283,0.7964977023934141,-85.33226837060703,-0.1995515695067264,0.0211057755882383,-0.1851021425012456,0.059818968909878,0.0,0.0504552967693463,0.9061173533083644,0.079343215706852,0.574572514249525,0.0146923783287419,,-0.0696569602645963,-0.0635204977829542,-22.453272296736888,-11470000000.0,147341000000.0,-123727000000.0,232872000000.0,20277500000.0,25419500000.0,18367500000.0,40.497835497835496,25.26647628826285,27.21715972534172,2.222340994120791,3.562032116120921,3.306737400530504,-0.1277123767101495,0.8498405580383673,2021-02-02,0.01217,bmo,45737999999.0,2025-04-24,2020-12-31,1.4650780608052587,37.49328125,30287872.921875
2020-09-30,XOM,USD,34088,2020-11-04,2020-11-04 13:00:19,2020,Q3,45425000000.0,36036000000.0,9389000000.0,0.20669235,0,2444000000.0,0.0,2444000000.0,7540000000.0,9984000000.0,46020000000.0,0.0,279000000.0,4983000000.0,4890000000.0,0.1076499725,-595000000.0,-0.013098514,223000000.0,-372000000.0,-0.0081893231,337000000.0,-680000000.0,-0.0149697303,-0.15,-0.15,4533333333,4533333333,https://www.sec.gov/Archives/edgar/data/34088/000003408820000090/0000034088-20-000090-index.htm,https://www.sec.gov/Archives/edgar/data/34088/000003408820000090/xom-20200930.htm,10.020220588972077,-0.1500000000110294,0.9681617647770708,0.2422058823707504,1.9482352942609,40.723235297112005,37.36036764980591,39.13235294405385,15.237794118767486,155629333321.88998,215596333321.89,-57.21666666245955,3.426072280063621,35.45895040371155,141.738919236694,0.8772792182744644,0.8772792182744644,4.746204365919427,44.08922971817791,49.12197159304853,196.35367333505465,-0.0043693562485007,0.0070552252365496,0.3878184892897407,0.1921528978362934,12.26319018404908,0.8623113976057236,-2.132616487455197,-6.454411764705882,0.0238772467932774,-5.464705882352941,0.0538029719317556,0.0,0.0425786846831246,0.7498291182501708,0.0724490919097413,0.8337978211299721,0.0,,-0.0035056194617519,-0.00198367551736,-31.03147059051702,-7775000000.0,169367000000.0,-124738000000.0,257966000000.0,19505000000.0,33278000000.0,18771000000.0,39.574243258117775,83.26673326673327,44.66783216783217,2.274206468408932,1.080863827234553,2.014872798434442,-0.0038331454340473,0.7259558824063203,2020-10-30,-0.28,bmo,64165277777.0,2025-04-24,2020-09-30,-0.3571428571428572,40.87953125,23242569.28125
2020-06-30,XOM,USD,34088,2020-08-05,2020-08-05 14:03:10,2020,Q2,32277000000.0,25880000000.0,6397000000.0,0.1981906621,0,2409000000.0,0.0,2409000000.0,5368000000.0,7777000000.0,33657000000.0,0.0,317000000.0,4916000000.0,3593000000.0,0.1113176565,-1380000000.0,-0.0427549029,-260000000.0,-1640000000.0,-0.0508101744,-471000000.0,-1080000000.0,-0.0334603588,-0.26,-0.25,4153846154,4271000000,https://www.sec.gov/Archives/edgar/data/34088/000003408820000073/0000034088-20-000073-index.htm,https://www.sec.gov/Archives/edgar/data/34088/000003408820000073/xom10q2q2020.htm,7.770388888601096,-0.2599999999903704,-0.3514814814684636,-1.4148333332809322,3.027555555443424,45.055351850183136,41.501296294759214,43.37738888728232,16.811407406784763,185760000006.88,242699000006.88,-43.00000000159259,5.755181708550361,-127.2328767170411,-31.60796324772503,1.0309518656414869,1.0309518656414869,7.519255197412399,67.54773170244364,-166.23219178553424,-41.29640973402756,-0.0058139534881567,-0.031637596898053,0.3858022121953791,0.1922986486673398,15.847202894517116,0.9257202723939236,-4.353312302839116,1.351851851851852,0.0199989233412058,-3.439814814814815,0.0746351891439724,0.0,0.0408387391250224,-3.0253424657534245,0.1368466710041205,0.7991677220915506,0.0,,-0.0030065399820504,-0.0031147975958377,-33.14049073951332,-4254000000.0,172390000000.0,-121326000000.0,261033000000.0,19953500000.0,34515500000.0,18079000000.0,53.07928246119528,115.51159196290573,68.35896445131375,1.695576801849128,0.7791425818882466,1.3165793356056366,-0.005993906195368,1.0633518518124685,2020-07-31,-0.63,bmo,28127100000.0,2025-04-24,2020-06-30,0.111111111111111,44.85031746031746,29428164.46031746
2020-03-31,XOM,USD,34088,2020-05-06,2020-05-06 14:06:03,2020,Q1,55134000000.0,46199000000.0,8935000000.0,0.1620597091,0,2579000000.0,0.0,2579000000.0,7120000000.0,9699000000.0,55898000000.0,0.0,249000000.0,5819000000.0,5810000000.0,0.1053796206,-764000000.0,-0.013857148,506000000.0,-258000000.0,-0.0046795081,512000000.0,-610000000.0,-0.0110639533,-0.14,-0.14,4270004270,4357142857,https://www.sec.gov/Archives/edgar/data/34088/000003408820000037/0000034088-20-000037-index.htm,https://www.sec.gov/Archives/edgar/data/34088/000003408820000037/xom10q1q2020.htm,12.911930881980124,-0.1428570000001428,1.4693193737719612,0.0770491032787655,2.672596859019066,44.20206352627371,40.88473663282777,42.64140934922297,14.018955536079591,162132062131.9,210332062131.9,-66.4475664475,2.940691082306744,25.841897056407397,492.8026204617021,0.8904489926455,0.8904489926455,3.814924767510066,36.20173186435456,33.52439625946764,639.3071797322189,-0.0037623650250235,0.0020292099889061,0.3273963499360168,0.1675416802509246,8.296041308089501,0.7757707686844827,-3.068273092369478,-10.285245901639344,0.0229380910296105,-6.0967213114754095,0.0467769434468748,0.0,0.0398112443929804,0.9475613643608544,0.1078282003845177,1.1415130568356375,0.0,,-0.0071526197472903,-0.0017855104364548,-30.85365767093249,-14524000000.0,174578000000.0,-116812000000.0,248050000000.0,23918500000.0,30254500000.0,17514500000.0,34.069539666993144,69.77099071408472,32.145500984869805,2.6416558861578268,1.2899343850342035,2.7997697109266104,-0.0033501941464968,1.3922702704931955,2020-05-01,0.00039,bmo,,2025-04-24,2020-03-31,1357.9743589743591,55.215806451612906,32428354.822580647
2019-12-31,XOM,USD,34088,2020-02-26,2020-02-26 16:15:19,2019,Q4,63024000000.0,49177000000.0,13847000000.0,0.2197099518,0,3048000000.0,0.0,3048000000.0,8126000000.0,11174000000.0,60351000000.0,0.0,201000000.0,4923000000.0,11538000000.0,0.183073115,2673000000.0,0.0424124143,3741000000.0,6414000000.0,0.101770754,684000000.0,5690000000.0,0.0902830668,1.33,1.33,4277195332,4278195489,https://www.sec.gov/Archives/edgar/data/34088/000003408820000016/0000034088-20-000016-index.htm,https://www.sec.gov/Archives/edgar/data/34088/000003408820000016/xom10k2019.htm,14.734889362775542,1.330311000161729,1.485085320391442,-0.0822969195179136,0.7222022283830548,46.51131981549633,42.68568204824741,44.807399504568615,11.016798706260255,298462690266.96,342293690266.96,13.11347496779262,4.735698944322164,46.98719934933249,-847.905370076591,1.5573320650506657,1.5573320650506657,5.431164163921046,29.666639822062752,53.88754569693955,-972.4252564402274,0.0190643594176229,-0.0011793768919162,0.2448212888077224,0.1293998571416752,3.798838620211475,0.7821969400990795,13.298507462686567,1.1163444639718805,0.0124504674157973,0.6530755711775044,0.0483625285605483,0.0,0.0451272349192078,1.0554156171284634,0.1063721756791063,1.4033912497383294,0.0117574257425742,36.622055787671165,0.0074813640922201,0.0164339724001686,-30.64660129485057,-13937000000.0,182575000000.0,-113607000000.0,255444000000.0,26137000000.0,32617500000.0,18059000000.0,38.50818735719726,45.193078064949056,33.90853447749964,2.337165319290959,1.991455414270673,2.654199050086356,0.0296895382207148,1.5673822399093555,2020-01-31,0.44,bmo,66098341463.0,2025-04-24,2019-12-31,-0.0681818181818182,69.1503125,12206339.9375
2019-09-30,XOM,USD,34088,2019-11-06,2019-11-06 13:34:22,2019,Q3,63422000000.0,49011000000.0,14411000000.0,0.2272239917,0,2753000000.0,0.0,2753000000.0,7975000000.0,10728000000.0,59739000000.0,0.0,232000000.0,4873000000.0,9826000000.0,0.1549304658,3683000000.0,0.0580713317,1038000000.0,4721000000.0,0.0744378922,1474000000.0,3170000000.0,0.0499826559,0.74,0.74,4226666667,4271000000,https://www.sec.gov/Archives/edgar/data/34088/000003408819000062/0000034088-19-000062-index.htm,https://www.sec.gov/Archives/edgar/data/34088/000003408819000062/xom10q3q2019.htm,15.005205046135236,0.7499999999408518,2.1480283909977897,0.6610410094115898,1.2660094636225545,46.63462144742629,46.63462144742629,44.9325709743744,11.209305992806836,298444933356.87,340239933356.87,23.53666666852287,4.705700440807133,32.8720049958002,106.8163684169184,1.571465831329121,1.571465831329121,5.364698895601999,34.62649433715347,37.47548555533319,121.7752087891446,0.0106217249672971,0.0093618610595041,0.2482479003764842,0.1311939804263679,4.253511093018522,0.7790014798660332,15.875,2.86403785488959,0.0124512081951029,1.1722397476340694,0.0434076503421525,0.0,0.0,0.6922568564819914,0.0990981047586011,1.2897599014980503,0.0,27.536106027046927,0.0080069237846774,0.0088212132090015,-30.550078861944,-14187000000.0,197109000000.0,-112244000000.0,236325000000.0,26220000000.0,41010500000.0,18212500000.0,35.913720790892754,74.44634877884558,32.30091204015425,2.506006006006006,1.2089242988579465,2.786299033541785,0.0166916778558828,1.4869873815861998,2019-11-01,0.67,bmo,63422000000.0,2025-04-24,2019-09-30,0.1194029850746268,72.30828125,10690477.296875
2019-06-30,XOM,USD,34088,2019-08-07,2019-08-07 12:55:10,2019,Q2,67491000000.0,53095000000.0,14396000000.0,0.2133025144,0,2827000000.0,0.0,2827000000.0,8008000000.0,10835000000.0,63930000000.0,0.0,216000000.0,4631000000.0,9479000000.0,0.1404483561,3561000000.0,0.0527625906,1071000000.0,4632000000.0,0.0686313731,1241000000.0,3130000000.0,0.0463765539,0.73,0.73,4287671232,4287671233,https://www.sec.gov/Archives/edgar/data/34088/000003408819000042/0000034088-19-000042-index.htm,https://www.sec.gov/Archives/edgar/data/34088/000003408819000042/xom10q2q2019.htm,15.740712463282446,0.7300000001492651,1.3870000002836038,-0.0527092651864964,0.982584664737653,46.2873642267169,42.649025567826,44.63425240529263,10.591297126766271,328264109521.92,369247109521.92,26.219178076830676,4.863820502317642,55.19826963543299,-1452.4960598315045,1.7152746125287783,1.7152746125287783,5.471057022742587,38.95422613376094,62.08964343734992,-1633.8367677961062,0.00953500522661,-0.0006884700259469,0.2361621302455362,0.125290730714747,4.323557337271864,0.7361674278316047,16.48611111111111,1.9,0.0113171068424461,1.1869009584664536,0.0418870664236713,0.0,0.0432457606679806,1.0380023541281318,0.0914640470581262,1.332973439861801,0.0,27.076144406226565,0.0082332167819179,0.0090690727235323,-29.91938818503144,-18544000000.0,182865000000.0,-110521000000.0,247909000000.0,27118500000.0,41785000000.0,18583500000.0,36.180824109881314,70.31170543365666,31.926735097466807,2.4875055285272003,1.2800144648023144,2.818954074860632,0.0163551523955334,1.4397092654701005,2019-08-02,0.66,bmo,73023049180.0,2025-04-24,2019-06-30,0.1060606060606059,77.41126984126984,10929755.650793651
2019-03-31,XOM,USD,34088,2019-05-02,2019-05-02 13:44:33,2019,Q1,61646000000.0,48342000000.0,13304000000.0,0.215812867,0,2770000000.0,0.0,2770000000.0,7685000000.0,10455000000.0,58797000000.0,0.0,181000000.0,4571000000.0,9041000000.0,0.1466599617,2849000000.0,0.0462154884,1440000000.0,4289000000.0,0.0695746683,1883000000.0,2350000000.0,0.0381208838,0.55,0.55,4272727272,4272727273,https://www.sec.gov/Archives/edgar/data/34088/000003408819000017/0000034088-19-000017-index.htm,https://www.sec.gov/Archives/edgar/data/34088/000003408819000017/xom10q1q2019.htm,14.427787236498348,0.550000000093617,1.9514468088427992,0.7346595745931336,1.0733191491188627,46.34534043342048,43.07295745414008,44.754085114000695,9.59714893780377,349209999940.56,385448999940.56,37.1499999936766,5.664763325123447,41.88174621498681,111.24880533308696,1.8262020057344868,1.8262020057344868,6.252619795940694,42.63344762090034,46.22799231716959,122.7935648106276,0.0067294751020875,0.0089888605725331,0.2134953091171517,0.1146161167245479,4.008295542528481,0.7740425021010926,15.740331491712707,3.548085106382979,0.0100369405246029,1.4914893617021276,0.0449339778736657,0.0,0.0392544407603828,0.623530822739266,0.0843363721895986,1.137387880113761,0.0,23.533631325828743,0.0051331240651067,0.0068671885729982,-29.041696813453907,-15056000000.0,184039000000.0,-106592000000.0,247489000000.0,25903000000.0,31576500000.0,18645000000.0,39.571910586250524,78.36043192255181,34.12932853419387,2.274340527577938,1.1485388453314327,2.6370281475016366,0.0122893809289726,1.216787234249666,2019-04-26,0.7,bmo,78458545454.0,2025-04-24,2019-03-31,-0.2142857142857141,76.24377049180328,12898620.918032788
2018-12-31,XOM,USD,34088,2019-02-27,2019-02-27 16:19:37,2018,Q4,68253000000.0,51985000000.0,16268000000.0,0.2383484975,0,2848000000.0,0.0,2848000000.0,8393000000.0,11241000000.0,63226000000.0,0.0,215000000.0,5028000000.0,13364000000.0,0.1958009172,5027000000.0,0.0736524402,3094000000.0,8121000000.0,0.1189837809,1915000000.0,6000000000.0,0.0879082238,1.41,1.41,4255319149,4255319149,https://www.sec.gov/Archives/edgar/data/34088/000003408819000010/0000034088-19-000010-index.htm,https://www.sec.gov/Archives/edgar/data/34088/000003408819000010/xom10k2018.htm,16.039454999759407,1.40999999997885,2.0226449999696605,0.5905549999911417,0.7148699999892769,46.65407999930019,44.226059999336606,45.071589999323926,8.93258499986601,290170212770.31,324924212770.31,12.09042553209625,4.251391334744407,33.71328137217497,115.46765331090728,1.51292643550012,1.51292643550012,4.760585069818323,24.31339514893071,37.75115751949692,129.29733894560684,0.0206775186974461,0.0086604340811136,0.1970656016350876,0.1091751493373695,2.600568692008381,0.8395988659036018,23.38139534883721,1.4345,0.012068778413076,0.5836666666666667,0.041727103570539,0.0,0.0298443656194756,0.708028349018241,0.0892854526540957,1.408040665434381,0.0113401608720495,37.81396822216762,0.0125412684396237,0.0178643736750589,-27.40599374958891,-9165000000.0,188196000000.0,-99695000000.0,248268000000.0,26290500000.0,31388500000.0,18859500000.0,32.57131554656938,36.46571126286428,32.821390785803594,2.7631674830978503,2.468071974552533,2.7421141470619266,0.0312835646579142,1.4320899999785186,2019-02-01,1.08,bmo,52278893617.0,2025-04-24,2018-12-31,0.3055555555555554,78.45698412698412,15454751.46031746
2018-09-30,XOM,USD,34088,2018-11-07,2018-11-07 12:29:54,2018,Q3,74187000000.0,55531000000.0,18656000000.0,0.25147263,0,2892000000.0,0.0,2892000000.0,8595000000.0,11487000000.0,67018000000.0,0.0,200000000.0,4658000000.0,13938000000.0,0.1878765822,7169000000.0,0.0966341812,1911000000.0,9080000000.0,0.1223934112,2634000000.0,6240000000.0,0.0841117716,1.46,1.46,4273972602,4273972603,https://www.sec.gov/Archives/edgar/data/34088/000003408818000048/0000034088-18-000048-index.htm,https://www.sec.gov/Archives/edgar/data/34088/000003408818000048/xom10q3q2018.htm,17.357855772235013,1.4600000002526925,2.598987179937004,1.381384615623701,1.3264006412552105,46.053407059252834,45.64441987969487,44.54052885386278,9.414426283680704,366749588977.62,401117588977.62,14.693493148141828,4.94358295897691,33.01670768613792,62.1188328214126,1.9265599715158777,1.9265599715158777,5.406844716427676,28.778704905841582,36.110694002306445,67.93997103279472,0.0170143339966518,0.0160981775506782,0.2103170225619205,0.1128985866880223,2.465777012483857,0.8267216027447617,35.845,1.780128205128205,0.0095514762804921,0.5613782051282051,0.0389825710704031,0.0,0.0049291088126149,0.4684911775297083,0.0701470608058015,1.1172176899957065,0.0,38.251227079698126,0.0164835916413575,0.0176830650646112,-28.50685096647234,-11313000000.0,195083000000.0,-103822000000.0,239588000000.0,27436500000.0,40102000000.0,18622000000.0,33.82263738930001,67.60656210044839,30.40625956672849,2.660939741750359,1.331231720765211,2.959916848782048,0.0327791348199511,1.217602564313303,2018-11-02,1.23,bmo,62500006849.0,2025-04-24,2018-09-30,0.1869918699186991,81.75952380952381,10267145.0
2018-06-30,XOM,USD,34088,2018-08-02,2018-08-02 12:13:22,2018,Q2,71456000000.0,54834000000.0,16622000000.0,0.2326186744,0,2993000000.0,0.0,2993000000.0,8707000000.0,11700000000.0,66534000000.0,0.0,147000000.0,4589000000.0,11248000000.0,0.157411554,4922000000.0,0.0688815495,1590000000.0,6512000000.0,0.0911330049,2526000000.0,3950000000.0,0.055278773,0.92,0.92,4271000000,4271000000,https://www.sec.gov/Archives/edgar/data/34088/000003408818000039/0000034088-18-000039-index.htm,https://www.sec.gov/Archives/edgar/data/34088/000003408818000039/xom10q2q2018.htm,16.730508077733553,0.9248419573870288,1.821587450245844,0.6679934441582768,0.8030906110981035,45.313275579489584,42.89346757199719,43.83563568250995,9.68555373448841,353339830000.0,391129830000.0,22.36328037974684,4.944858794223018,45.41643059125964,123.8485208552401,1.8872772964715685,1.8872772964715685,5.473715713166144,34.773277916073965,50.27375706940874,137.09422712933753,0.0111790397363354,0.0080743798399404,0.2201664334319684,0.1181799936924797,3.359708392603129,0.8095665124025173,33.48299319727891,1.969620253164557,0.00991113852067,0.8865822784810127,0.0418859158083296,0.0,0.0296310100633619,0.6332904884318766,0.0689515226153157,1.0736543909348442,0.0,30.202206706267948,0.0098185711520544,0.0116706800017727,-28.644521189417,-11892000000.0,183198000000.0,-104702000000.0,246652000000.0,25839500000.0,37848500000.0,18265500000.0,33.99812472010748,63.17430791115002,30.33647007331218,2.6472048308820804,1.4246297739672642,2.9667261808148027,0.0210979478907393,1.1535940060875671,2018-07-27,1.27,bmo,98640347826.0,2025-04-24,2018-06-30,-0.2755905511811023,79.67453125,13176296.515625
2018-03-31,XOM,USD,34088,2018-05-03,2018-05-03 12:16:43,2018,Q1,65436000000.0,49249000000.0,16187000000.0,0.2473714775,0,2747000000.0,0.0,2747000000.0,8434000000.0,11181000000.0,60430000000.0,0.0,204000000.0,4470000000.0,11914000000.0,0.1820710312,5006000000.0,0.0765022312,2234000000.0,7240000000.0,0.1106424598,2457000000.0,4650000000.0,0.0710618008,1.09,1.09,4270000000,4270000000,https://www.sec.gov/Archives/edgar/data/34088/000003408818000024/0000034088-18-000024-index.htm,https://www.sec.gov/Archives/edgar/data/34088/000003408818000024/xom10q1q2018.htm,15.324590163934426,1.088992974238876,1.9950819672131148,1.2107728337236534,0.9660421545667448,45.64660421545668,43.349414519906325,44.07377049180328,9.559953161592508,318584700000.0,355076700000.0,17.128209677419353,4.868645699614891,37.39695973705834,61.621798839458414,1.692843593081644,1.692843593081644,5.426320374105996,29.80331542722847,41.68056109872051,68.68021276595745,0.0145958045066194,0.0162280235052091,0.2158240123276389,0.1164391415777493,3.062951149907672,0.8011640632772858,24.53921568627451,1.832043010752688,0.010330062931459,0.707741935483871,0.0419799498746867,0.0,0.0281200369238531,0.3931212583636577,0.0511797787150803,0.7492170022371365,0.0,32.861993157906376,0.0107250729926928,0.013716126329948,-28.63032786885245,-11991000000.0,185102000000.0,-105600000000.0,248170000000.0,25141500000.0,29454000000.0,17520000000.0,33.95286997982762,67.99386789579484,32.98178643221182,2.650733209106376,1.3236487757680009,2.7287788120567376,0.0247084141449028,0.7843091334894614,2018-04-27,1.12,bmo,67236990825.0,2025-04-24,2018-03-31,-0.0267857142857143,79.9355737704918,15739364.475409836
2017-12-31,XOM,USD,34088,2018-02-28,2018-02-28 16:39:51,2017,Q4,50832000000.0,34821000000.0,16011000000.0,0.3149787535,0,3004000000.0,0.0,3004000000.0,11007000000.0,14011000000.0,48832000000.0,0.0,186000000.0,5842000000.0,9045000000.0,0.1779390935,2000000000.0,0.0393452943,1017000000.0,3017000000.0,0.0593523765,-5392000000.0,8380000000.0,0.1648567831,1.97,1.97,4262392473,4270000000,https://www.sec.gov/Archives/edgar/data/34088/000003408818000015/0000034088-18-000015-index.htm,https://www.sec.gov/Archives/edgar/data/34088/000003408818000015/xom10k2017.htm,11.925696735341434,1.966032000357279,1.7386948871894743,0.6827151695751411,0.7453560459588396,45.631649650297234,43.3402135467782,44.03348616742924,9.976087436657783,356506506441.72003,395665506441.72,10.635635633702863,7.0134267084065165,48.10504742163271,122.51082695591754,1.8994635056142108,1.8994635056142108,7.783787898208216,43.74411348167165,53.38894972901363,135.96752798684537,0.0235058823572128,0.0081625438734474,0.2255658326584544,0.1214140886917069,4.329353233830846,0.8158764778175901,10.75268817204301,0.8843675417661098,0.0092256380755218,0.3924821002386635,0.0590966320428076,0.0,0.0280104734564413,0.607340439886655,0.0885465848284545,1.1715252472670483,0.0168397859615989,44.134487252943686,0.0180489288237626,0.0247253071485052,-28.932166800961785,-10637000000.0,184733000000.0,-107057000000.0,251760000000.0,24430000000.0,28199500000.0,16867500000.0,45.32046742209632,56.08942879296976,43.918325148617214,1.985857717701293,1.6045804340813787,2.049258474576271,0.0446485657047866,1.0559797176143333,2018-02-02,1.06,bmo,60074181818.0,2025-04-24,2017-12-31,-0.169811320754717,82.70698412698412,9282871.952380951
2017-09-30,XOM,USD,34088,2017-11-01,2017-11-01 15:51:48,2017,Q3,59350000000.0,44264000000.0,15086000000.0,0.2541870261,0,2632000000.0,0.0,2632000000.0,8035000000.0,10667000000.0,54931000000.0,0.0,111000000.0,4880000000.0,10574000000.0,0.1781634372,4419000000.0,0.0744566133,1164000000.0,5583000000.0,0.0940690817,1498000000.0,3970000000.0,0.0668913227,0.93,0.93,4271000000,4271000000,https://www.sec.gov/Archives/edgar/data/34088/000003408817000052/0000034088-17-000052-index.htm,https://www.sec.gov/Archives/edgar/data/34088/000003408817000052/xom10q3q2017.htm,13.89604308124561,0.9295247014750644,1.764223835167408,0.6139077499414657,0.9988293139779912,44.29829079840787,44.29829079840787,42.67759306953875,9.53430110044486,350136580000.0,386480580000.0,22.048903022670025,5.899521145745577,46.46802654280027,133.53797864225783,1.920914327722794,1.920914327722794,6.511888458298231,36.55008322299981,51.29138420703384,147.3991533180778,0.011338432562516,0.0074885063422964,0.222794004696175,0.1162188382695098,3.4371098921883867,0.8507726351414173,39.810810810810814,1.897984886649874,0.0093934772539333,0.828463476070529,0.0443470935130581,0.0,0.0,0.6520238885202388,0.0827801179443976,1.0067622950819672,0.0,29.87594737488401,0.0103834667942997,0.0113614574718038,-30.471610863966283,-8025000000.0,189198000000.0,-114477000000.0,247531000000.0,22276000000.0,32899000000.0,16024000000.0,35.276663858466726,70.54988252304356,34.04278872221218,2.5512616601470146,1.2756931235229696,2.643731708773816,0.0217801575632557,1.1503160852259424,2017-10-27,0.86,bmo,54882795698.0,2025-04-24,2017-09-30,0.127906976744186,79.40444444444444,10190427.317460315
2017-06-30,XOM,USD,34088,2017-08-02,2017-08-02 12:19:33,2017,Q2,56026000000.0,42906000000.0,13120000000.0,0.2341769893,0,2556000000.0,0.0,2556000000.0,7882000000.0,10438000000.0,53344000000.0,0.0,158000000.0,4652000000.0,8966000000.0,0.1600328419,2682000000.0,0.0478706315,1474000000.0,4156000000.0,0.0741798451,892000000.0,3350000000.0,0.0597936672,0.78,0.78,4294871794,4294871795,https://www.sec.gov/Archives/edgar/data/34088/000003408817000041/0000034088-17-000041-index.htm,https://www.sec.gov/Archives/edgar/data/34088/000003408817000041/xom10q2q2017.htm,13.04485970414045,0.7800000001583284,1.6175104480895246,0.8961850748087778,0.9411223882507352,43.2697432923652,40.91204776949856,41.71905672488626,9.80075821094463,346724999929.62,384617999929.62,25.87499999474776,6.188644556627637,49.91003309768533,90.08183942053,1.935086896436058,1.935086896436058,6.864991252804412,42.89739013268124,55.36461781051101,99.9267341983944,0.0096618357507534,0.0111010166581045,0.234041009498934,0.1222551980688722,4.226299353111756,0.8278867102396514,16.974683544303797,2.073731343283582,0.0094859038161875,0.9817910447761194,0.0456216756505908,0.0,0.0295208330903875,0.4459478911760472,0.0552957555420697,0.6659501289767842,0.0,27.05862978183436,0.0068112447335377,0.0100635052240106,-30.155207468807625,-8769000000.0,175712000000.0,-114994000000.0,254344000000.0,21565500000.0,31584500000.0,15089000000.0,34.19858637061364,65.23563138022655,32.10390155223046,2.6316877260557097,1.379614147909968,2.8033975824893824,0.0186964917568005,0.7213253732807466,2017-07-28,0.84,bmo,60335692307.0,2025-04-24,2017-06-30,-0.0714285714285713,81.81857142857142,11376385.46031746
2017-03-31,XOM,USD,34088,2017-05-03,2017-05-03 14:32:17,2017,Q1,56474000000.0,42444000000.0,14030000000.0,0.2484329072,0,2505000000.0,0.0,2505000000.0,7285000000.0,9790000000.0,52234000000.0,0.0,146000000.0,4519000000.0,10583000000.0,0.1873959698,4240000000.0,0.0750787973,1678000000.0,5918000000.0,0.1047915855,1828000000.0,4010000000.0,0.0710061267,0.95,0.95,4221052632,4221052632,https://www.sec.gov/Archives/edgar/data/34088/000003408817000027/0000034088-17-000027-index.htm,https://www.sec.gov/Archives/edgar/data/34088/000003408817000027/xom10q1q2017.htm,13.379127180710311,0.9499999999052368,1.9362468825998755,1.251583541022286,1.1601371569915075,43.53677056922327,41.24753116795536,41.96844139232235,10.365423939115669,346168526350.32,384878526350.32,21.5815789495212,6.129697318240607,42.35513597826013,65.52499079127769,1.9540873398982792,1.9540873398982792,6.815145489080285,36.36762036760087,47.09146290839594,72.85226696012114,0.0115839531752863,0.0152613527743236,0.2461572330949303,0.1266875648225351,3.657753000094491,0.8080900813129989,29.04109589041096,2.038154613466334,0.0090533938282662,0.7815461346633417,0.0443566951163367,0.0,0.0280730602628054,0.3536033280313226,0.0511739915713425,0.6395220181456074,0.0,29.951217582452408,0.0094734683897156,0.0119863935004453,-31.20619700436846,-10243000000.0,174108000000.0,-117307000000.0,252567000000.0,21618000000.0,24935000000.0,14976500000.0,34.80858448135425,68.00042408821035,31.5373197625106,2.585569087079938,1.3235211575041317,2.853761850332818,0.0226360562458016,0.6846633415775897,2017-04-28,0.85,bmo,50529368421.0,2025-04-24,2017-03-31,0.1176470588235293,83.54306451612904,12991113.096774194
2016-12-31,XOM,USD,34088,2017-02-22,2017-02-22 16:47:56,2016,Q4,58376000000.0,50400000000.0,7976000000.0,0.1366314924,0,2824000000.0,0.0,2824000000.0,6980000000.0,9804000000.0,60204000000.0,0.0,195000000.0,8117000000.0,8929000000.0,0.1529566945,-1828000000.0,-0.0313142387,2445000000.0,617000000.0,0.0105694121,-1407000000.0,1680000000.0,0.0287789503,0.41,0.41,4097560976,4097560976,https://www.sec.gov/Archives/edgar/data/34088/000003408817000017/0000034088-17-000017-index.htm,https://www.sec.gov/Archives/edgar/data/34088/000003408817000017/xom10k2016.htm,14.246523808166998,0.4099999999609524,1.804976190304288,0.8563630951565369,0.8924821427721445,42.42279761500736,40.08677380570602,40.83526785325378,10.483553570430136,369845853693.76,408950853693.76,55.03658537109524,6.3355806100753735,50.00619979634397,105.3992173535936,2.210344262326371,2.210344262326371,7.005462068208853,45.80029719943555,55.29351726524608,116.54341798055286,0.0045424329709832,0.0094877364852264,0.2555625280143433,0.1294586363278577,4.379549781610483,0.8693899827868509,-9.374358974358977,4.402380952380953,0.0084710967250539,1.8648809523809524,0.0483760449499794,0.0,0.0289784871364822,0.5255543537047053,0.0665855831163491,0.4788715042503388,0.0150746882280389,19.40889862692856,-0.0202240462367864,0.0052378547243578,-31.541080354138945,-6222000000.0,164258000000.0,-115068000000.0,247574000000.0,20891000000.0,23914000000.0,15211000000.0,32.9837604494998,31.7875,26.928571428571427,2.728615499672806,2.8313016122689736,3.342175066312997,0.010040340654415,0.9486130951477512,2017-01-31,0.72,bmo,31419111111.0,2025-04-24,2016-12-31,0.25,87.38301587301588,10248132.031746032
2016-09-30,XOM,USD,34088,2016-11-03,2016-11-03 11:10:42,2016,Q3,56767000000.0,45786000000.0,10981000000.0,0.1934398506,0,2736000000.0,0.0,2736000000.0,6823000000.0,9559000000.0,55345000000.0,0.0,106000000.0,4605000000.0,7937000000.0,0.1398171473,1422000000.0,0.0250497648,1804000000.0,3226000000.0,0.0568287914,337000000.0,2650000000.0,0.0466820512,0.63,0.63,4206349206,4206349206,https://www.sec.gov/Archives/edgar/data/34088/000003408816000097/0000034088-16-000097-index.htm,https://www.sec.gov/Archives/edgar/data/34088/000003408816000097/xom10q3q2016.htm,13.495550944516612,0.6300000000523018,1.2730754718038024,0.46382264154794,1.2107886793458014,42.081622645003,39.95032075803361,40.55702264487643,10.99789811412058,367130158699.68,408192158699.68,34.63492063204529,6.467316551864287,68.55838631179833,188.17537606339312,2.152031739712187,2.152031739712187,7.190659339046982,51.42902339670909,76.22636016800747,209.2220188107022,0.0072181484882252,0.0053141915851047,0.270549892436561,0.1359955920397423,5.1734912435429,0.8585394134463525,13.41509433962264,2.020754716981132,0.008533758193815,1.1822641509433962,0.0481970158718974,0.0,0.0264153500733677,0.6356676003734827,0.059964415945884,0.7391965255157438,0.0,23.97698471532337,0.0041534114781464,0.0080200713635029,-31.93291698378311,-7076000000.0,168045000000.0,-119431000000.0,253812000000.0,21107500000.0,31914000000.0,15608500000.0,32.32370919724488,59.02306381863452,30.15725330887171,2.784333921914852,1.5248276551104007,2.9843566679702778,0.0155336846486163,0.8092528302558625,2016-10-28,0.58,bmo,52261682539.0,2025-04-24,2016-09-30,0.0862068965517242,88.72015625,11213604.390625
2016-06-30,XOM,USD,34088,2016-08-03,2016-08-03 12:10:47,2016,Q2,56360000000.0,45462000000.0,10898000000.0,0.193364088,0,2646000000.0,0.0,2646000000.0,7115000000.0,9761000000.0,55223000000.0,0.0,75000000.0,4821000000.0,7292000000.0,0.1293825408,1137000000.0,0.0201738822,1259000000.0,2396000000.0,0.0425124202,715000000.0,1700000000.0,0.0301632363,0.41,0.41,4146341463,4146341463,https://www.sec.gov/Archives/edgar/data/34088/000003408816000082/0000034088-16-000082-index.htm,https://www.sec.gov/Archives/edgar/data/34088/000003408816000082/xom10q2q2016.htm,13.592705883712211,0.410000000041,1.089876470697223,0.0598117647118635,1.051047058928634,42.65808823955992,40.63196470994555,41.1425352982319,10.743447059897877,388678048741.62,428791048741.62,57.15853657965,6.896345790305536,86.0097474533348,1567.2501965387903,2.278420600979067,2.278420600979067,7.6080739663168915,58.80294140724355,94.88626880761672,1728.9961642807257,0.0043737998724237,0.0006380602166829,0.2606878440245968,0.1298525723195697,5.500959956116292,0.8897949673811743,15.16,2.658235294117647,0.0080606558825314,1.8429411764705883,0.0469481902058197,0.0,0.0245304009367161,0.945120601903076,0.0757806955287438,0.8859157851068243,0.0,19.481783495464253,0.0026073761131254,0.00508872338897,-33.02483676800836,-5676000000.0,168474000000.0,-119770000000.0,256787000000.0,20820500000.0,33047500000.0,16049000000.0,34.85503903477644,66.915005939026,31.427345915269896,2.5821230585971504,1.3449897932013846,2.863748031496063,0.0099653557338898,1.0300647059853594,2016-07-29,0.64,bmo,87976585365.0,2025-04-24,2016-06-30,-0.359375,88.4203125,10832706.28125
2016-03-31,XOM,USD,34088,2016-05-04,2016-05-04 12:16:40,2016,Q1,47105000000.0,37848000000.0,9257000000.0,0.1965184163,0,2593000000.0,0.0,2593000000.0,6459000000.0,9052000000.0,46900000000.0,0.0,77000000.0,4765000000.0,6572000000.0,0.1395180979,205000000.0,0.0043519796,1525000000.0,1730000000.0,0.0367264622,-51000000.0,1810000000.0,0.0384247957,0.43,0.43,4178000000,4178000000,https://www.sec.gov/Archives/edgar/data/34088/000003408816000071/0000034088-16-000071-index.htm,https://www.sec.gov/Archives/edgar/data/34088/000003408816000071/xom10q1q2016.htm,11.27453326950694,0.4332216371469602,1.1517472474868358,0.0505026328386787,1.1598851124940164,42.72331258975586,40.72091910004787,41.21278123504069,10.336285303973192,349239020000.0,387501020000.0,48.23743370165746,7.414054134380639,72.57668744804656,1655.1612322274882,2.0282542816821247,2.0282542816821247,8.226324593992144,58.96241935483871,80.52805901911887,1836.497725118484,0.0051826969391908,0.0006041707481598,0.2503557179113406,0.1257566608030012,5.8219720024345705,0.9081599146246356,2.6623376623376624,2.658563535911602,0.0087447273217064,1.687292817679558,0.0550472349007536,0.0,0.0244056839630209,0.9561512884455527,0.0976754060078547,0.965582371458552,0.0,20.04297988213171,0.000686090033586,0.0054123071678682,-32.664672091910006,-4475000000.0,170132000000.0,-120040000000.0,259148000000.0,19844500000.0,25184000000.0,16234000000.0,37.8571276934508,76.79296131896005,38.577203551046296,2.377359442818209,1.171982411593485,2.33298403501202,0.0105118272575746,1.101244614648157,2016-04-29,0.31,bmo,33959418604.0,2025-04-24,2016-03-31,0.3870967741935484,80.08590163934426,17569063.37704918
2015-12-31,XOM,USD,34088,2016-02-24,2016-02-24 16:09:22,2015,Q4,57691000000.0,46850000000.0,10841000000.0,0.1879149261,0,2990000000.0,0.0,2990000000.0,7279000000.0,10269000000.0,57119000000.0,0.0,60000000.0,4755000000.0,7443000000.0,0.1290149243,572000000.0,0.0099148914,2056000000.0,2628000000.0,0.0455530325,-202000000.0,2780000000.0,0.0481877589,0.67,0.67,4149253731,4149253731,https://www.sec.gov/Archives/edgar/data/34088/000003408816000065/0000034088-16-000065-index.htm,https://www.sec.gov/Archives/edgar/data/34088/000003408816000065/xom10k2015.htm,13.903946044315797,0.6700000000554317,1.0556115108787016,-0.4232086331285388,0.8929316547501346,42.61248201791398,40.61573741343224,41.16667985952098,9.338305756168277,323434328331.45,358416328331.45,29.085820893116008,5.60632210104609,73.84345395695206,-184.18811408396925,1.89352166038165,1.89352166038165,6.212690512063407,48.15482041266291,81.83021194781963,-204.10952638465264,0.0085952533682544,-0.0054292319836887,0.2264900972419809,0.1148807155286585,4.699986564557302,0.7896657773825404,9.533333333333331,1.5755395683453235,0.0094424114340463,1.0985611510791369,0.0518278414310724,0.0,0.0246022366209562,1.4009132420091324,0.1063597441542008,1.2904311251314406,0.0148203359276143,24.911597679266222,0.0020427085747342,0.0084634049069482,-32.1055926285555,-11353000000.0,168525000000.0,-117325000000.0,248537000000.0,21016000000.0,27377500000.0,16414500000.0,31.00570279593004,34.72059765208111,31.207043756670224,2.902691823899371,2.5921212791855703,2.883964296706679,0.016275298429258,1.4788201440072406,2016-02-02,0.63,bmo,35784940298.0,2025-04-24,2015-12-31,0.0634920634920635,79.9378125,14834436.65625
2015-09-30,XOM,USD,34088,2015-11-04,2015-11-04 11:56:53,2015,Q3,65679000000.0,51245000000.0,14434000000.0,0.2197658308,0,2967000000.0,0.0,2967000000.0,7305000000.0,10272000000.0,61517000000.0,0.0,78000000.0,4542000000.0,10369000000.0,0.1578739019,4162000000.0,0.0633688089,1587000000.0,5749000000.0,0.0875317834,1365000000.0,4240000000.0,0.0645564031,1.01,1.01,4198019801,4198019802,https://www.sec.gov/Archives/edgar/data/34088/000003408815000044/0000034088-15-000044-index.htm,https://www.sec.gov/Archives/edgar/data/34088/000003408815000044/xom10q3q2015.htm,15.645233494219053,1.0100000002358254,2.1853160382461,0.6605495284561189,1.0233396228804497,42.12438444379791,42.12438444379791,40.66750708496718,8.191957549082556,312122772204.35,342138772204.35,18.403465342237617,4.752246109172642,34.02253893659799,112.55779740510276,1.8282409060545444,1.8282409060545444,5.209256721392682,32.99631326110039,37.29439417967625,123.38217533514243,0.0135843981201859,0.0088843245253008,0.2009805357216075,0.1007215363028456,2.8947825248336385,0.861494127088349,53.35897435897436,2.163679245283019,0.0098038344923983,0.7216981132075472,0.0451742566117023,0.0,0.0,0.697732722912579,0.0974588529057994,1.409291061206517,0.0,30.400149649659024,0.0105685366354988,0.0124463544510394,-32.066844936732586,-7594000000.0,176839000000.0,-116589000000.0,242989000000.0,24057000000.0,38297500000.0,16623500000.0,30.361759466496142,64.42169967801738,29.125963508634992,2.964255088685291,1.3970447915814728,3.09002653159672,0.0248355523274544,1.524766509789981,2015-10-30,0.89,bmo,57875554455.0,2025-04-24,2015-09-30,0.1348314606741573,77.051875,15290855.09375
2015-06-30,XOM,USD,34088,2015-08-05,2015-08-05 11:45:57,2015,Q2,71360000000.0,56963000000.0,14397000000.0,0.2017516816,0,2831000000.0,0.0,2831000000.0,7280000000.0,10111000000.0,67074000000.0,0.0,85000000.0,4451000000.0,11490000000.0,0.161014574,4286000000.0,0.0600616592,2668000000.0,6954000000.0,0.0974495516,2692000000.0,4190000000.0,0.0587163677,1.0,1.0,4190000000,4190000000,https://www.sec.gov/Archives/edgar/data/34088/000003408815000035/0000034088-15-000035-index.htm,https://www.sec.gov/Archives/edgar/data/34088/000003408815000035/xom10q2q2015.htm,17.031026252983292,1.0,2.098329355608592,0.4016706443914081,1.0365155131264916,42.720286396181386,40.62052505966587,41.209546539379474,8.096658711217184,348608000000.0,378105000000.0,20.8,4.885201793721973,39.65059144676979,207.13487819370167,2.0189496606203816,2.0189496606203816,5.298556614349776,32.907310704960835,43.00557324840764,224.66131907308372,0.0120192307692307,0.0048277721681659,0.1959830426019876,0.0971687819445242,2.5671888598781547,0.8847906530528336,50.423529411764704,2.098329355608592,0.0087949788874609,0.7317422434367542,0.0396720852017937,0.0,0.0252627347384138,0.8085759781619655,0.0996216367713004,1.5971691754661874,0.0,30.45020192274656,0.0086324337689518,0.0123430604898339,-32.72547732696897,-6725000000.0,170200000000.0,-117615000000.0,255726000000.0,25494000000.0,39029000000.0,16382500000.0,32.737247757847534,63.0630409212998,26.32708951424609,2.749162075740648,1.4271433582201734,3.4185320770569527,0.0242662218824565,1.6966587112171838,2015-07-31,1.11,bmo,79209600000.0,2025-04-24,2015-06-30,-0.0990990990990991,85.9726984126984,10942933.777777778
2015-03-31,XOM,USD,34088,2015-05-06,2015-05-06 12:03:45,2015,Q1,64758000000.0,51258000000.0,13500000000.0,0.2084684518,0,2713000000.0,0.0,2713000000.0,6924000000.0,9637000000.0,60895000000.0,0.0,88000000.0,4300000000.0,11023000000.0,0.1702183514,3863000000.0,0.0596528614,2772000000.0,6635000000.0,0.1024583835,1560000000.0,4940000000.0,0.0762840112,1.17,1.17,4222222222,4222222222,https://www.sec.gov/Archives/edgar/data/34088/000003408815000021/0000034088-15-000021-index.htm,https://www.sec.gov/Archives/edgar/data/34088/000003408815000021/xom10q1q2015.htm,15.337421053438812,1.170000000061579,1.894263157994435,0.2733157894880692,1.227789473748831,42.026684212738246,40.052605265265925,40.55376316002914,7.782394737251705,358888888870.0,386475888870.0,18.162393161437247,5.542000816424226,44.87232919104776,310.9955709445407,2.095983045138909,2.095983045138909,5.968002237098119,35.06086263902749,48.32156650037509,334.90111687175045,0.0137647058830773,0.0032154798763302,0.1913892084776349,0.0955531386950702,2.5026762224439807,0.9056907371319256,43.89772727272727,1.6190283400809715,0.0081083591335536,0.5890688259109311,0.0418944377528645,0.0,0.0243030548662967,0.8557139284821206,0.1056857839957997,1.5916279069767445,0.0,32.673809316392166,0.009839142814702,0.0147627500552856,-31.62001973850632,-5275000000.0,169111000000.0,-114857000000.0,252557000000.0,26520000000.0,31715000000.0,16390000000.0,34.78782544241638,66.9741308673768,28.272269694486717,2.5871119811433823,1.343802432885906,3.1833312631971182,0.028850590152254,1.6209473685063656,2015-04-30,0.83,bmo,45939435897.0,2025-04-24,2015-03-31,0.4096385542168674,88.67459016393443,15303740.704918033
2014-12-31,XOM,USD,34088,2015-02-25,2015-02-25 16:26:23,2014,Q4,82621000000.0,65917000000.0,16704000000.0,0.2021762022,0,3128000000.0,0.0,3128000000.0,8074000000.0,11202000000.0,77119000000.0,0.0,68000000.0,4458000000.0,13368000000.0,0.1617990584,5502000000.0,0.066593239,3340000000.0,8842000000.0,0.1070187967,2060000000.0,6570000000.0,0.0795197347,1.56,1.56,4211538462,4211538462,https://www.sec.gov/Archives/edgar/data/34088/000003408815000013/0000034088-15-000013-index.htm,https://www.sec.gov/Archives/edgar/data/34088/000003408815000013/xom10k2014.htm,19.617771687347823,1.559999999829041,1.7606392692134458,-0.3488036529298114,1.0960365295602517,42.99236529209216,40.932310497797374,41.40980821464002,6.930721460427684,389356730811.9,413861730811.9,14.815705129828768,4.712563764804348,52.50933658960216,-265.04882968815525,2.232562863387405,2.232562863387405,5.009159061399645,30.95913605714393,55.81412418231962,-281.7302456173588,0.0168739859364958,-0.0037728897017827,0.1669791684585347,0.0833235572672414,1.8331089168162773,0.8186220661272106,80.91176470588235,1.1286149162861492,0.0075098226603217,0.4450532724505327,0.0378596240665206,0.0,0.0248245315356816,1.198111935266352,0.1075271420099006,1.9928218932256616,0.0100579755752169,38.12458876072736,0.0139588451611423,0.0192772074162967,-31.928296800153976,-11723000000.0,172388000000.0,-115519000000.0,249621000000.0,29486000000.0,37279000000.0,17219500000.0,30.51052395879982,34.52432604639167,22.77136398804557,2.949801849405548,2.6068575496322075,3.952332413958508,0.0376722343591419,2.1094429221432573,2015-02-02,1.34,bmo,83872833333.0,2025-04-24,2014-12-31,-0.0149253731343283,93.253125,15021419.609375
2014-09-30,XOM,USD,34088,2014-11-05,2014-11-05 12:09:44,2014,Q3,103206000000.0,81900000000.0,21306000000.0,0.206441486,0,3169000000.0,0.0,3169000000.0,8563000000.0,11732000000.0,93632000000.0,0.0,88000000.0,4362000000.0,17860000000.0,0.1730519543,9574000000.0,0.0927659245,3836000000.0,13410000000.0,0.1299343061,5064000000.0,8070000000.0,0.0781931283,1.89,1.89,4267000000,4267000000,https://www.sec.gov/Archives/edgar/data/34088/000003408814000044/0000034088-14-000044-index.htm,https://www.sec.gov/Archives/edgar/data/34088/000003408814000044/xom10q3q2014.htm,24.18701663932505,1.8912584954300444,2.9050855401921725,0.9838293883290368,1.1628779001640497,43.94070775720647,43.94070775720647,42.32177173658308,5.137567377548629,401311350000.0,418183350000.0,12.432197955390334,3.8884497994302656,32.374261858664084,95.5958432586946,2.222260461716514,2.222260461716514,4.051928666937969,23.414521276595742,33.73534607938045,99.61489995235829,0.0201090749115368,0.0104607058833496,0.120905713035822,0.0618940708235534,0.9446808510638298,0.8880183074684772,108.79545454545456,1.536059479553903,0.0073409336665907,0.3650557620817843,0.0307055791329961,0.0,0.0,0.6613423685059696,0.0794333662771544,1.8794131132508023,0.0,42.4373860247711,0.0200610169757566,0.0228764839949654,-30.045523787204125,-7389000000.0,187495000000.0,-106674000000.0,244017000000.0,32572500000.0,50817500000.0,17969000000.0,27.001046450787747,54.14505494505495,19.517582417582418,3.333204146884992,1.6622016561130053,4.611226845335286,0.0446876020976039,1.921256151863136,2014-10-31,1.71,bmo,93702571428.0,2025-04-24,2014-09-30,0.1052631578947368,99.59765625,9513287.71875
2014-06-30,XOM,USD,34088,2014-08-06,2014-08-06 12:07:03,2014,Q2,105719000000.0,84844000000.0,20875000000.0,0.1974574107,0,3169000000.0,0.0,3169000000.0,8980000000.0,12149000000.0,96993000000.0,0.0,64000000.0,4285000000.0,18500000000.0,0.1749921963,8726000000.0,0.0825395624,5425000000.0,14151000000.0,0.1338548416,5034000000.0,8780000000.0,0.0830503505,2.04,2.04,4282926829,4282926829,https://www.sec.gov/Archives/edgar/data/34088/000003408814000036/0000034088-14-000036-index.htm,https://www.sec.gov/Archives/edgar/data/34088/000003408814000036/xom10q2q2014.htm,24.683821186056505,2.0500000001284167,2.382015945479511,0.38758542143658,1.4202904328907926,43.92580296402724,42.03223804363528,42.29701025321906,5.096748291891027,431205073143.72,446887073143.72,12.27804877971868,4.078785016352028,42.26671957887866,259.76209225525304,2.380310083319368,2.380310083319368,4.227121644583471,24.15605800776865,43.80386915739267,269.20908020706025,0.0203615415189552,0.0038496764147455,0.1201457315558499,0.060696736626639,0.8476756756756757,0.9206661968387292,136.34375,1.1619589977220957,0.0068783977386356,0.3378132118451025,0.0299756902732716,0.0,0.022616610799083,0.8372868065085277,0.0807990994996169,1.993465577596266,0.0,44.169555103622464,0.0188018932143598,0.0250516440498065,-30.27065489939053,-5516000000.0,180021000000.0,-106442000000.0,253947000000.0,33331000000.0,52236000000.0,18372500000.0,29.09959420728535,55.54511809909952,19.28162274291641,3.0928266339008834,1.6203044134216908,4.667656929086208,0.0484667825894951,1.9944305240429312,2014-07-31,1.86,bmo,95920653658.0,2025-04-24,2014-06-30,0.1021505376344084,100.87349206349208,9838595.603174604
2014-03-31,XOM,USD,34088,2014-05-07,2014-05-07 12:02:50,2014,Q1,101312000000.0,79562000000.0,21750000000.0,0.2146833544,0,3132000000.0,0.0,3132000000.0,8338000000.0,11470000000.0,91032000000.0,0.0,66000000.0,4192000000.0,19485000000.0,0.192326674,10280000000.0,0.1014687303,4947000000.0,15227000000.0,0.1502980891,5857000000.0,9100000000.0,0.0898215414,2.1,2.1,4333333333,4333333333,https://www.sec.gov/Archives/edgar/data/34088/000003408814000019/0000034088-14-000019-index.htm,https://www.sec.gov/Archives/edgar/data/34088/000003408814000019/xom10q1q2014.htm,23.379692309490743,2.1000000001615384,3.485307692575793,1.794230769368787,1.2925384616378877,42.20561538786197,40.335692310795054,40.707230772362095,4.94607692345739,423279999967.44,439045999967.44,11.628571427676924,4.177984838592072,28.026219954144217,54.44115755208232,2.3995736911271104,2.3995736911271104,4.333603126652716,22.5325121871922,29.070118517343573,56.46893890256463,0.0214987715004252,0.0183684558698688,0.1211294912640732,0.0605240869833698,0.8091352322299205,0.8824099960061619,155.75757575757575,1.6596703296703297,0.0064543564548529,0.3002197802197802,0.0309144030322173,0.0,0.0229525285171641,0.4852016155730649,0.0723310170562223,1.748091603053435,0.0,43.85677432440813,0.0216528685936275,0.0263821644971443,-30.207000002323618,-8244000000.0,174788000000.0,-108278000000.0,245756000000.0,32816000000.0,41514500000.0,17351500000.0,28.85344283006949,58.94535079560595,21.003996882934064,3.1192118226600987,1.5268379742462914,4.284898750538561,0.0515878864839737,1.691076923207006,2014-05-01,1.88,bmo,91099428571.0,2025-04-24,2014-03-31,0.1170212765957448,95.3211475409836,12565460.295081967
2013-12-31,XOM,USD,34088,2014-02-26,2014-02-26 16:07:02,2013,Q4,106018000000.0,83780000000.0,22238000000.0,0.2097568337,0,3341000000.0,0.0,3341000000.0,9175000000.0,12516000000.0,96296000000.0,0.0,0.0,4380000000.0,18944000000.0,0.1786866381,9722000000.0,0.0917014092,4994000000.0,14716000000.0,0.1388066177,6073000000.0,8350000000.0,0.0787602105,1.91,1.91,4371727749,4371727749,https://www.sec.gov/Archives/edgar/data/34088/000003408814000012/0000034088-14-000012-index.htm,https://www.sec.gov/Archives/edgar/data/34088/000003408814000012/xom10k2013.htm,24.25082395038228,1.909999999865042,2.335003592649383,0.4076191616478449,1.0622802394458988,41.28688023660368,39.56627903912047,39.80188382952298,5.192226346938513,442418848198.8,460473848198.8,13.24607329936527,4.173054087030504,43.340404408189656,248.2709585851852,2.542593220799642,2.542593220799642,4.343355356626233,24.307107696304897,45.10911522323668,258.40283288372615,0.0188735177852276,0.004027857328536,0.1304517738199916,0.0654512006643445,0.9530722128378378,0.8268919747922592,0.0,1.2225149700598803,0.0062158292107037,0.3293413173652694,0.0315135165726574,0.0,0.0216892343890567,0.8254310344827587,0.079477069931521,1.923744292237443,0.0080552359033371,41.35802168204965,0.019629017986337,0.0246105055911531,-29.447739518877345,-12416000000.0,172973000000.0,-107005000000.0,238756000000.0,33191000000.0,41090000000.0,16501000000.0,28.143145503593733,33.21556457388398,17.332895679159705,3.197936776061776,2.709573091849935,5.192438797644871,0.0479876783733613,1.927384431001538,2014-01-30,1.92,bmo,106573068062.0,2025-04-24,2013-12-31,-0.0052083333333333,92.46125,12616501.796875
2013-09-30,XOM,USD,34088,2013-11-05,2013-11-05 12:08:04,2013,Q3,108390000000.0,85972000000.0,22418000000.0,0.2068271981,0,3150000000.0,0.0,3150000000.0,9009000000.0,12159000000.0,98131000000.0,0.0,52000000.0,4287000000.0,18528000000.0,0.1709382784,10259000000.0,0.0946489529,3930000000.0,14189000000.0,0.1309069102,6120000000.0,7870000000.0,0.0726081742,1.79,1.79,4396648044,4396648045,https://www.sec.gov/Archives/edgar/data/34088/000003408813000046/0000034088-13-000046-index.htm,https://www.sec.gov/Archives/edgar/data/34088/000003408813000046/xom10q3q2013.htm,24.652871668433235,1.790000000282033,3.054827192349172,0.9855235071438436,1.2077382466960096,39.911768748346965,39.911768748346965,38.494097845963495,4.854834816520965,378287597705.76,394270597705.76,12.016759774642948,3.4900599474652645,28.16525930353362,87.30385361314563,2.2351478490103696,2.2351478490103696,3.6375182000715935,21.27971706097582,29.35526749354181,90.99252197225016,0.0208042770837056,0.0114542481072041,0.125811693107625,0.0612635370751861,0.8626403281519862,0.8426645039794362,197.28846153846155,1.7066073697585769,0.0073224710955355,0.3519695044472681,0.0290617215610296,0.0,0.0,0.6773881319335865,0.0839376326229357,2.1222299976673664,0.0,39.37448146948037,0.0202078521393089,0.0226433117353926,-30.34584498572158,-11446000000.0,175478000000.0,-110783000000.0,229535000000.0,34285000000.0,51939500000.0,17032000000.0,27.592028784943263,53.66165728376681,17.657260503419717,3.2618116160096298,1.6771751853296917,5.097053417916642,0.0465006351738603,2.0693036852053286,2013-10-31,1.77,bmo,107178938547.0,2025-04-24,2013-09-30,0.0112994350282485,90.15515625,11689375.265625
2013-06-30,XOM,USD,34088,2013-08-06,2013-08-06 11:54:46,2013,Q2,103050000000.0,81913000000.0,21137000000.0,0.2051140223,0,3268000000.0,0.0,3268000000.0,8632000000.0,11900000000.0,93813000000.0,0.0,85000000.0,4405000000.0,17258000000.0,0.1674721009,9237000000.0,0.089636099,3531000000.0,12768000000.0,0.1239010189,5793000000.0,6860000000.0,0.0665696264,1.55,1.55,4425806452,4425806452,https://www.sec.gov/Archives/edgar/data/34088/000003408813000035/0000034088-13-000035-index.htm,https://www.sec.gov/Archives/edgar/data/34088/000003408813000035/xom10q2q2013.htm,23.28389212624339,1.5499999998644314,1.735954810343794,-0.2187172011470509,1.0413921281887994,38.76988337853325,36.98760932621099,37.42752915124541,4.392871719732402,399650322615.6,414398322615.6,14.564516130306124,3.878217589671033,52.017483094572434,-412.8619035285123,2.412662605514136,2.412662605514136,4.021332582393013,24.011955186904625,53.937045765404136,-428.097440718595,0.0171650055355972,-0.0024221173991921,0.116856930702035,0.0566632027282174,0.8545602039633793,0.8645718688091569,108.67058823529412,1.1199708454810495,0.0069911115840318,0.4072886297376093,0.0317127607957302,0.0,0.023090320975367,1.1259924508655472,0.0839495390587093,1.963904653802497,0.0,36.12872927512838,0.0179710618175958,0.0205557236903217,-29.44423833561712,-9844000000.0,163700000000.0,-107183000000.0,233284000000.0,34815500000.0,53298500000.0,16714000000.0,30.8646288209607,57.81390011353509,18.894803022719227,2.9159592529711373,1.556719055854349,4.763214514159446,0.0414133669791786,1.954672011490845,2013-08-01,1.9,bmo,126319354838.0,2025-04-24,2013-06-30,-0.1842105263157894,89.9803125,13505716.0625
2013-03-31,XOM,USD,34088,2013-05-02,2013-05-02 11:50:47,2013,Q1,103378000000.0,80787000000.0,22591000000.0,0.2185281201,0,3118000000.0,0.0,3118000000.0,8390000000.0,11508000000.0,92295000000.0,0.0,24000000.0,4110000000.0,20172000000.0,0.1951285573,11083000000.0,0.107208497,4955000000.0,16038000000.0,0.1551393914,6277000000.0,9500000000.0,0.0918957612,2.12,2.12,4481132075,4481132075,https://www.sec.gov/Archives/edgar/data/34088/000003408813000019/0000034088-13-000019-index.htm,https://www.sec.gov/Archives/edgar/data/34088/000003408813000019/xom10q1q2013.htm,23.069616844533645,2.120000000223158,3.0331621055824383,1.360816842248507,1.3867031580407057,38.62349895143405,36.91053895125374,37.267591582870274,2.998349473999826,406752358447.75,413950358447.75,10.704009432835525,3.9346123783372673,29.925865100629043,66.70258419936864,2.4356282803561053,2.4356282803561053,4.00424034560303,20.521037004151797,30.45544132193569,67.88297121150377,0.0233557342758968,0.0149919229067809,0.080310896341938,0.0394889868360229,0.3568312512393417,0.8931282461046743,461.7916666666667,1.430736842105263,0.0062962142611128,0.269578947368421,0.0301611561454081,0.0,0.0226004669663966,0.5513537374926427,0.0724912457195921,1.8233576642335767,0.0,42.16235428305723,0.0244845679505743,0.028617647147423,-28.232653687182385,-7490000000.0,165401000000.0,-103968000000.0,233914000000.0,34639000000.0,43883500000.0,15386500000.0,29.853450444001627,60.13368487504177,18.081993390025623,3.0147268962701586,1.4966653080884804,4.977327336578153,0.0568858869108568,1.672345263333931,2013-04-25,2.05,bmo,99964575471.0,2025-04-24,2013-03-31,0.0341463414634147,89.36333333333333,12729900.983333332
2012-12-31,XOM,USD,34088,2013-02-27,2013-02-27 16:05:06,2012,Q4,97248000000.0,97196000000.0,52000000.0,0.0005347154,0,0.0,0.0,3322000000.0,-3156000000.0,166000000.0,97362000000.0,0.0,111000000.0,4110000000.0,21921000000.0,0.2254133761,-114000000.0,-0.0011722606,17814000000.0,17700000000.0,0.1820088845,7398000000.0,9950000000.0,0.1023157289,2.2,2.19,4522727273,4522727273,https://www.sec.gov/Archives/edgar/data/34088/000003408813000011/0000034088-13-000011-index.htm,https://www.sec.gov/Archives/edgar/data/34088/000003408813000011/xom10k2012.htm,21.502070350462187,2.1999999998673365,2.9238994973111216,0.7002412059879252,2.118633165701389,37.95497487208312,36.259537686255705,36.67322612844182,2.58516582898984,391442045478.1499,393441045478.1499,9.835227273320353,4.025193787822372,29.60088063204401,123.6002669649984,2.360032348855079,2.360032348855079,4.045749480484432,17.948134002926416,29.752045181348304,124.23146368113356,0.0254188330429501,0.0080905974117611,0.0698226849870073,0.0346949474977156,0.0911910952967474,1.005004755297089,-1.027027027027027,1.3290452261306531,0.0066216698741031,0.2605025125628141,0.0,0.0,0.0229721835258167,0.7605111917725348,0.1034160085554458,2.4469586374695864,0.0087816716025008,42.60662733951613,-0.0002427723360986,0.0305095867560796,-26.320788943136435,321000000.0,163992000000.0,-97675000000.0,234938000000.0,35811000000.0,43652500000.0,15558500000.0,32.37938055281343,31.287398658381,13.465368945224084,2.7795466887701146,2.876557459528249,6.683812405446293,0.0599892682515087,2.2236582913231966,2013-02-01,2.0,bmo,99237272727.0,2025-04-24,2012-12-31,0.1,89.27677419354839,13053493.612903226
2012-09-30,XOM,USD,34088,2012-09-30,2012-09-29 20:00:00,2012,Q3,110989000000.0,85917000000.0,25072000000.0,0.22589626,0,3468000000.0,0.0,3468000000.0,8377000000.0,11845000000.0,97762000000.0,0.0,59000000.0,4037000000.0,21416000000.0,0.1929560587,13227000000.0,0.1191739722,4093000000.0,17320000000.0,0.1560515006,7394000000.0,9570000000.0,0.086224761,2.09,2.09,4578947368,4597000000,,,24.23897701372313,2.090000000192184,2.93560919567224,1.182804597809913,2.851091954285158,37.640747129898,37.640747129898,36.40858621024447,2.726172414043786,420347368382.4,419716368382.4,10.980861243009404,3.7872885455531615,31.271192410534145,77.61214334977842,2.5213832657465227,2.5213832657465227,3.7816032974655145,19.59826150459469,31.2242499912513,77.4956367028065,0.0227668845336839,0.0128845816754892,0.0745232825274573,0.037065434334454,-0.029463952185282,1.0296455945533178,224.1864406779661,1.4045977011494253,0.0062376981449654,0.2739811912225705,0.0312463397273603,0.0,0.0,0.5970837672965332,0.0723134725062844,1.9881099826603912,0.0,41.37769648849706,0.0282188747221361,0.0285508859128079,-24.900318967806925,2077000000.0,172355000000.0,-90698000000.0,222407000000.0,35188000000.0,52419000000.0,15866500000.0,29.70699799079188,56.05921994483048,17.362687244666365,3.029589190664665,1.6054451005306825,5.183529411764706,0.0574040416764139,1.7528045978623268,2012-11-01,1.95,bmo,107955358851.0,2025-04-24,2012-09-30,0.0717948717948717,87.86142857142856,12962034.444444444
2012-06-30,XOM,USD,34088,2012-08-02,2012-08-02 13:10:52,2012,Q2,112745000000.0,88057000000.0,24688000000.0,0.2189720165,0,3486000000.0,0.0,3486000000.0,9579000000.0,13065000000.0,101122000000.0,0.0,50000000.0,3899000000.0,30140000000.0,0.2673289281,11623000000.0,0.1030910462,14568000000.0,26191000000.0,0.2323029846,8537000000.0,15910000000.0,0.1411149053,3.41,3.41,4665689150,4665689150,https://www.sec.gov/Archives/edgar/data/34088/000003408812000036/0000034088-12-000036-index.htm,https://www.sec.gov/Archives/edgar/data/34088/000003408812000036/xom10q2q12.htm,24.164704586030982,3.409999999678504,2.1898158388884523,0.4012269012820967,3.815513513153786,36.00432746360739,34.29246888425904,34.89538088923048,3.350201759583576,399243020565.5,397022020565.5,6.2734604111486485,3.5411150877245103,39.07634536219047,213.2708443191773,2.452187017864272,2.452187017864272,3.5214157662468395,13.172595241058392,38.85896256880689,212.0844126952457,0.0398504148612656,0.0046888734519352,0.0956999219954425,0.0472659982708671,-0.0736894492368945,1.0379405726018025,232.46,0.6421747328724073,0.0066550944240341,0.1670018856065367,0.030919331234201,0.0,0.0242290949354608,0.8167759616325732,0.0740165861013792,2.140292382662221,0.0,51.743097109409554,0.0294293059446789,0.0494624725640276,-23.784964328367224,2661000000.0,159998000000.0,-88863000000.0,225588000000.0,34792500000.0,55203000000.0,14953500000.0,26.93414342099428,52.45443292412869,15.492465107827885,3.341483654900566,1.715774911344063,5.809275630030347,0.0977206699793011,1.7885889376063555,2012-07-26,1.95,bmo,121517499999.0,2025-04-24,2012-06-30,-0.0769230769230768,83.13857142857142,18286104.61904762
2012-03-31,XOM,USD,34088,2012-05-03,2012-05-03 14:56:03,2012,Q1,119189000000.0,92010000000.0,27179000000.0,0.2280327883,0,3601000000.0,0.0,3601000000.0,10820000000.0,14421000000.0,106431000000.0,0.0,107000000.0,3842000000.0,21464000000.0,0.1800837326,12758000000.0,0.1070400792,4757000000.0,17515000000.0,0.1469514804,7716000000.0,9450000000.0,0.0792858401,2.0,2.0,4725000000,4725000000,https://www.sec.gov/Archives/edgar/data/34088/000119312512208076/0001193125-12-208076-index.htm,https://www.sec.gov/Archives/edgar/data/34088/000119312512208076/d328062d10q.htm,25.225185185185182,2.0,4.081904761904762,2.422010582010582,3.9513227513227513,34.73375661375661,32.94878306878307,33.23005291005291,3.334814814814815,409799250000.0,406779250000.0,10.84125,3.438230457508663,21.24743350443304,35.8090921006641,2.609986816294296,2.609986816294296,3.4128925488090345,18.951698192322027,21.0908513506507,35.54519835721776,0.0230600714862216,0.0279258685807746,0.0996739102743739,0.0453423419247172,-0.1407007081625046,0.9520714053554016,119.23364485981308,1.968262067557914,0.0054197268540633,0.235026455026455,0.0302125196117091,0.0,0.0244356109771926,0.4066469642764556,0.0658030522950943,2.041384695471109,0.0,38.66978640944867,0.026282170435219,0.0280650277086464,-27.112698412698418,-3834000000.0,155683000000.0,-104875000000.0,219202000000.0,37243000000.0,46526500000.0,14886500000.0,27.065920512799,57.79328333876752,14.42680143462667,3.325214819774579,1.5572743890054837,6.238389043324971,0.0601864825618424,1.65989417989418,2012-04-26,2.09,bmo,124552504999.0,2025-04-24,2012-03-31,-0.0430622009569377,85.89354838709677,15697857.564516127
2011-12-31,XOM,USD,34088,2012-02-24,2012-02-24 16:08:32,2011,Q4,117782000000.0,86018000000.0,31764000000.0,0.2696846717,0,0.0,0.0,3911000000.0,14564000000.0,18475000000.0,104493000000.0,0.0,75000000.0,4075000000.0,21191000000.0,0.179917135,13289000000.0,0.1128270873,3752000000.0,17041000000.0,0.1446825491,7317000000.0,9400000000.0,0.0798084597,1.97,1.97,4771573604,4775000000,https://www.sec.gov/Archives/edgar/data/34088/000119312512078102/0001193125-12-078102-index.htm,https://www.sec.gov/Archives/edgar/data/34088/000119312512078102/d257530d10k.htm,24.68410000031512,1.970000000025149,2.253135106411742,0.443669148941834,2.654051063863669,33.687838298302395,31.782387234448287,32.35745957488116,3.585400000045771,404438578675.04,408807578675.04,10.75634517752766,3.4337893623392373,37.61869395172915,191.04325870337271,2.619488708742713,2.619488708742713,3.470883315574876,19.291566168422445,38.02507475351503,193.1070281884932,0.0232420953282816,0.0052344165755289,0.1103202155496256,0.0514511315442891,0.2061724316926997,0.9413973292045674,177.18666666666667,1.1056149732620322,0.0055558498087924,0.2390425531914893,0.0,0.0,0.0274639633652719,0.8030880848293181,0.0733049192576115,0.0,0.0,37.87141924558568,0.0290250233145271,0.0291961734376941,-25.39005159606881,-4542000000.0,151652000000.0,-97345000000.0,219214000000.0,36505000000.0,44270500000.0,15877000000.0,29.527262230221936,35.54151456671859,15.719500569648211,3.0480306402360124,2.5322499926403483,5.725372736954206,0.0608824062799554,1.809465957469908,2012-01-31,1.96,bmo,115320629441.0,2025-04-24,2011-12-31,0.0051020408163265,78.96238095238095,21250700.793650795
2011-09-30,XOM,USD,34088,2011-11-03,2011-11-03 11:41:58,2011,Q3,121415000000.0,87972000000.0,33443000000.0,0.2754437261,0,0.0,0.0,3764000000.0,14816000000.0,18580000000.0,106552000000.0,0.0,98000000.0,3866000000.0,22644000000.0,0.1865008442,14863000000.0,0.1224148581,3817000000.0,18680000000.0,0.1538524894,8009000000.0,10330000000.0,0.0850800972,2.13,2.13,4849765258,4849765258,https://www.sec.gov/Archives/edgar/data/34088/000119312511294424/0001193125-11-294424-index.htm,https://www.sec.gov/Archives/edgar/data/34088/000119312511294424/d232655d10q.htm,25.03523233412548,2.13000000009485,3.0617976768062367,1.5198673766407684,2.2726873185910392,33.4473920634449,31.526680543514257,32.153927397366004,3.4764569217424173,352238450688.54,357978450688.54,8.524647886944337,2.901111482836058,23.72135838699845,47.78706426380952,2.2588220438026405,2.2588220438026405,2.9483873548452824,15.808975918059527,24.10791640437336,48.56579170920363,0.0293267244953166,0.0209261651747317,0.1074907495879799,0.0518582915412388,0.2534887829005476,0.9253711435088234,151.66326530612244,1.391528441570612,0.0064643709269928,0.2204259438528557,0.0,0.0,0.0288187558588855,0.5036029362246616,0.0615904130461639,0.0,0.0,39.255279525019134,0.0332067274956903,0.0329073116032518,-23.88816650638805,-5595000000.0,152897000000.0,-91639000000.0,212914000000.0,34849500000.0,56212500000.0,17889000000.0,25.47560021414158,55.83003682990042,17.11567316873551,3.5327921322160147,1.612035476068313,5.25833831440526,0.0662438517625481,1.5419303001654685,2011-10-27,2.12,bmo,119909389671.0,2025-04-24,2011-09-30,0.0047169811320753,75.92140625,26567032.796875
2011-06-30,XOM,USD,34088,2011-08-04,2011-08-04 12:19:05,2011,Q2,121766000000.0,79769000000.0,41997000000.0,0.344899233,0,0.0,0.0,3681000000.0,14759000000.0,18440000000.0,98209000000.0,0.0,45000000.0,3881000000.0,22545000000.0,0.1851502061,23557000000.0,0.1934612289,-4938000000.0,18619000000.0,0.1529080367,7721000000.0,10680000000.0,0.0877092128,2.19,2.18,4906000000,4912000000,https://www.sec.gov/Archives/edgar/data/34088/000119312511209772/0001193125-11-209772-index.htm,https://www.sec.gov/Archives/edgar/data/34088/000119312511209772/d10q.htm,24.81981247452099,2.176926212800652,2.6271911944557687,1.0348552792498982,2.046677537708928,32.987158581328984,31.183041174072564,31.706278026905828,3.3699551569506725,399250280000.0,407451280000.0,9.345746254681648,3.27883218632459,30.97604779269144,78.63901516643688,2.566684110034651,2.566684110034651,3.3461826782517288,18.07280017742293,31.61232679028629,80.25433917667914,0.0267501377832471,0.0127163342252383,0.105997389923562,0.0505450576939583,0.3637613661565757,0.970107200837213,523.4888888888889,1.182694072306845,0.0057808350190762,0.2161048689138577,0.0,0.0,0.0271333276109428,0.6060982232911786,0.0641558398896243,0.0,0.0,39.40812256769059,0.0538529377831136,0.0336533765239339,-24.11450264981655,-2228000000.0,152984000000.0,-92064000000.0,216430000000.0,35238500000.0,57776500000.0,17655000000.0,26.113939851846983,65.27310107936667,21.491055422532565,3.446435141943336,1.3788221872677302,4.187788744225116,0.0686591535894979,1.5923359152058705,2011-07-28,2.32,bmo,129189944954.0,2025-04-24,2011-06-30,-0.0603448275862067,82.46460317460318,18388382.47619048
2011-03-31,XOM,USD,34088,2011-05-05,2011-05-05 12:53:46,2011,Q1,110177000000.0,77933000000.0,32244000000.0,0.292656362,0,0.0,0.0,3627000000.0,13498000000.0,17125000000.0,95058000000.0,0.0,29000000.0,3761000000.0,22707000000.0,0.2060956461,15119000000.0,0.1372246476,3798000000.0,18917000000.0,0.1716964521,8004000000.0,10650000000.0,0.0966626428,2.14,2.14,4963000000,4971000000,https://www.sec.gov/Archives/edgar/data/34088/000119312511127973/0001193125-11-127973-index.htm,https://www.sec.gov/Archives/edgar/data/34088/000119312511127973/d10q.htm,22.19967761434616,2.145879508361878,3.396332863187588,1.9756195849284708,2.5857344348176508,31.741084021761036,30.012693935119888,30.52186177715092,3.2047148901873865,417537190000.0,420580190000.0,9.801342488262913,3.7896946731168937,24.77083471760797,42.58410912799592,2.7563849353049905,2.7563849353049905,3.817313867685633,18.52205002862553,24.951363906027527,42.894460989291176,0.02550670995319,0.0234829381306129,0.1048059149722735,0.049685009060097,0.1340115382921566,0.9788789822768292,521.3448275862069,1.5445798588839,0.0052402517725427,0.2054460093896713,0.0,0.0,0.0268454275458246,0.4183080208827717,0.0639970229721266,0.0,0.0,38.38834913426781,0.0349554436279312,0.0342493286809988,-23.106689502317145,-1554000000.0,148953000000.0,-89980000000.0,210750000000.0,33715000000.0,44240000000.0,14619000000.0,28.709621790391825,66.63416011189098,18.779977673129483,3.1348375348546065,1.3506585788561525,4.792337965809863,0.0703063110641668,1.4207132782591174,2011-04-28,2.08,bmo,106187887850.0,2025-04-24,2011-03-31,0.0288461538461538,81.59048387096773,21495682.532258064
2010-12-31,XOM,USD,34088,2011-02-25,2011-02-25 16:07:35,2010,Q4,101733000000.0,92376000000.0,9357000000.0,0.091976055,0,0.0,0.0,3855000000.0,-6482000000.0,-2627000000.0,89749000000.0,0.0,110000000.0,4270000000.0,19707000000.0,0.1937129545,11984000000.0,0.1177985511,3343000000.0,15327000000.0,0.1506590782,5811000000.0,9250000000.0,0.0909242822,1.86,1.86,4963000000,4971000000,https://www.sec.gov/Archives/edgar/data/34088/000119312511047394/0001193125-11-047394-index.htm,https://www.sec.gov/Archives/edgar/data/34088/000119312511047394/d10k.htm,20.498287326213983,1.863792061253274,2.6304654442877293,1.0850292161998791,1.5770703203707437,30.76344952649607,29.02256699576869,29.58674188998589,3.047350392907516,362894560000.0,370083560000.0,9.807961081081082,3.5671272841654136,27.797361930294908,67.3898904363974,2.471377222672451,2.471377222672451,3.637792653317999,18.77929466686964,28.34803217158177,68.72489507892294,0.0254894975554331,0.0148390210092981,0.1022480403707462,0.0496314171432349,0.3647942355508195,0.9417399773282455,108.94545454545457,1.3718999579655318,0.0060954344424452,0.2391351351351351,0.0,0.0,0.0285610393044858,0.5875143623132899,0.0753934318264476,0.0,0.0,35.2239908257195,0.0306615230819162,0.0314765032157076,-22.42655651823494,-3649000000.0,144039000000.0,-90847000000.0,204539000000.0,31264000000.0,39515500000.0,13639000000.0,28.560644038807464,29.98830865159782,12.642244738893218,3.1511894436872754,3.0011695906432747,7.118988902589396,0.0629941636758626,1.5454362280878502,2011-01-31,1.63,bmo,89026194594.0,2025-04-24,2010-12-31,0.1349693251533743,69.07140625,20721651.046875
2010-09-30,XOM,USD,34088,2010-11-03,2010-11-03 15:42:58,2010,Q3,92855000000.0,65029000000.0,27826000000.0,0.2996715309,0,0.0,0.0,3707000000.0,13650000000.0,17357000000.0,82386000000.0,0.0,54000000.0,3844000000.0,16756000000.0,0.1804533951,10469000000.0,0.1127456787,2389000000.0,12858000000.0,0.1384739648,5297000000.0,7350000000.0,0.0791556728,1.44,1.44,5076000000,5089000000,https://www.sec.gov/Archives/edgar/data/34088/000119312510246050/0001193125-10-246050-index.htm,https://www.sec.gov/Archives/edgar/data/34088/000119312510246050/d10q.htm,18.29294720252167,1.4479905437352243,2.576241134751773,1.0394011032308903,2.415090622537431,29.66903073286052,27.94562647754137,28.571907013396377,3.6146572104018913,313646040000.0,319696040000.0,10.668232653061224,3.3778045339507834,23.984556090846525,59.447695223654286,2.1626137860181616,2.1626137860181616,3.442959883689624,19.079496299832897,24.447200428232776,60.59439727065959,0.0234340596170128,0.016821510005355,0.1261385496893767,0.0609812196243924,0.361064693244211,1.0144638807904114,193.8703703703704,1.7295331305382886,0.0066795040677063,0.2850340136054421,0.0,0.0,0.0291605832116642,0.5965435497438251,0.0840127079855689,0.0,0.0,30.510107364073665,0.0255125397589417,0.0252363980964545,-21.13888888888889,893000000.0,141852000000.0,-86761000000.0,205081000000.0,29725000000.0,46852500000.0,13870500000.0,29.31409186365839,66.77928308908334,19.79393808916022,3.0701957413040604,1.3477233632463577,4.546846594881835,0.0506788203901234,1.5368400315208826,2010-10-28,1.39,bmo,89146298611.0,2025-04-24,2010-09-30,0.0359712230215827,60.2221875,23636076.375
2010-06-30,XOM,USD,34088,2010-08-04,2010-08-04 15:04:53,2010,Q2,90242000000.0,63791000000.0,26451000000.0,0.2931118548,0,0.0,0.0,3607000000.0,12342000000.0,15949000000.0,79740000000.0,0.0,40000000.0,3366000000.0,16112000000.0,0.1785421422,10502000000.0,0.1163759668,2204000000.0,12706000000.0,0.1407991844,4960000000.0,7560000000.0,0.083774739,1.61,1.6,4716000000,4729000000,https://www.sec.gov/Archives/edgar/data/34088/000119312510177038/0001193125-10-177038-index.htm,https://www.sec.gov/Archives/edgar/data/34088/000119312510177038/d10q.htm,19.13528413910093,1.6030534351145038,1.9582273112807465,0.7614503816793893,2.8131891433418152,30.824215436810857,29.09796437659033,29.72264631043257,4.340966921119593,269142120000.0,276322120000.0,8.900202380952381,2.982448527293278,29.143705468327017,74.94907268170427,1.9200847530177207,1.9200847530177207,3.062012366747191,17.1500819265144,29.921182458040064,76.94851573377889,0.02808924890686,0.0133423932307585,0.1457637759324258,0.0701966550771641,0.445630585898709,1.0760104460317186,262.55,1.1922282468370773,0.0081926975978341,0.2916666666666667,0.0,0.0,0.0279694092102189,0.6111532214401733,0.0625429400944128,0.0,0.0,32.742285824973,0.0271065117506567,0.026720673530628,-22.012298558100085,4395000000.0,137226000000.0,-83485000000.0,200605000000.0,29129000000.0,45795000000.0,13463500000.0,29.127678907825626,64.12910912197646,18.960511670925367,3.089844552489214,1.4034188410260924,4.746707344296451,0.0539337385497816,1.196776929601357,2010-07-29,1.46,bmo,81844862499.0,2025-04-24,2010-06-30,0.0958904109589042,64.03920634920635,33470144.31746032
2010-03-31,XOM,USD,34088,2010-05-06,2010-05-06 13:53:44,2010,Q1,87714000000.0,62035000000.0,25679000000.0,0.2927582826,0,0.0,0.0,3514000000.0,12579000000.0,16093000000.0,78128000000.0,0.0,55000000.0,3280000000.0,15403000000.0,0.1756048065,9586000000.0,0.1092870009,2482000000.0,12068000000.0,0.13758351,5493000000.0,6300000000.0,0.0718243382,1.33,1.33,4722000000,4736000000,https://www.sec.gov/Archives/edgar/data/34088/000119312510110539/0001193125-10-110539-index.htm,https://www.sec.gov/Archives/edgar/data/34088/000119312510110539/d10q.htm,18.575603557814485,1.3341804320203303,2.76281236764083,1.5438373570520965,2.928208386277001,24.91867852604829,23.289707750952985,23.83333333333333,2.0129182549767046,316279560000.0,311987560000.0,12.550776190476192,3.6058047746083854,24.243412540242225,43.385399176954735,2.8103496503496506,2.8103496503496506,3.5568730191303555,20.25498669090437,23.91442281158976,42.79664746227709,0.0199190867724743,0.0230492289795774,0.0839693978194613,0.0389292599733056,-0.2786470168149061,1.0684400110834027,174.29090909090908,1.9841825095057035,0.0062792549730371,0.3152380952380952,0.0,0.0,0.0316871817687478,0.441208033113598,0.0656223635907608,0.0,0.0,26.747976683683984,0.0278694433075609,0.0268021237492342,-17.518424396442185,3952000000.0,109974000000.0,-63386000000.0,152463000000.0,28348500000.0,35186000000.0,12520500000.0,29.80915247280936,66.93382767792374,19.568308213105503,3.019206939281289,1.344611583145483,4.599273428232503,0.0559795985463075,1.2189750105887336,2010-04-29,1.41,bmo,92272308270.0,2025-04-24,2010-03-31,-0.0567375886524821,66.70426229508197,28102193.1147541
2009-12-31,XOM,USD,34088,2010-02-26,2010-02-26 16:17:17,2009,Q4,87426000000.0,55342000000.0,32084000000.0,0.3669846499,0,0.0,0.0,3881000000.0,20376000000.0,24257000000.0,79599000000.0,0.0,36000000.0,3193000000.0,13435000000.0,0.1536728204,7827000000.0,0.089527143,2379000000.0,10206000000.0,0.1167387276,4067000000.0,6050000000.0,0.0692013817,1.28,1.28,4722000000,4736000000,https://www.sec.gov/Archives/edgar/data/34088/000119312510042929/0001193125-10-042929-index.htm,https://www.sec.gov/Archives/edgar/data/34088/000119312510042929/d10k.htm,18.5146124523507,1.2812367640830156,1.800931808555697,0.3686997035154595,2.300296484540449,24.43710292249047,22.88966539601864,23.41571368064379,2.041719610334604,321993180000.0,320905180000.0,13.305503305785123,3.683036854025119,37.863732361241766,184.94726019529008,2.9121469851405006,2.9121469851405006,3.670592043556837,23.885759583178267,37.7357925682032,184.3223319931074,0.0187892178337441,0.0054069468179419,0.0868688330363845,0.0411661087848176,-0.0809825083736509,1.0609669426249977,217.41666666666663,1.3852418960742792,0.0061864664338542,0.3292561983471074,0.0,0.0,0.0313171011859096,0.7952728127939793,0.07735685036488,0.0,0.0,25.981226829383083,0.0256234980682593,0.026768016423616,-17.0603028377806,3174000000.0,108085000000.0,-62696000000.0,149597000000.0,27291000000.0,33440500000.0,12069000000.0,28.45892526250772,39.4138267500271,18.788081384843338,3.162452523060228,2.2834626175936625,4.790270925300788,0.0547169640676862,1.4322321050402371,2010-02-01,1.19,bmo,81627440944.0,2025-04-24,2009-12-31,0.0672268907563025,71.940625,23543449.953125
2009-09-30,XOM,USD,34088,2009-11-05,2009-11-05 14:18:41,2009,Q3,80585000000.0,49786000000.0,30799000000.0,0.3821927158,0,0.0,0.0,3887000000.0,19321000000.0,23208000000.0,72994000000.0,0.0,62000000.0,2927000000.0,12193000000.0,0.1513060743,7591000000.0,0.0941986722,1613000000.0,9204000000.0,0.1142148042,4333000000.0,4730000000.0,0.0586957871,0.98,0.98,4784000000,4784000000,https://www.sec.gov/Archives/edgar/data/34088/000119312509225285/0001193125-09-225285-index.htm,https://www.sec.gov/Archives/edgar/data/34088/000119312509225285/d10q.htm,16.844690635451506,0.9887123745819398,1.8451086956521736,0.6975334448160535,2.6385869565217392,23.433319397993312,21.960702341137125,22.421613712374583,2.0202759197324416,328230240000.0,325361240000.0,17.34832135306554,4.0730935037538005,37.18480117820325,98.3608750374588,3.0599938470144035,3.0599938470144035,4.037491344543029,26.68426474206512,36.8597756882293,97.50112076715612,0.0144106161577312,0.0101666439996509,0.0895259404279121,0.0418783552181137,-0.2352989420159107,1.0829539228836451,122.43548387096774,1.812153561896941,0.0057215934765791,0.3970401691331924,0.0,0.0,0.0307230045310435,0.6219553642234055,0.0681268226096668,0.0,0.0,22.333648516290825,0.0224694492998927,0.0212811906668706,-16.321854096989966,4391000000.0,105060000000.0,-59878000000.0,144310000000.0,26899500000.0,42270000000.0,12513000000.0,30.084134764534344,77.09094926284497,22.750371590406942,2.9916100530868324,1.1674522218313987,3.955979340484704,0.0440963967743439,1.1475752508361203,2009-10-29,1.03,bmo,84176224489.0,2025-04-24,2009-09-30,-0.0485436893203883,69.2896875,22145395.21875
2009-06-30,XOM,USD,34088,2009-08-05,2009-08-05 14:45:57,2009,Q2,74457000000.0,51638000000.0,22819000000.0,0.306472192,0,0.0,0.0,3519000000.0,11440000000.0,14959000000.0,66597000000.0,0.0,343000000.0,3004000000.0,10864000000.0,0.1459097197,7860000000.0,0.1055642854,-343000000.0,7517000000.0,0.1009575997,3571000000.0,3950000000.0,0.0530507541,0.82,0.81,4817073171,4871000000,https://www.sec.gov/Archives/edgar/data/34088/000119312509165196/0001193125-09-165196-index.htm,https://www.sec.gov/Archives/edgar/data/34088/000119312509165196/d10q.htm,15.456896201670755,0.8199999999543292,0.4560860759239648,-0.6991797467965014,3.265260759311808,23.07479999871482,21.632845568415387,22.127959492438443,1.99644050621792,336761585384.61,330459585384.61,21.31402439143101,4.522900269747773,153.28246945134728,-99.98859423533553,3.1593514089669954,3.1593514089669954,4.4382608134172745,30.417855797552463,150.4140124645471,-98.1174540928177,0.0117293663274828,-0.0100011407065727,0.0870046532572801,0.0412799729370028,-0.5800810014727541,1.1527105049017707,22.91545189504373,0.5567663456664977,0.0061824153655238,0.5270886075949367,0.0,0.0,0.0309176937697241,2.5329995448338645,0.0747411257504331,0.0,0.0,20.20546590932144,0.0235500080322945,0.0181429850951932,-14.824769619427482,7882000000.0,104207000000.0,-54012000000.0,142689000000.0,24902000000.0,40181500000.0,12579000000.0,32.46947902816391,73.01890080948138,21.68345017235369,2.7718338172883628,1.2325575844372836,4.150630978217185,0.0370571900330231,1.1552658227204662,2009-07-30,1.02,bmo,87631357142.0,2025-04-24,2009-06-30,-0.1764705882352941,69.56333333333333,27944604.126984127
2009-03-31,XOM,USD,34088,2009-05-05,2009-05-05 11:44:38,2009,Q1,64028000000.0,41679000000.0,22349000000.0,0.3490504154,0,0.0,0.0,3448000000.0,10944000000.0,14392000000.0,56071000000.0,0.0,107000000.0,2793000000.0,10750000000.0,0.1678952958,7957000000.0,0.1242737552,-107000000.0,7850000000.0,0.1226026114,3148000000.0,4550000000.0,0.0710626601,0.92,0.92,4937000000,4959000000,https://www.sec.gov/Archives/edgar/data/34088/000003408809000039/0000034088-09-000039-index.htm,https://www.sec.gov/Archives/edgar/data/34088/000003408809000039/r10q050509.htm,12.969009519951388,0.9216123151711566,1.8047397204780231,0.8582134899736682,5.092161231517116,22.55985416244683,21.274863277293903,21.673688474782256,1.8859631355073927,336209700000.0,320441700000.0,18.47306043956044,5.250979259074155,37.73397306397306,79.3508850601841,3.142058633870078,3.142058633870078,5.004712000999563,29.80853023255814,35.964276094276094,75.62938399811188,0.0135332204870948,0.0126022538909496,0.0860162799173854,0.0413679654457933,-1.4667906976744185,1.309322290677709,74.3644859813084,1.894938324117397,0.0061598460722578,0.4551648351648352,0.0,0.0,0.02851351290614,0.5244668911335578,0.0729836946335978,0.0,0.0,21.19980211711199,0.0272116366945515,0.0210504887877231,-12.64087502531902,15313000000.0,105034000000.0,-46295000000.0,143881000000.0,23822000000.0,29829000000.0,12181500000.0,32.24807896545261,83.06629237745628,27.4605916648672,2.790863917705518,1.083471976707913,3.2774239207360227,0.0425221722755436,0.9465262305043548,2009-04-30,0.95,bmo,64153913043.0,2025-04-24,2009-03-31,-0.0315789473684209,73.07065573770493,41801616.19672131
2008-12-31,XOM,USD,34088,2009-02-27,2009-02-27 16:16:54,2008,Q4,84696000000.0,47926000000.0,36770000000.0,0.4341409276,0,0.0,0.0,3859000000.0,11783000000.0,15642000000.0,63568000000.0,0.0,0.0,3177000000.0,24305000000.0,0.2869675073,21128000000.0,0.2494568811,-7933000000.0,13195000000.0,0.1557924813,5375000000.0,7820000000.0,0.0923302163,1.58,1.58,4937000000,4959000000,https://www.sec.gov/Archives/edgar/data/34088/000119312509040966/0001193125-09-040966-index.htm,https://www.sec.gov/Archives/edgar/data/34088/000119312509040966/d10k.htm,17.155357504557422,1.5839578691513063,2.123556815880089,1.0449665788940652,6.483086894875431,23.80453716832084,22.61272027547093,22.881304435892243,1.909054081425967,394120710000.0,372108710000.0,12.599766943734014,4.6533568291300655,37.59258966043495,76.39478774956387,3.4888745186562207,3.4888745186562207,4.393462619250023,15.30996543921004,35.493009347577264,72.12806939329327,0.019841636842682,0.0130898982699995,0.0834329217014119,0.0413282935470857,-0.9056572721662208,1.4718126272912424,0.0,1.3406649616368287,0.005120258714646,0.2580562659846547,0.0,0.0,0.0258011330749127,0.507916825639069,0.0628719183904788,1.676109537299339,0.0,28.55640033158521,0.0690451849424835,0.0351985884555831,-10.972756734859226,23166000000.0,111639000000.0,-38263000000.0,150396000000.0,29976500000.0,35138500000.0,13793000000.0,26.248937376027204,39.79259692025206,21.869966197888413,3.4287102258926403,2.261727229825389,4.115232697922034,0.0692249811888638,1.078590236986024,2009-01-30,1.45,bmo,75301774193.0,2025-04-24,2008-12-31,0.0689655172413793,74.88328125,52967468.328125
2008-09-30,XOM,USD,34088,2008-11-04,2008-11-04 15:45:50,2008,Q3,134913000000.0,83176000000.0,51737000000.0,0.3834841713,0,0.0,0.0,3823000000.0,23727000000.0,27550000000.0,110726000000.0,0.0,318000000.0,3008000000.0,30019000000.0,0.2225063559,24187000000.0,0.179278498,2506000000.0,26693000000.0,0.1978534315,11327000000.0,14830000000.0,0.1099226909,2.89,2.86,5102000000,5185314685,https://www.sec.gov/Archives/edgar/data/34088/000003408808000127/0000034088-08-000127-index.htm,https://www.sec.gov/Archives/edgar/data/34088/000003408808000127/r10q110408.htm,26.44315954527636,2.906703253626029,2.8230105840846726,1.815170521364171,7.53312426499412,24.5562524500196,68.07879263034104,24.5562524500196,2.074088592708742,396221320000.0,369811320000.0,6.6793884018880645,2.9368653873236825,27.5096382698049,42.78385919447144,3.162534680650672,3.162534680650672,2.741109603967001,12.319241813518104,25.675992501562177,39.932115322319405,0.0374285765339432,0.0233733005583848,0.0819245566144661,0.0400596367156093,-0.8797761417768747,1.419777912495749,76.05974842767296,0.9712070128118678,0.0052066860006422,0.1391099123398516,0.0,0.0,-0.8666526161315754,0.3570089564674026,0.0381134508905739,1.709441489361702,0.0,40.074918903224464,0.0727192257340446,0.0310075898551027,-11.385682085456684,28390000000.0,347338000000.0,-34911000000.0,-70404000000.0,38535500000.0,54674500000.0,15900500000.0,23.515821307064552,53.11423968452438,17.24776377801289,3.827210575586508,1.6944608552162488,5.218067754077792,0.1183691713359832,1.0078400627205018,2008-10-30,2.38,bmo,121375405405.0,2025-04-24,2008-09-30,0.088235294117647,79.77078125,31242078.0
2008-06-30,XOM,USD,34088,2008-08-05,2008-08-05 15:28:07,2008,Q2,138072000000.0,96637000000.0,41435000000.0,0.3000970508,0,0.0,0.0,4389000000.0,14508000000.0,18897000000.0,115534000000.0,0.0,107000000.0,3090000000.0,25628000000.0,0.1856133032,22538000000.0,0.1632336752,-107000000.0,22431000000.0,0.1624587172,10526000000.0,11680000000.0,0.0845935454,2.25,2.22,5201000000,5261000000,https://www.sec.gov/Archives/edgar/data/34088/000003408808000104/0000034088-08-000104-index.htm,https://www.sec.gov/Archives/edgar/data/34088/000003408808000104/r10q080508.htm,26.54720246106518,2.2457219765429723,2.5798884829840416,1.6431455489328974,7.633147471640069,24.00038454143434,35.95000961353586,24.00038454143434,1.873485868102288,458364130000.0,429033130000.0,9.81087607020548,3.3197471609015587,34.1603912654643,53.634932131991576,3.672024498101357,3.672024498101357,3.107314517063561,16.74079639456844,31.97444701147712,50.20280014041657,0.0254819241636556,0.0186445654026199,0.0772034672263791,0.0361263767159747,-1.1444904011237709,1.3463415897349578,210.6355140186916,1.1488013698630135,0.0045771469944648,0.1796232876712328,0.0,0.0,-0.2329827034240772,0.363094350871963,0.0352859377715974,1.5766990291262135,0.0,34.82397590352198,0.0623545705525627,0.0355114500103372,-12.100845991155548,26749000000.0,186976000000.0,-37950000000.0,89524000000.0,39124000000.0,56937500000.0,15619500000.0,27.259690596210675,56.123224023924585,14.771671306021505,3.301578192252511,1.603614217915104,6.092743206607402,0.0935702497877044,0.936742934051144,2008-07-31,2.52,bmo,148509039647.0,2025-04-24,2008-06-30,-0.0992063492063492,89.735625,25386547.1875
2008-03-31,XOM,USD,34088,2008-05-06,2008-05-06 14:33:28,2008,Q1,116854000000.0,78638000000.0,38216000000.0,0.3270405806,0,0.0,0.0,3802000000.0,13810000000.0,17612000000.0,96250000000.0,0.0,130000000.0,3104000000.0,23708000000.0,0.2028856522,20604000000.0,0.1763225906,-130000000.0,20474000000.0,0.1752100912,9302000000.0,10890000000.0,0.0931932155,2.05,2.03,5312195122,5364532020,https://www.sec.gov/Archives/edgar/data/34088/000003408808000057/0000034088-08-000057-index.htm,https://www.sec.gov/Archives/edgar/data/34088/000003408808000057/r10q050608.htm,21.997309458016552,2.0499999999811758,4.03223140492165,3.2832001836245803,7.792070706999154,23.180436179768776,34.76077134954306,23.180436179768776,1.908062442590376,449305463418.76,418398463418.76,10.31463414643618,3.8450156898245673,20.975978684349208,25.761450800915085,3.6487665436519694,3.6487665436519694,3.580523246262516,17.647986477929813,19.53307485615126,23.98936204453644,0.0242374083705506,0.0388176895675642,0.0812577656144682,0.038752604549926,-1.3036527754344525,1.3772029922657538,158.4923076923077,1.966942148760331,0.0041820101311537,0.1725436179981634,0.0,0.0,-0.2382514465418548,0.1857609710550887,0.034051038047478,1.2818943298969072,0.0,32.69858741263935,0.0591764661186904,0.0340611599560864,-11.042516069687396,26775000000.0,184656000000.0,-37305000000.0,88193000000.0,36439000000.0,41426000000.0,13233500000.0,28.056549198144697,61.35926651237315,17.59988809481421,3.2078071812891182,1.466771118945032,5.113668877617376,0.0884366447672955,0.7490312212970704,2008-05-01,2.14,bmo,119358236453.0,2025-04-24,2008-03-31,-0.0514018691588786,86.51901639344263,28122484.72131148
2007-12-31,XOM,USD,34088,2008-02-28,2008-02-28 16:17:53,2007,Q4,116642000000.0,69391000000.0,47251000000.0,0.4050942199,0,0.0,0.0,4054000000.0,14400000000.0,18454000000.0,87845000000.0,0.0,0.0,3155000000.0,31952000000.0,0.2739322028,28797000000.0,0.2468836268,-9075000000.0,19722000000.0,0.1690814629,8062000000.0,11660000000.0,0.0999639924,2.19,2.17,5312195122,5364532020,https://www.sec.gov/Archives/edgar/data/34088/000119312508041781/0001193125-08-041781-index.htm,https://www.sec.gov/Archives/edgar/data/34088/000119312508041781/d10k.htm,21.95740128538148,2.194949494929339,2.1337695132953742,1.2753673094465072,6.494490358067084,23.72729109252776,22.39902662973004,22.921221303738097,1.8007621671092675,497699560980.18,473284560980.18,10.671088357207976,4.26689838120214,43.90821005559594,73.4611898125727,4.087478531727304,4.087478531727304,4.05758269731469,14.812361072238984,41.75426210676488,69.85749977567232,0.0234277883971537,0.0136126300506618,0.0785630985036382,0.0395155360580299,-0.7641149223835754,1.4741905611194952,0.0,0.9721269296740996,0.0038235918799128,0.1632075471698113,0.0,0.0,0.0291471484868763,0.4022937803264226,0.0390939798700296,1.445324881141046,0.0,33.64514482485667,0.0914586534068005,0.0496115323411026,-9.159302111945276,27651000000.0,118988000000.0,-30075000000.0,155576000000.0,34141000000.0,36382000000.0,12054000000.0,28.124517755182524,37.92292948653283,14.382412704817629,3.2000548696844997,2.373234378740723,6.257642708990892,0.0957605821192161,0.8584022038488668,2008-02-01,1.95,bmo,102503169014.0,2025-04-24,2007-12-31,0.0923076923076922,90.5659375,22629446.734375
2007-09-30,XOM,USD,34088,2007-11-07,2007-11-07 11:01:09,2007,Q3,102337000000.0,60206000000.0,42131000000.0,0.411688832,0,0.0,0.0,3656000000.0,13388000000.0,17044000000.0,77250000000.0,0.0,0.0,3159000000.0,28246000000.0,0.2760096544,25087000000.0,0.2451410536,-8327000000.0,16760000000.0,0.1637726336,7350000000.0,9410000000.0,0.0919511027,1.72,1.7,5470930233,5535294118,https://www.sec.gov/Archives/edgar/data/34088/000003408807000152/0000034088-07-000152-index.htm,https://www.sec.gov/Archives/edgar/data/34088/000003408807000152/r10q110707.htm,18.70559404737341,1.719999999861084,2.753279489681988,2.0340233792193563,5.778359191881876,21.678763016315,61.62114771021976,21.678763016315,1.6434133898778964,513993895390.3501,491561895390.3501,13.655523256916844,5.0225616872719545,34.122943330701055,46.18924293586898,4.333734352338052,4.333734352338052,4.803364329522558,17.402885201102812,32.633731354335126,44.173426976127786,0.0183076104296017,0.021650062578173,0.0758075259479102,0.0379910504899413,-0.7941655455639737,1.5244456366237482,0.0,1.6007438894792774,0.0037587995058438,0.2053134962805526,0.0,0.0,-0.9233545028542935,0.2612361415388701,0.0384513909925051,1.2456473567584678,0.0,28.96494655033272,0.077037579251873,0.0206730040445271,-10.24716046676006,29327000000.0,337125000000.0,-32811000000.0,-70093000000.0,31073500000.0,42386000000.0,12957000000.0,27.994566969913137,65.06411321130784,19.46168155997741,3.214909525006283,1.3832510051694429,4.624471925647131,0.0793403202279874,0.7192561104626318,2007-11-01,1.75,bmo,102045588235.0,2025-04-24,2007-09-30,-0.0285714285714286,87.28285714285714,26881135.714285716
2007-06-30,XOM,USD,34088,2007-08-07,2007-08-07 11:01:56,2007,Q2,98350000000.0,55658000000.0,42692000000.0,0.4340823589,0,0.0,0.0,3788000000.0,20692000000.0,24480000000.0,80138000000.0,0.0,0.0,2994000000.0,21206000000.0,0.2156176919,18212000000.0,0.185175394,-284000000.0,17928000000.0,0.1822877478,7668000000.0,10260000000.0,0.1043213015,1.85,1.83,5545945946,5606557377,https://www.sec.gov/Archives/edgar/data/34088/000003408807000114/0000034088-07-000114-index.htm,https://www.sec.gov/Archives/edgar/data/34088/000003408807000114/r10q080707.htm,17.73367446376478,1.8499999999819687,2.040769980486932,1.3581091617801353,5.221652046732732,20.979288498820864,30.55114522387377,20.979288498820864,1.5849415204523885,465193945950.48,445024945950.48,11.335135135245611,4.729984198784748,41.10213341142251,61.762340142124266,3.998229015474689,3.998229015474689,4.52491048246548,20.985803355205128,39.32010478445662,59.08456531472119,0.0220553171194798,0.0161910963493101,0.0755479157713794,0.0384994415610012,-0.951098745638027,1.5548193235226135,0.0,1.1031189083820665,0.0042154460888206,0.191130604288499,0.0,0.0,-0.2325077195979239,0.3345113977734582,0.0384951703101169,1.2645290581162325,0.0,29.551021704078305,0.0584117765898601,0.0364605543710021,-9.704791666572078,28804000000.0,169435000000.0,-31245000000.0,91777000000.0,28948500000.0,40085000000.0,12750000000.0,27.74123029994916,66.6971504545618,20.85144992633584,3.2442685139369947,1.3493829854292434,4.316246607212098,0.0881822088525999,0.6826608187067966,2007-07-26,1.96,bmo,101811825136.0,2025-04-24,2007-06-30,-0.0663265306122448,81.2552380952381,22326867.15873016
2007-03-31,XOM,USD,34088,2007-05-08,2007-05-08 12:05:00,2007,Q1,87223000000.0,47597000000.0,39626000000.0,0.4543067769,0,0.0,0.0,3392000000.0,12533000000.0,15925000000.0,63522000000.0,0.0,0.0,2942000000.0,26643000000.0,0.3054584227,23701000000.0,0.2717287871,-7637000000.0,16064000000.0,0.1841716061,6784000000.0,9280000000.0,0.1063939557,1.64,1.62,5658536585,5728395062,https://www.sec.gov/Archives/edgar/data/34088/000003408807000070/0000034088-07-000070-index.htm,https://www.sec.gov/Archives/edgar/data/34088/000003408807000070/r10q050807.htm,15.41440948375524,1.6400000001060344,2.5246810346459925,1.9757758621967096,5.300663793446164,20.16599138061418,29.36324569155365,20.16599138061418,1.5488103449277248,426936585338.25,405706585338.25,11.50152438950027,4.894770706559623,29.88496327441201,38.18752999447675,3.741447597390676,3.741447597390676,4.651371603112138,15.227511366522164,28.398892995817583,36.288603339736135,0.0217362491730422,0.0261865588097642,0.076803084742792,0.0392478246655829,-0.7968321885673535,1.5430915200632536,0.0,1.539439655172414,0.0042746395194829,0.1966594827586207,0.0,0.0,-0.2330641874795677,0.2174156516869662,0.0356098735425289,1.0557443915703604,0.0,27.278656161782877,0.0783665555275962,0.0337035395980271,-9.2260603454241,27475000000.0,166153000000.0,-31124000000.0,89633000000.0,28262000000.0,32003500000.0,11659500000.0,28.460153858500625,73.59854612685673,23.834485366724792,3.1623160031904867,1.2228502427870411,3.776041253470845,0.0813250372447638,0.5489051724492826,2007-04-26,1.52,bmo,78978074074.0,2025-04-24,2007-03-31,0.0657894736842105,73.36999999999999,24900475.80327869
2006-12-31,XOM,USD,34088,2007-02-28,2007-02-28 14:53:51,2006,Q4,90028000000.0,50183000000.0,39845000000.0,0.4425845293,0,0.0,0.0,3838000000.0,43660000000.0,47498000000.0,97681000000.0,0.0,0.0,3282000000.0,-4371000000.0,-0.0485515617,-7653000000.0,-0.0850068867,23214000000.0,15561000000.0,0.1728462256,5311000000.0,10250000000.0,0.1138534678,1.81,1.79,5658536585,5728395062,https://www.sec.gov/Archives/edgar/data/34088/000119312507042435/0001193125-07-042435-index.htm,https://www.sec.gov/Archives/edgar/data/34088/000119312507042435/d10k.htm,15.910120690683843,1.8114224139102213,1.566129310446086,0.8307801724675073,4.991396552046858,20.118982759921487,19.00314655295279,20.118982759921487,1.4751163794057187,433613658508.55,413716658508.55,10.575942890452438,4.816431093754721,48.929548466322494,92.2385999805467,3.808840681182583,3.808840681182583,4.595422074338539,-94.65034511749028,46.684344223487926,88.00609625793447,0.0236385542726115,0.0108414481595655,0.0733196303713854,0.0381115448713558,4.552047586364676,1.5522666284286213,0.0,0.8645853658536585,0.0042733893724047,0.180780487804878,0.0,0.0,0.0288290756340889,0.469532836831415,0.0462189541031679,1.2678244972577697,0.0,28.63545821388039,-0.0293252821497517,0.048189712319171,-8.812084052293885,26960000000.0,107530000000.0,-29394000000.0,146961000000.0,28666000000.0,32654500000.0,11621000000.0,28.93299862265073,44.98654922981887,19.2148735627603,3.110635063229908,2.000597990751076,4.683871569908531,0.0900354871578651,0.7353491379785786,2007-02-01,1.51,bmo,77606852071.0,2025-04-24,2006-12-31,0.1192052980132449,72.84809523809524,19886848.19047619
2006-09-30,XOM,USD,34088,2006-11-08,2006-11-08 15:53:53,2006,Q3,99593000000.0,56773000000.0,42820000000.0,0.4299498961,0,0.0,0.0,3412000000.0,12893000000.0,16305000000.0,73078000000.0,0.0,0.0,2730000000.0,29245000000.0,0.2936451357,26515000000.0,0.2662335706,-8337000000.0,18178000000.0,0.1825228681,7688000000.0,10490000000.0,0.1053286878,1.79,1.77,5860335196,5926553672,https://www.sec.gov/Archives/edgar/data/34088/000003408806000157/0000034088-06-000157-index.htm,https://www.sec.gov/Archives/edgar/data/34088/000003408806000157/r10q110806.htm,16.994420399020466,1.7899999998566636,2.4737492848352765,1.839826501282607,5.5856873208110605,19.895278358750044,53.36315919496425,19.895278358750044,1.4656158244774913,393228491651.6,369083491651.6,9.3715083806387,3.948354720227325,27.12481835218321,36.47083024036357,3.372659522026193,3.372659522026193,3.705918002787344,12.620396363535646,25.45930134866524,34.231449791467256,0.0266766020843019,0.0274191728954188,0.0736665151424185,0.0383528245522378,-0.8256112155924089,1.4917341799868622,0.0,1.3819828408007626,0.0048114519679217,0.1803622497616777,0.0,0.0,-0.8758009707654043,0.2562599158446575,0.0373018184008916,1.3608058608058609,0.0,28.30693087981271,0.0893397626463698,0.024971434012569,-8.030854622807825,26949000000.0,312726000000.0,-25601000000.0,-57462000000.0,28498500000.0,39763500000.0,12178500000.0,25.655417549426165,63.76710760396667,19.86014478713473,3.508030996829869,1.411385954008701,4.53168901660281,0.0899710960349249,0.6339227835526696,2006-10-26,1.59,bmo,86478033898.0,2025-04-24,2006-09-30,0.1132075471698112,66.7031746031746,22258396.793650795
2006-06-30,XOM,USD,34088,2006-08-04,2006-08-04 10:53:43,2006,Q2,99034000000.0,55772000000.0,43262000000.0,0.4368398732,0,0.0,0.0,3557000000.0,12930000000.0,16487000000.0,72259000000.0,0.0,0.0,2760000000.0,29535000000.0,0.2982309106,26775000000.0,0.270361694,-8571000000.0,18204000000.0,0.1838156593,7844000000.0,10360000000.0,0.1046105378,1.74,1.72,5954022989,6023255814,https://www.sec.gov/Archives/edgar/data/34088/000003408806000116/0000034088-06-000116-index.htm,https://www.sec.gov/Archives/edgar/data/34088/000003408806000116/r10q080406.htm,16.63312355074281,1.7399999998555598,1.8972046330471437,1.2495752894715604,5.393496138548416,19.442988415374423,28.09545752662528,19.442988415374423,1.403588802972289,365279310375.15,341523310375.15,8.814655173145512,3.688423272564473,32.33704943122787,49.09668150203629,3.1553791366499957,3.1553791366499957,3.4485460586783327,11.56334214915016,30.234004105448832,45.90367074934812,0.0283618581883546,0.0203679753785095,0.0721899727030856,0.0378127686530021,-0.8043338412053496,1.5645342747410482,0.0,1.0903474903474903,0.0052726774971786,0.1859073359073359,0.0,0.0,-0.2330980498619972,0.3413597733711048,0.0389361229476745,1.3971014492753624,0.0,27.58972628350489,0.0888916397039364,0.0380145820414124,-7.686105694342659,29104000000.0,167281000000.0,-24588000000.0,88697000000.0,27784500000.0,39160500000.0,11706500000.0,25.99743522426641,63.42214731406441,19.088610772430613,3.461879959450484,1.4190626431224873,4.714853326570293,0.0894924156041601,0.6476293435755829,2006-07-27,1.64,bmo,91557767441.0,2025-04-24,2006-06-30,0.048780487804878,61.28063492063492,20326174.746031743
2006-03-31,XOM,USD,34088,2006-05-04,2006-05-04 11:11:52,2006,Q1,88980000000.0,50527000000.0,38453000000.0,0.4321532929,0,0.0,0.0,3466000000.0,19181000000.0,22647000000.0,73174000000.0,0.0,0.0,2644000000.0,18450000000.0,0.2073499663,15806000000.0,0.1776354237,-347000000.0,15459000000.0,0.1737356709,7059000000.0,8400000000.0,0.0944032367,1.38,1.37,6086956522,6131386861,https://www.sec.gov/Archives/edgar/data/34088/000003408806000075/0000034088-06-000075-index.htm,https://www.sec.gov/Archives/edgar/data/34088/000003408806000075/r10q050406.htm,14.618142856516366,1.3799999999408572,2.4036642856112715,1.7908785713518194,5.248107142632224,18.47606428492245,26.858907141706048,18.47606428492245,1.3132999999437158,370452173928.92,346501173928.92,11.025362319313096,4.163319554157338,25.31967561540018,33.9833202393285,3.2939915699289544,3.2939915699289544,3.8941467063263655,18.780551432461788,23.682671992954685,31.78618236206953,0.0226749917834514,0.0294262006465957,0.0710811555800574,0.0370089165841057,-1.2981571815718158,1.5257222848699303,0.0,1.7417857142857145,0.0052827332047874,0.2329761904761904,0.0,0.0,-0.2362292941732021,0.2549381450345157,0.0419195324792088,1.4107413010590015,0.0,23.95165539210716,0.0516427472025481,0.0314573752565274,-7.488224999679076,27040000000.0,163489000000.0,-25065000000.0,84411000000.0,27223000000.0,37569500000.0,10452500000.0,27.27107215104518,69.50165258178795,20.633720585033743,3.300200281878199,1.2949332376534508,4.361792127071824,0.0746912317828974,0.612785714259452,2006-04-27,1.47,bmo,92617510948.0,2025-04-24,2006-03-31,-0.0680272108843536,60.49596774193548,19341086.14516129
2005-12-31,XOM,USD,34088,2006-02-28,2006-02-28 12:45:59,2005,Q4,99344000000.0,56944000000.0,42400000000.0,0.4267998067,0,0.0,0.0,3678000000.0,12721000000.0,16399000000.0,73343000000.0,0.0,0.0,2671000000.0,28672000000.0,0.2886133033,26001000000.0,0.2617269287,-8283000000.0,17718000000.0,0.1783499758,7008000000.0,10710000000.0,0.1078072153,1.76,1.75,6086956522,6131386861,https://www.sec.gov/Archives/edgar/data/34088/000119312506040951/0001193125-06-040951-index.htm,https://www.sec.gov/Archives/edgar/data/34088/000119312506040951/d10k.htm,16.320799999300537,1.7594999999245928,1.7069285713554174,1.0663785713828695,4.710235714083847,18.84570714204947,17.631471427815793,18.26627142778859,1.3128071428008796,341904347840.74,321224347840.74,7.980960500484128,3.441620508946086,32.90705946494129,52.67360157768295,3.075066535721584,3.075066535721584,3.23345494283238,11.20341614957938,30.916684104017325,49.48765180106917,0.0313245504704396,0.0189848419331114,0.0718705592430701,0.0383564931480548,-0.7212611607142857,1.5838210205800418,0.0,0.9701213818860878,0.0054371932142434,0.1735760971055088,0.0,0.0,0.0354765161878705,0.375264677574591,0.0392474633596392,1.4597529015350057,0.0,26.891241194037026,0.0959518999654758,0.0532984314037741,-6.518446428292067,27035000000.0,107322000000.0,-20280000000.0,141436000000.0,26838500000.0,37587500000.0,10148500000.0,24.89893702689644,57.08766507445911,14.731841809497048,3.614612137971183,1.5765227021040975,6.109215749383114,0.0963250768981706,0.6405499999725479,2006-01-30,1.44,bmo,83892654545.0,2025-04-24,2005-12-31,0.1458333333333333,57.96904761904762,19797940.42857143
2005-09-30,XOM,USD,34088,2005-11-04,2005-11-04 10:14:08,2005,Q3,100717000000.0,59130000000.0,41587000000.0,0.4129094393,0,0.0,0.0,3765000000.0,13363000000.0,17128000000.0,76258000000.0,0.0,0.0,2513000000.0,26972000000.0,0.2677998749,24459000000.0,0.2428487743,-8407000000.0,16052000000.0,0.159377265,6132000000.0,9920000000.0,0.0984937995,1.6,1.58,6200000000,6278481013,https://www.sec.gov/Archives/edgar/data/34088/000003408805000158/0000034088-05-000158-index.htm,https://www.sec.gov/Archives/edgar/data/34088/000003408805000158/r10q110405.htm,16.24467741935484,1.6,2.543064516129032,1.9798387096774197,5.030967741935484,17.401612903225807,17.401612903225807,17.401612903225807,1.364032258064516,393948000000.0,373165000000.0,9.928125,3.911435010971336,24.98560284137756,32.09352342158859,3.651385670590416,3.651385670590416,3.7050845438208047,13.835273617084384,23.66747003234604,30.40040733197556,0.0251809883537928,0.0311589346817346,0.0783853925294281,0.0403250032185618,-0.7705398190716298,1.468894348894349,0.0,1.589415322580645,0.0048559708387909,0.1928427419354838,0.0,0.0,0.0,0.221475233081753,0.0346714060188448,1.3895742140867489,0.0,25.0291443025152,0.0937817106162233,0.0473009379127507,-7.339717741935484,23855000000.0,107890000000.0,-27101000000.0,130949000000.0,25954500000.0,37620000000.0,10779500000.0,23.405879841536187,59.44444444444444,16.706240487062406,3.845187645554155,1.514018691588785,5.387208454810495,0.0919455000463435,0.5632258064516129,2005-10-27,1.38,bmo,101127863636.0,2025-04-24,2005-09-30,-0.0434782608695651,60.50921875,18119259.78125
2005-06-30,XOM,USD,34088,2005-08-04,2005-08-04 10:22:32,2005,Q2,88568000000.0,51358000000.0,37210000000.0,0.4201291663,0,0.0,0.0,3508000000.0,12985000000.0,16493000000.0,67851000000.0,0.0,0.0,2516000000.0,23233000000.0,0.2623182188,20717000000.0,0.2339106675,-7958000000.0,12759000000.0,0.1440588023,5119000000.0,7640000000.0,0.0862614037,1.21,1.2,6314049587,6366666667,https://www.sec.gov/Archives/edgar/data/34088/000003408805000119/0000034088-05-000119-index.htm,https://www.sec.gov/Archives/edgar/data/34088/000003408805000119/r10q080405.htm,14.027130889556632,1.2099999999572382,1.4274515706301816,0.8359136125359036,4.062052355877388,16.56559685805331,16.56559685805331,16.56559685805331,1.4390130889543804,362868429764.89,346306429764.89,11.87396694256839,4.097060222257362,40.260560275700655,68.7511234870955,3.469238113932559,3.469238113932559,3.9100626610614446,14.90579906877674,38.42299231830578,65.61319245261274,0.0210544631974462,0.0145452168528954,0.0868675666373475,0.0450212074364767,-0.712865320879783,1.4932767162066525,0.0,1.1797120418848168,0.0051919644848152,0.2465968586387434,0.0,0.0,0.0,0.4144014201708643,0.0421709872640231,1.4844992050874404,0.0,21.2367223093528,0.0784136405638359,0.037856265112776,-7.442687826962104,23001000000.0,104596000000.0,-27590000000.0,129216000000.0,25602500000.0,35837000000.0,10522500000.0,26.131785746545027,63.41076365902099,18.54569882004751,3.4440815056773992,1.4193173967113444,4.852877255976567,0.073042946192971,0.5915379580942781,2005-07-28,1.24,bmo,87326243902.0,2025-04-24,2005-06-30,-0.0080645161290322,57.835625,18545011.40625
2005-03-31,XOM,USD,34088,2005-05-05,2005-05-05 10:33:15,2005,Q1,82051000000.0,45570000000.0,36481000000.0,0.4446137159,0,0.0,0.0,3451000000.0,12738000000.0,16189000000.0,61759000000.0,0.0,0.0,2553000000.0,22845000000.0,0.2784243946,20292000000.0,0.2473096001,-7389000000.0,12903000000.0,0.1572558531,5043000000.0,7860000000.0,0.0957940793,1.23,1.22,6390243902,6442622951,https://www.sec.gov/Archives/edgar/data/34088/000003408805000084/0000034088-05-000084-index.htm,https://www.sec.gov/Archives/edgar/data/34088/000003408805000084/r10q050505.htm,12.840041985614963,1.2300000000845035,2.0293435115898024,1.6047900764461307,3.93803435141559,16.227549619435482,16.227549619435482,16.227549619435482,1.302610687112393,380858536559.2,364017536559.2,12.113821137379135,4.64172937025996,29.36910368285009,37.13881390143345,3.6727664618334006,3.6727664618334006,4.436478977211734,15.9342322853666,28.07044544719309,35.49659059572891,0.0206375838940352,0.0269260079940625,0.0802715577928214,0.0413610796414445,-0.7371853797329831,1.4362292438804782,0.0,1.6498727735368957,0.0047839284802712,0.2318066157760814,0.0,0.0,0.0,0.2092072794571252,0.0330648011602539,1.0626713670191932,0.0,21.191919114340045,0.0788314591403413,0.0390555124918013,-7.517905534867643,20833000000.0,103698000000.0,-28964000000.0,128248000000.0,25424000000.0,33626000000.0,9974500000.0,27.958342981804,70.09019091507571,20.662277814351548,3.219074895052768,1.2840598495308406,4.355763716306633,0.075797025979286,0.4245534351436716,2005-04-28,1.2,bmo,82930434782.0,2025-04-24,2005-03-31,-0.0416666666666667,56.540983606557376,19152240.01639344
2004-12-31,XOM,USD,34088,2005-02-28,2005-02-28 11:31:22,2004,Q4,83365000000.0,45254000000.0,38111000000.0,0.4571582799,0,0.0,0.0,3903000000.0,13293000000.0,17196000000.0,62450000000.0,0.0,0.0,2613000000.0,23528000000.0,0.2822287531,20915000000.0,0.2508846638,-7650000000.0,13265000000.0,0.1591195346,4845000000.0,8420000000.0,0.1010016194,1.32,1.31,6390243902,6442622951,https://www.sec.gov/Archives/edgar/data/34088/000119312505038144/0001193125-05-038144-index.htm,https://www.sec.gov/Archives/edgar/data/34088/000119312505038144/d10k.htm,13.045667939827563,1.317633587876784,1.926061068834615,1.3929045802483675,2.8998893131763284,16.542091604189913,15.315847329296508,15.923648856055824,1.297759542073892,327563902416.52,317325902416.52,9.725769074124702,3.9292737049903432,26.613901723799152,36.8007979346725,3.219111427498329,3.219111427498329,3.8064643725366754,13.487160082307035,25.782085019216765,35.65059009285698,0.0257049080740691,0.0271733238440961,0.0814988796729431,0.042472446429303,-0.435141108466508,1.404736976803704,0.0,1.4617577197149645,0.0054218428431765,0.2109263657957244,0.0,0.0,0.0401319293645265,0.2768118297042574,0.040868469981407,1.3038652889399158,0.0,21.72750625179141,0.0853451273768549,0.0449258350229431,-7.394749046309563,17396000000.0,97872000000.0,-29171000000.0,133871000000.0,24932500000.0,31935000000.0,9783000000.0,27.37731661968452,63.169443585097454,18.867503425111597,3.287393036002997,1.4247394767496773,4.770106461473596,0.08274696332403,0.5331564885862474,2005-01-31,1.07,bmo,66766353846.0,2025-04-24,2004-12-31,0.2149532710280373,49.98703125,12228525.140625
2004-09-30,XOM,USD,34088,2004-11-08,2004-11-08 10:52:46,2004,Q3,76375000000.0,43156000000.0,33219000000.0,0.4349459902,0,0.0,0.0,3372000000.0,12610000000.0,15982000000.0,59138000000.0,0.0,0.0,2431000000.0,19668000000.0,0.2575188216,17237000000.0,0.2256890344,-7703000000.0,9534000000.0,0.1248314239,3854000000.0,5680000000.0,0.0743698854,0.88,0.88,6454545455,6454545455,https://www.sec.gov/Archives/edgar/data/34088/000003408804000250/0000034088-04-000250-index.htm,https://www.sec.gov/Archives/edgar/data/34088/000003408804000250/r10q110804.htm,11.832746478039947,0.8799999999380281,1.4645492956715107,1.025014084434858,2.49560563362707,14.786788731353044,14.786788731353044,14.786788731353044,1.5661830984812548,311948181840.15,305949181840.15,13.730113637330543,4.084427912800654,32.99991344971437,47.150571620337054,3.2684581404428865,3.2684581404428865,4.005881267956137,15.55568343706274,32.3653000994552,46.24383038696342,0.0182081522850823,0.0212086506193846,0.1059177301397707,0.053933939060891,-0.3050132194427496,1.310894897612852,0.0,1.6642605633802816,0.0058663589228346,0.3221830985915493,0.0,0.0,0.0,0.3001163651750766,0.0371456628477905,1.1670094611271082,0.0,17.110769031816545,0.0693154875774305,0.030304162020562,-8.128225351540266,13740000000.0,95442000000.0,-34056000000.0,118633000000.0,23797500000.0,31145500000.0,10018500000.0,28.877774140752862,66.95778107331542,21.019325238669012,3.116583693789276,1.344130563428536,4.281773985514436,0.059512583558601,0.4395352112366524,2004-10-28,0.87,bmo,67836437500.0,2025-04-24,2004-09-30,0.1034482758620689,46.1671875,11393601.75
2004-06-30,XOM,USD,34088,2004-08-06,2004-08-06 10:15:19,2004,Q2,70693000000.0,38894000000.0,31799000000.0,0.4498182281,0,0.0,0.0,3332000000.0,12281000000.0,15613000000.0,54507000000.0,0.0,0.0,2350000000.0,18536000000.0,0.2622041786,16186000000.0,0.2289618491,-6706000000.0,9480000000.0,0.1341009718,3690000000.0,5790000000.0,0.0819034416,0.89,0.88,6505617978,6579545455,https://www.sec.gov/Archives/edgar/data/34088/000003408804000163/0000034088-04-000163-index.htm,https://www.sec.gov/Archives/edgar/data/34088/000003408804000163/r10q080604.htm,10.866454230645266,0.8899999999354404,1.3299274610434249,0.8792400690208496,2.1791934368022003,14.37757340137503,14.37757340137503,14.37757340137503,1.5110017270061105,288914494402.98,284567494402.98,12.474719102028496,4.086889711894813,33.39279870584605,50.50952699352797,3.0888383428981663,3.0888383428981663,4.025398475138698,15.352152266021797,32.890371521380025,49.749561958562936,0.0200405314103904,0.0197982451929936,0.1050943497086652,0.0543126930365933,-0.2345166163141994,1.3152152831652444,0.0,1.494300518134715,0.0061990659336803,0.3093264248704663,0.0,0.0,0.0,0.3388811835413777,0.0414751106898844,1.2476595744680852,0.0,16.967937627821783,0.0684196721127642,0.0319908944742498,-7.836496113421187,13002000000.0,93535000000.0,-33204000000.0,116856000000.0,23639000000.0,30270000000.0,10072000000.0,29.394848146209668,69.84522034246928,23.042628683087365,3.061761011737191,1.2885634773389876,3.905804378389235,0.0619019618324691,0.4506873920225753,2004-07-29,0.88,bmo,69220000000.0,2025-04-24,2004-06-30,0.0,43.421290322580646,11526897.467741936
2004-03-31,XOM,USD,34088,2004-05-07,2004-05-07 11:36:50,2004,Q1,67602000000.0,36243000000.0,31359000000.0,0.4638768084,0,0.0,0.0,3242000000.0,12537000000.0,15779000000.0,52022000000.0,0.0,0.0,2373000000.0,17953000000.0,0.265569066,15580000000.0,0.2304665542,-6618000000.0,8962000000.0,0.1325700423,3522000000.0,5440000000.0,0.080470992,0.83,0.83,6554216867,6554216867,https://www.sec.gov/Archives/edgar/data/34088/000003408804000092/0000034088-04-000092-index.htm,https://www.sec.gov/Archives/edgar/data/34088/000003408804000092/r10q050704.htm,10.31427573603356,0.8300000000595037,1.546790441287362,1.1180588236095668,2.4250036766444394,13.988093751002824,13.988093751002824,13.988093751002824,1.521005514814925,272589879498.53003,266664879498.53003,12.527108432836858,4.0322753690501765,26.887934454382524,37.1984005865898,2.9732428692807678,2.9732428692807678,3.94463003311337,14.85349966571214,26.30349965461926,36.389858010170585,0.0199567203669031,0.026882876258946,0.1087357249593699,0.0553212505965527,-0.3300284075084944,1.2507448456679775,0.0,1.8636029411764703,0.0062878343214838,0.3150735294117647,0.0,0.0,0.0,0.2771749852041822,0.0415668175497766,1.1841550779603878,0.0,16.162538501692904,0.0660966497143697,0.0301883441915184,-7.535949908628496,10520000000.0,91681000000.0,-36046000000.0,115304000000.0,24249000000.0,29400500000.0,9571500000.0,32.20333717937339,75.38117705487956,25.294263719890736,2.7947414113853406,1.1939320068520227,3.558118986844689,0.0593361765251251,0.4287316176777951,2004-04-29,0.75,bmo,59692771084.0,2025-04-24,2004-03-31,0.1066666666666666,41.41919354838709,11677698.838709677
2003-12-31,XOM,USD,34088,2004-03-15,2004-03-15 12:53:35,2003,Q4,65952000000.0,33857000000.0,32095000000.0,0.4866418001,0,0.0,0.0,3708000000.0,12607000000.0,16315000000.0,50172000000.0,0.0,0.0,2493000000.0,18273000000.0,0.2770651383,15780000000.0,0.2392649199,-6402000000.0,9378000000.0,0.1421943231,2728000000.0,6650000000.0,0.1008309073,1.01,1.01,6554216867,6554216867,https://www.sec.gov/Archives/edgar/data/34088/000119312504041877/0001193125-04-041877-index.htm,https://www.sec.gov/Archives/edgar/data/34088/000119312504041877/d10k.htm,10.0625294124861,1.0146139706609745,1.037347426544957,0.4951011029766708,1.621246323645641,14.23465257454991,71.18333272569146,13.71864889804233,1.456314338339699,268722891547.0,267641891547.0,10.10236434387218,4.0745222517436925,39.5238846222974,82.81136873559322,2.9886325034421395,2.9886325034421395,4.058131543349709,14.64685008192415,39.36489065259597,82.47824084653313,0.0247466822112432,0.0120756366579675,0.1061558138241672,0.0547688176361904,-0.0591583210200842,1.1973115198249362,0.0,1.022406015037594,0.00633366212384,0.2559398496240601,0.0,0.0,-2.141716108745797,0.5227239299897044,0.0538876758854924,1.425591656638588,0.0,17.696906189707196,0.0795395205907351,0.0121454088528159,-7.269327665962323,7574000000.0,466551000000.0,-35021000000.0,-260715000000.0,22278500000.0,28088000000.0,9357000000.0,33.17276200873363,75.61361018400922,23.80984729893375,2.713069233617179,1.190261908947091,3.779948643519035,0.073958738808875,0.5422463235682861,2004-01-29,0.58,bmo,54580965517.0,2025-04-24,2003-12-31,0.1724137931034484,37.52671875,11548819.453125
2003-09-30,XOM,USD,34088,2003-11-13,2003-11-13 16:57:10,2003,Q3,59841000000.0,32777000000.0,27064000000.0,0.4522651694,0,0.0,0.0,3246000000.0,11814000000.0,15060000000.0,47837000000.0,0.0,0.0,2203000000.0,14207000000.0,0.2374124764,12004000000.0,0.200598252,-6042000000.0,5962000000.0,0.099630688,2312000000.0,3650000000.0,0.06099497,0.55,0.55,6636363636,6636363636,https://www.sec.gov/Archives/edgar/data/34088/000003408803000141/0000034088-03-000141-index.htm,https://www.sec.gov/Archives/edgar/data/34088/000003408803000141/f10q3q2003masterv61.htm,9.01713698679546,0.5500000000301369,0.8595068493621647,0.3964520548162439,1.6597945206388929,12.621972603431342,12.621972603431342,12.621972603431342,1.449438356243805,242890909077.6,241494909077.6,16.636363635452057,4.0589380036697245,42.58255769242637,92.3188555977195,2.8997052322907213,2.8997052322907213,4.035609516512091,16.998304292081368,42.33781715946704,91.78825886643862,0.0150273224051949,0.010832023355635,0.1148345351224869,0.0576032864833789,-0.0982614204265503,1.111720711161719,0.0,1.5627397260273972,0.0070978366648099,0.4723287671232877,0.0,0.0,0.0,0.5387447405329593,0.0513527514580304,1.3949160236041762,0.0,12.497876258629766,0.0555268368220997,0.0218579889452472,-7.857239726457931,4317000000.0,83764000000.0,-40265000000.0,105509000000.0,19859500000.0,27130500000.0,9896000000.0,30.45269965408332,76.14455258260365,26.791042499313544,2.955403002765705,1.181962424723234,3.359331761812032,0.0435748054056635,0.4630547945459208,2003-10-30,0.62,bmo,66238545454.0,2025-04-24,2003-09-30,-0.1129032258064515,36.54328125,10912816.984375
2003-06-30,XOM,USD,34088,2003-08-13,2003-08-13 11:18:39,2003,Q2,57165000000.0,29729000000.0,27436000000.0,0.4799440217,0,0.0,0.0,3340000000.0,11282000000.0,14622000000.0,44351000000.0,0.0,0.0,2169000000.0,14983000000.0,0.2621009359,12814000000.0,0.2241581387,-6066000000.0,6748000000.0,0.1180442579,2578000000.0,4170000000.0,0.0729467331,0.63,0.62,6619047619,6725806452,https://www.sec.gov/Archives/edgar/data/34088/000003408803000105/0000034088-03-000105-index.htm,https://www.sec.gov/Archives/edgar/data/34088/000003408803000105/r10q081303.txt,8.636438848982996,0.6300000000045324,1.110280575547556,0.6126258992849829,1.891661870517206,12.476266187140116,12.476266187140116,12.476266187140116,1.531640287780803,237689999998.29,235306999998.29,14.24999999989748,4.157963789001837,32.343175942072385,58.61652281092231,2.878264976184473,2.878264976184473,4.116277442461121,15.704932256443302,32.01891413774527,58.0288532671492,0.017543859649249,0.0170600361817037,0.1227643162470786,0.0614040932024251,-0.1590469198424881,1.202412137087972,0.0,1.7623501199040768,0.0080651268459497,0.4597122302158273,0.0,0.0,0.0,0.4482242481970336,0.0576226712149042,1.5186721991701244,0.0,13.298536506096582,0.0596357238306657,0.0252569608062845,-7.611404676313751,7418000000.0,82581000000.0,-38456000000.0,106918000000.0,20808500000.0,27061000000.0,9448500000.0,30.654946208344267,80.31551683541323,30.37942749503852,2.935904678753017,1.120580474934037,2.9625311410064774,0.0504958767755294,0.497654676262573,2003-07-31,0.56,bmo,51040178571.0,2025-04-24,2003-06-30,0.107142857142857,35.96904761904762,11479438.507936507
2003-03-31,XOM,USD,34088,2003-05-14,2003-05-14 14:13:34,2003,Q1,63780000000.0,33565000000.0,30215000000.0,0.4737378489,0,0.0,0.0,3102000000.0,10989000000.0,14091000000.0,47656000000.0,0.0,0.0,2182000000.0,18306000000.0,0.2870178739,16124000000.0,0.2528065224,-6246000000.0,9878000000.0,0.1548761367,3388000000.0,7040000000.0,0.1103794293,1.05,1.05,6704761905,6704761905,https://www.sec.gov/Archives/edgar/data/34088/000003408803000063/0000034088-03-000063-index.htm,https://www.sec.gov/Archives/edgar/data/34088/000003408803000063/r10q051403.txt,9.512642045116738,1.049999999962713,1.289531249954207,0.8513352272424952,1.838693181752887,11.869921874578482,11.869921874578482,11.869921874578482,1.5900639203980802,234331428579.75003,232664428579.75003,8.321428571724079,3.674058146436971,27.102871683986816,41.05315847577961,2.944417020540932,2.944417020540932,3.6479214264620574,12.709736074497432,26.910065762173264,40.76111222490365,0.0300429184538687,0.0243586617236765,0.1339574040334233,0.0656081725591556,-0.0910630394406205,1.2077446085201318,0.0,1.228125,0.0068364709322582,0.2275568181818182,0.0,0.0,0.0,0.3398103169095535,0.0460645970523675,1.3464711274060497,0.0,16.745951877303312,0.0821123076881911,0.0433244099818455,-7.389002130419424,7822000000.0,79585000000.0,-37436000000.0,104417000000.0,21654500000.0,20692000000.0,8465000000.0,31.25023518344309,73.98420974229109,23.762252346193957,2.8799783256570035,1.2164757900840824,3.787519747235387,0.0884588804422944,0.4381960227117117,2003-05-01,0.7,bmo,62868857142.0,2025-04-24,2003-03-31,0.0142857142857143,34.44131147540984,12466111.590163937
2002-12-31,XOM,USD,34088,2003-03-26,2003-03-26 11:14:25,2002,Q4,55884000000.0,30242000000.0,25642000000.0,0.4588433183,0,0.0,0.0,3178000000.0,10826000000.0,14004000000.0,44246000000.0,0.0,0.0,2075000000.0,13713000000.0,0.245383294,11638000000.0,0.2082528094,-6282000000.0,5356000000.0,0.0958413857,1715000000.0,4090000000.0,0.0731873166,0.61,0.61,6704761905,6704761905,https://www.sec.gov/Archives/edgar/data/34088/000093066103001208/0000930661-03-001208-index.htm,https://www.sec.gov/Archives/edgar/data/34088/000093066103001208/d10k.htm,8.334971590613105,0.6100142045237921,0.7575213067912812,0.2668252840814337,1.0781889204162576,11.538813920044786,27.17799715812578,11.125973010968538,1.6030397726703467,234264380960.7,237783380960.7,14.31933868952934,4.1919758957966495,46.12411517241583,130.94711065438793,3.140399492750378,3.140399492750378,4.254945618794288,17.33999715311748,46.816968096219725,132.91413133633313,0.0174589068266683,0.0076366709811515,0.1440808611606364,0.0704122009381305,0.2566178079194924,1.1542125094197435,0.0,1.2418092909535452,0.0066676803088645,0.3819070904645477,0.0,0.0,-0.6869382353711905,0.647765308131522,0.0588719490372915,1.5855421686746989,0.0,12.357489043344565,0.064028530442742,0.0158834334623943,-7.1805308946313735,5116000000.0,182222000000.0,-36988000000.0,-4801000000.0,19931000000.0,19093000000.0,8412000000.0,34.08256388232768,41.0449044375372,24.010316777990877,2.64064641118934,2.1927204176334105,3.748388696083292,0.0548279421424454,0.4906960227098474,2003-01-30,0.5,bmo,49177919999.0,2025-04-24,2002-12-31,0.1200000000000001,34.688125,12363258.328125
2002-09-30,XOM,USD,34088,2002-11-12,2002-11-12 14:12:07,2002,Q3,54098000000.0,30182000000.0,23916000000.0,0.4420865836,0,0.0,0.0,2730000000.0,10663000000.0,13393000000.0,43575000000.0,0.0,0.0,2195000000.0,12718000000.0,0.2350918703,10523000000.0,0.1945173574,-6039000000.0,4484000000.0,0.0828866132,1855000000.0,2640000000.0,0.0488003253,0.39,0.39,6769230769,6769230769,https://www.sec.gov/Archives/edgar/data/34088/000003408802000043/0000034088-02-000043-index.htm,https://www.sec.gov/Archives/edgar/data/34088/000003408802000043/r10q3q02s.txt,7.991750000272446,0.3900000000132954,1.1004204545829688,0.6743750000229901,1.024784090944027,11.03375000037615,11.03375000037615,11.03375000037615,1.6077159091457176,215938461531.1,219884461531.1,20.448717948020832,3.991616354229361,28.988919523573635,47.303058385783125,2.891129488969072,2.891129488969072,4.064558052628563,17.289232704128004,29.518655058544766,48.16746145259583,0.0122257053295703,0.0211402821323821,0.1457089302450127,0.0728091360981582,0.3102689102060072,1.105387337790012,0.0,2.8215909090909093,0.0075299230552581,0.615909090909091,0.0,0.0,0.0,0.3871660625587327,0.0533106584346926,1.3138952164009112,0.0,9.839774197439768,0.051334230666281,0.0176620526784101,-7.3041903411580975,3484000000.0,74690000000.0,-38240000000.0,96943000000.0,19141500000.0,24267000000.0,8711000000.0,31.10854375392806,72.74070638128686,26.10960174938705,2.893095887480614,1.23727146019513,3.447007766103244,0.0353460972017673,0.4260454545599788,2002-10-31,0.43,bmo,51985045454.0,2025-04-24,2002-09-30,0.0232558139534883,35.18703125,14273648.890625
2002-06-30,XOM,USD,34088,2002-08-13,2002-08-13 15:40:55,2002,Q2,50804000000.0,27060000000.0,23744000000.0,0.4673647744,0,0.0,0.0,3310000000.0,10394000000.0,13704000000.0,40764000000.0,0.0,0.0,2020000000.0,12060000000.0,0.2373828832,10040000000.0,0.1976222345,-5759000000.0,4281000000.0,0.0842650185,1652000000.0,2640000000.0,0.0519644123,0.4,0.39,6600000000,6769230769,https://www.sec.gov/Archives/edgar/data/34088/000003408802000031/0000034088-02-000031-index.htm,https://www.sec.gov/Archives/edgar/data/34088/000003408802000031/r10q2q02s.txt,7.697575757575757,0.4,0.6236363636363637,0.1937878787878788,0.8636363636363636,11.381515151515153,11.381515151515153,11.381515151515153,1.7134848484848484,268290000000.0,273899000000.0,25.40625,5.280883395008267,65.18221574344022,209.76544175136823,3.5715807130115285,3.5715807130115285,5.391288087552161,22.711359867330017,66.54494655004859,214.15089913995308,0.009840098400984,0.0047672294904767,0.1505498016454112,0.076292568406282,0.4650912106135986,1.1566801101081876,0.0,1.559090909090909,0.0058779678705877,0.5973484848484848,0.0,0.0,0.0,0.6892614188532555,0.0558420596803401,1.4044554455445544,0.0,10.12095036859861,0.0510858456636727,0.0178099195855146,-7.332272727272727,4895000000.0,75118000000.0,-36977000000.0,98085000000.0,19112000000.0,23649500000.0,8493500000.0,34.69333123376112,80.28824833702882,28.82261640798226,2.5941584967320264,1.1209610604805302,3.1225478882991,0.03514470566309,0.4298484848484848,2002-08-01,0.46,bmo,58941333333.0,2025-04-24,2002-06-30,-0.1521739130434782,40.57390625,10786064.671875
2002-03-31,XOM,USD,34088,2002-05-14,2002-05-14 11:21:39,2002,Q1,43393000000.0,22008000000.0,21385000000.0,0.4928214228,0,0.0,0.0,3137000000.0,9943000000.0,13080000000.0,35088000000.0,0.0,0.0,2020000000.0,10325000000.0,0.2379416035,8305000000.0,0.1913903164,-4977000000.0,3328000000.0,0.0766943977,1265000000.0,2090000000.0,0.0481644505,0.3,0.3,6966666667,6966666667,https://www.sec.gov/Archives/edgar/data/34088/000003408802000010/0000034088-02-000010-index.htm,https://www.sec.gov/Archives/edgar/data/34088/000003408802000010/first2002.txt,6.228660286783318,0.2999999999856459,0.6637320573845105,0.3155023923294018,0.950526315743994,10.387607655005375,10.387607655005375,10.387607655005375,1.5090430621287538,305349000014.61,309240000014.61,36.52500000174761,7.036826216546678,66.03568339416306,138.9212920903594,4.219450854873216,4.219450854873216,7.126495057143087,29.950605328291523,66.87716263291739,140.6915377682484,0.0068446269675027,0.0071983206098426,0.1452733980958171,0.0740159254278814,0.3768523002421307,1.1748624826032208,0.0,2.21244019138756,0.0053086795762306,0.775598086124402,0.0,0.0,0.0,0.5246539792387543,0.0559076348719839,1.200990099009901,0.0,8.373550720448968,0.0446683119249323,0.0147144758055999,-6.446052631270524,5277000000.0,72367000000.0,-34215000000.0,94530000000.0,19094500000.0,23010500000.0,8112500000.0,38.66061346300095,94.70692475463468,34.028080697928026,2.327950643776824,0.9503000993134418,2.644874414132917,0.0288805671093177,0.3482296650551086,2002-04-23,0.4,bmo,54957419354.0,2025-04-24,2002-03-31,-0.225,40.51683333333334,10366757.066666666
2001-12-31,XOM,USD,34088,2002-03-27,2002-03-27 00:00:00,2001,Q4,47891000000.0,23223000000.0,24668000000.0,0.5150863419,0,0.0,0.0,3429000000.0,10847000000.0,14276000000.0,37499000000.0,0.0,0.0,2140000000.0,12532000000.0,0.2616775595,10392000000.0,0.2169927544,-6605000000.0,3787000000.0,0.0790754004,1107000000.0,2680000000.0,0.0559604101,0.38,0.38,6871124976,6966666667,https://www.sec.gov/Archives/edgar/data/34088/000093066102000889/0000930661-02-000889-index.htm,https://www.sec.gov/Archives/edgar/data/34088/000093066102000889/d10k.txt,6.969892145358644,0.3900380227926158,0.4933689915175253,0.038421655976586,0.9528279609042,11.058742238776013,11.058742238776013,10.647601412511406,1.572086090375312,270035211556.8,274290211556.8,25.18985182432836,5.638537753582092,79.65640458902654,1022.8606498363636,3.6909721239020783,3.6909721239020783,5.727385344987575,21.88718572907756,80.91156683091445,1038.9780740787878,0.0099246316232217,0.0009776502793024,0.1476469703803939,0.0754466593096511,0.3395308011490584,1.1848641827721325,0.0,1.2649253731343284,0.0059510757531781,0.5996268656716418,0.0,0.0,0.0,0.9221238938053096,0.0652732246142281,1.4607476635514018,0.0,9.666530481741926,0.0629844559229743,0.0187184824060234,-6.116502049780211,5567000000.0,75986000000.0,-31507000000.0,95169000000.0,20030500000.0,23747000000.0,8259500000.0,36.73780042179115,88.60095594884382,30.63170133057744,2.449792828277661,1.01579039454116,2.938132591093117,0.0366315386613086,0.4549473355409392,2002-01-23,0.39,bmo,44207076923.0,2025-04-24,2001-12-31,0.0769230769230768,39.23359375,11032947.578125
2001-09-30,XOM,USD,34088,2001-11-13,2001-11-13 00:00:00,2001,Q3,56448000000.0,27638000000.0,28810000000.0,0.5103812358,0,0.0,0.0,3196000000.0,10377000000.0,13573000000.0,41211000000.0,0.0,0.0,1957000000.0,17194000000.0,0.3045989229,15237000000.0,0.2699298469,-9997000000.0,5240000000.0,0.0928287982,2060000000.0,3180000000.0,0.056335034,0.46,0.46,6913043478,6913043478,https://www.sec.gov/Archives/edgar/data/34088/000003408801500024/0000034088-01-500024-index.htm,https://www.sec.gov/Archives/edgar/data/34088/000003408801500024/thirdq01s.txt,8.16543396257228,0.4600000000173584,0.7601572327330877,0.3995345912100453,1.305647798791408,10.67908805071745,10.67908805071745,10.67908805071745,1.610433962324922,270230869555.02,272337869555.02,21.244565216589624,4.787253216323342,51.423571751668895,97.83883763758872,3.6604249177788017,3.6604249177788017,4.824579605212231,15.839122342388045,51.82452322645481,98.6016906426575,0.0117677155287121,0.0102208900283971,0.1508025736539112,0.075271797922977,0.1225427474700476,1.1667004194994937,0.0,1.6525157232704402,0.0063279225012886,0.5377358490566038,0.0,0.0,0.0,0.4744053282588011,0.0441645408163265,1.2738886050076648,0.0,10.513256456926012,0.0788767715247484,0.0215004327131112,-6.561726415341952,5762000000.0,73825000000.0,-33752000000.0,95295000000.0,20960500000.0,24969500000.0,8505000000.0,32.704081632653065,80.21130327809537,28.053766553296185,2.7519500780031203,1.1220363754465736,3.208125362739408,0.0430748391466305,0.3606226415230423,2001-10-23,0.51,bmo,54327750000.0,2025-04-24,2001-09-30,-0.0588235294117647,41.06830508474577,10353370.288135594
2001-06-30,XOM,USD,34088,2001-08-13,2001-08-13 00:00:00,2001,Q2,56184000000.0,30623000000.0,25561000000.0,0.4549515876,0,0.0,0.0,3215000000.0,9928000000.0,13143000000.0,43766000000.0,0.0,0.0,1871000000.0,14289000000.0,0.2543250748,12418000000.0,0.221023779,-5546000000.0,6872000000.0,0.1223124021,2587000000.0,4460000000.0,0.0793820305,0.66,0.65,6757575758,6861538462,https://www.sec.gov/Archives/edgar/data/34088/000003408801500015/0000034088-01-500015-index.htm,https://www.sec.gov/Archives/edgar/data/34088/000003408801500015/sec10qs.txt,8.314224214724668,0.6599999999585651,0.8161210761819475,0.4695470851723154,1.37593721964456,10.7988430486494,10.7988430486494,10.7988430486494,1.654291479716771,295170909109.44,297051909109.44,16.54545454649327,5.253647107885519,53.52147037342521,93.0258144057485,4.044877752479513,4.044877752479513,5.287126390243485,20.78885220165441,53.86254018303536,93.618628777006,0.0151098901089415,0.010749704330868,0.1531915476745142,0.0757077068942164,0.1316397228637413,1.1602740495310833,0.0,1.2365470852017937,0.005237643522068,0.3466367713004484,0.0,0.0,0.0,0.4246600181323662,0.0416844653282073,1.2517370390165687,0.0,12.6634442101024,0.0667883967815569,0.0302045239062711,-6.67898542558966,5708000000.0,72974000000.0,-33364000000.0,94064000000.0,21263000000.0,25235500000.0,8388500000.0,34.29463904314396,74.37644907422525,24.67263168206903,2.624316876080153,1.2100604575809064,3.647766527695056,0.0611176583440677,0.3465739910096321,2001-07-24,0.65,bmo,55961953125.0,2025-04-24,2001-06-30,-0.0153846153846153,43.625079365079365,12256537.396825396
2001-03-31,XOM,USD,34088,2001-05-14,2001-05-14 00:00:00,2001,Q1,57300000000.0,30147000000.0,27153000000.0,0.4738743455,0,0.0,0.0,3060000000.0,10169000000.0,13229000000.0,43376000000.0,0.0,0.0,1976000000.0,15900000000.0,0.277486911,13924000000.0,0.2430017452,-5704000000.0,8220000000.0,0.1434554974,3260000000.0,5000000000.0,0.0872600349,0.73,0.72,6896551724,6993006993,https://www.sec.gov/Archives/edgar/data/34088/000003408801500008/0000034088-01-500008-index.htm,https://www.sec.gov/Archives/edgar/data/34088/000003408801500008/firstqs.txt,8.30850000016617,0.7250000000145,1.265705000025314,0.9716450000194328,1.5813700000316273,10.423905000208478,10.423905000208478,10.423905000208478,1.860350000037207,279310344822.0,281234344822.0,13.9655172411,4.874526087643979,31.99797741115821,41.68188998985226,3.8853001825314015,3.8853001825314015,4.908103749075043,17.68769464289308,32.218392120746934,41.96901131502761,0.0179012345682592,0.023991234568381,0.1784695850547371,0.0862312314330649,0.1210062893081761,1.1382725301785284,0.0,1.7458,0.0056746913581381,0.317,0.0,0.0,0.0,0.2323290182151449,0.035392670157068,1.0263157894736843,0.0,13.039936745218576,0.0718197177732042,0.0336053123277727,-6.6645262501332905,5166000000.0,71889000000.0,-34370000000.0,93172000000.0,22056500000.0,25959500000.0,8343000000.0,33.168062827225135,75.12389292466912,25.02338541148373,2.7134536155703937,1.1980209823557464,3.59663564781675,0.0695516699355951,0.2940600000058812,2001-04-23,0.67,bmo,101543027027.0,2025-04-24,2001-03-31,-0.4477611940298507,41.24483870967742,12781997.322580645
2000-12-31,XOM,USD,34088,2001-03-28,2001-03-28 00:00:00,2000,Q4,83311000000.0,35390000000.0,47921000000.0,0.5752061552,0,0.0,0.0,2979000000.0,10635000000.0,13614000000.0,49004000000.0,0.0,0.0,2162000000.0,36469000000.0,0.4377453157,34307000000.0,0.4117943609,-25895000000.0,8412000000.0,0.1009710602,3507000000.0,5220000000.0,0.062656792,0.76,0.75,6896551724,6993006993,https://www.sec.gov/Archives/edgar/data/34088/000093066101000781/0000930661-01-000781-index.htm,https://www.sec.gov/Archives/edgar/data/34088/000093066101000781/0000930661-01-000781-0001.txt,12.080095000241602,0.756900000015138,0.8808750000176175,0.5024250000100485,1.026745000020535,10.728115000214562,10.728115000214562,10.259765000205196,1.948945000038979,299793103442.28,306154103442.28,14.357907252982756,3.598481634385375,49.34865900284444,86.52037617381818,4.236939150080981,4.236939150080981,3.674834096845314,8.394913582557239,50.39573719214485,88.35616260960461,0.0174120082819217,0.0115579710147239,0.1899600039572056,0.0902080536912751,0.1744221119306808,1.0578146683773664,0.0,0.9155990957045969,0.0053370140327729,0.3065134099616858,0.0,0.0,0.0,0.4296296296296296,0.0313283960101307,1.2072155411655874,0.0,13.21840999887048,0.1710204324675956,0.0350335570469798,-6.747285000134946,2208000000.0,73987000000.0,-34614000000.0,92037000000.0,22298500000.0,27200500000.0,8422000000.0,24.842337746516066,68.040406894603,21.117829895450697,3.622847451730736,1.3227434124462718,4.261801541425819,0.0737736195712085,0.378450000007569,2001-01-24,0.62,bmo,68530016129.0,2025-04-24,2000-12-31,0.1774193548387096,44.530317460317455,11791045.26984127
2000-09-30,XOM,USD,34088,2000-11-13,2000-11-13 00:00:00,2000,Q3,52178000000.0,32211000000.0,19967000000.0,0.3826708574,0,0.0,0.0,3358000000.0,10430000000.0,13788000000.0,45999000000.0,0.0,0.0,1901000000.0,8080000000.0,0.1548545364,6179000000.0,0.118421557,518000000.0,6697000000.0,0.1283491127,2637000000.0,4490000000.0,0.0860515926,0.65,0.64,6961240310,7015625000,https://www.sec.gov/Archives/edgar/data/34088/000003408800000013/0000034088-00-000013-index.htm,https://www.sec.gov/Archives/edgar/data/34088/000003408800000013/0000034088-00-000013-0001.txt,7.495503340840707,0.6450000000071826,0.7768730512335955,0.4845400890922554,0.9547149220596294,9.784319599218088,9.784319599218088,9.784319599218088,2.045756124744385,310192868213.60004,317789868213.60004,17.271317829265033,5.944897623780138,57.35814870813609,91.96349487506671,4.554225722917003,4.554225722917003,6.09049538528882,39.33042923435644,58.76291941819528,94.21579253293804,0.0144748653502509,0.010873879916792,0.2090851697963618,0.0960594123519412,0.9402227722772276,0.991803896920176,0.0,1.3320197044334976,0.0052225572087765,0.3608017817371937,0.0,0.0,0.0,0.3762943786982248,0.0390011115795929,1.070489216201999,0.0,11.916162896890665,0.0325198962655502,0.030286269325203,-7.617069320797517,-326000000.0,68111000000.0,-40692000000.0,89741000000.0,20943000000.0,27431500000.0,8519500000.0,37.25880639349917,77.24504051411009,23.861413802738195,2.4155363177630664,1.1651233451493888,3.7717798594847776,0.0659218041138729,0.29233296214134,2000-10-24,0.45,bmo,42415819672.0,2025-04-24,2000-09-30,0.3555555555555555,41.1068253968254,10550784.126984129
2000-06-30,XOM,USD,34088,2000-08-14,2000-08-14 00:00:00,2000,Q2,49479000000.0,30962000000.0,18517000000.0,0.3742395764,0,0.0,0.0,2830000000.0,9563000000.0,12393000000.0,43355000000.0,0.0,0.0,1939000000.0,8063000000.0,0.1629580226,6124000000.0,0.1237696801,582000000.0,6706000000.0,0.135532246,2706000000.0,4530000000.0,0.0915539926,0.65,0.64,6969230769,7078125000,https://www.sec.gov/Archives/edgar/data/34088/000003408800000009/0000034088-00-000009-index.htm,https://www.sec.gov/Archives/edgar/data/34088/000003408800000009/0000034088-00-000009-0001.txt,7.099635761824492,0.6500000000215231,0.85576158943231,0.5641942605043332,0.8412693157011458,9.604503311576307,9.604503311576307,9.604503311576307,2.098653421703046,273542307683.25,282355307683.25,15.096153845653976,5.5284526300703325,45.86557808236922,69.56823694894456,4.08662465165606,4.08662465165606,5.706568598460963,35.018641657354586,47.34327761288565,71.80958994996185,0.0165605095546884,0.0143743760638046,0.218507230787618,0.0997558280702233,1.0930174872876102,0.9600694444444444,0.0,1.491,0.0057029569327404,0.3443708609271523,0.0,0.0,0.0,0.340710932260228,0.0410679278077568,1.0479628674574524,0.0,11.851829434161406,0.0318628106002607,0.0308966156952079,-7.799390176858699,-1541000000.0,66936000000.0,-42631000000.0,89762000000.0,19684000000.0,26424000000.0,8341500000.0,36.897471654641365,79.11407531813191,24.70479943156127,2.439191520828198,1.1375978248888563,3.6430168255088833,0.0676765865901757,0.2915673289279768,2000-07-25,0.53,bmo,49349288135.0,2025-04-24,2000-06-30,0.1132075471698112,40.45428571428571,10006625.873015871
2000-03-31,XOM,USD,34088,2000-05-12,2000-05-12 00:00:00,2000,Q1,47780000000.0,29459000000.0,18321000000.0,0.383444956,0,0.0,0.0,2877000000.0,10210000000.0,13087000000.0,42546000000.0,0.0,0.0,2128000000.0,7362000000.0,0.1540812055,5234000000.0,0.1095437422,32000000.0,5266000000.0,0.1102134784,2241000000.0,3480000000.0,0.0728338217,0.5,0.5,6960000000,7030303030,https://www.sec.gov/Archives/edgar/data/34088/000003408800000004/0000034088-00-000004-index.html,https://www.sec.gov/Archives/edgar/data/34088/000003408800000004/,6.864942528735632,0.5,0.7887931034482759,0.5346264367816091,0.4288793103448275,9.282327586206897,9.282327586206897,9.282327586206897,2.209626436781609,271231200000.0,283682200000.0,19.485,5.676668061950607,49.40459016393442,72.89201827465735,4.198300441142326,4.198300441142326,5.937258267057346,38.5333061668025,51.67253187613843,76.23816178446654,0.0128303823453938,0.0137189231917272,0.2380465908211438,0.1073667602172607,1.691252377071448,0.8699390129228124,0.0,1.8148760330578515,0.0058769050168269,0.4580459770114942,0.0,0.0,0.0,0.3222222222222222,0.0370238593553788,0.831296992481203,0.0,10.218913119545912,0.026516425395502,0.0242952289197,-8.22467672413793,-4841000000.0,64605000000.0,-46253000000.0,87712000000.0,19119000000.0,19577500000.0,8338000000.0,35.94537463373796,78.30510200617807,25.00288536610204,2.503799192999004,1.149350396004838,3.5995845552297165,0.0538657998606919,0.2541666666666666,2000-04-25,0.44,bmo,48833583333.0,2025-04-24,2000-03-31,0.0909090909090908,39.553333333333335,11927061.26984127
1999-12-31,XOM,USD,34088,2000-03-23,2000-03-23 00:00:00,1999,Q4,83591000000.0,49027000000.0,34564000000.0,0.4134894905,0,0.0,0.0,6759000000.0,21889000000.0,28648000000.0,77675000000.0,0.0,0.0,4110000000.0,10026000000.0,0.119941142,5916000000.0,0.0707731694,331000000.0,6247000000.0,0.0747329258,2062000000.0,4185000000.0,0.0500651984,0.6,0.6,6960000000,7030303030,https://www.sec.gov/Archives/edgar/data/34088/000093066100000656/0000930661-00-000656-index.html,https://www.sec.gov/Archives/edgar/data/34088/000093066100000656/,12.010201149425288,0.6012931034482759,1.02816091954023,0.2991379310344828,0.2530172413793103,9.648563218390803,9.648563218390803,9.11867816091954,2.725862068965517,280348800000.0,297632800000.0,16.747240143369176,3.353815602158127,39.17674678591392,134.65360230547552,4.417306904484291,4.417306904484291,3.560584273426565,29.686096150009973,41.592062604807154,142.9552353506244,0.0149278327569085,0.0074264630346197,0.2989317114675574,0.1312750396136201,1.7239178136844204,0.8039914284976635,0.0,1.7099163679808842,0.0108436347863803,0.7264038231780168,0.0,0.0,0.0,0.7090553381777529,0.0607003146271727,1.234549878345499,0.0,11.107090597511116,0.0340608807547583,0.0289577293265338,-8.188757183908047,-7592000000.0,67154000000.0,-46226000000.0,86451000000.0,14966500000.0,14467000000.0,6693500000.0,20.62363173068871,24.82632019091521,15.588961184653355,4.363925867919603,3.625184856551316,5.773316062176166,0.0659408187060788,0.7290229885057471,2000-01-25,0.38,bmo,81391236842.0,2025-04-24,1999-12-31,0.0263157894736842,38.88578125,9006165.84375
1999-09-30,XOM,USD,34088,1999-11-12,1999-11-12 00:00:00,1999,Q3,43595000000.0,26451000000.0,17144000000.0,0.3932561074,0,0.0,0.0,2770000000.0,10673000000.0,13443000000.0,39894000000.0,0.0,0.0,1991000000.0,5692000000.0,0.1305654318,3701000000.0,0.0848950568,-209000000.0,3492000000.0,0.080100929,1304000000.0,2188000000.0,0.0501892419,0.31,0.31,4856000000,4912000000,https://www.sec.gov/Archives/edgar/data/34088/000003408899000012/0000034088-99-000012-index.html,https://www.sec.gov/Archives/edgar/data/34088/000003408899000012/,8.977553542009884,0.4505766062602965,0.5801070840197694,0.2314662273476112,0.2450576606260296,9.02677100494234,9.02677100494234,9.02677100494234,1.903830313014827,184528000000.0,192622000000.0,21.084095063985373,4.232778988416103,65.5051473198438,164.17081850533808,4.20970023269608,4.20970023269608,4.418442481936002,33.84082923401265,68.37841675541355,171.37188612099644,0.011857279112113,0.0060912165091476,0.2109093397819044,0.0979405470686696,1.421995783555868,0.8363686917836786,0.0,1.878,0.0054896817827104,0.4629798903107861,0.0,0.0,0.0,0.6009939652112176,0.0388347287532973,1.2835481425322213,0.0,9.566251434608793,0.0298699578925112,0.0231794393711464,-7.998146622734761,-3531000000.0,43834000000.0,-32512000000.0,62468000000.0,9942500000.0,14572000000.0,4841000000.0,22.250716825324005,52.43280027220143,16.655324940455937,4.044813508999814,1.7164828033744322,5.40367722165475,0.0499155906374047,0.3486408566721581,1999-10-25,0.3,bmo,46853225806.0,2025-04-24,1999-09-30,0.0333333333333333,39.5765625,7406628.53125
1999-06-30,XOM,USD,34088,1999-08-13,1999-08-13 00:00:00,1999,Q2,38055000000.0,21667000000.0,16388000000.0,0.4306398634,0,0.0,0.0,3338000000.0,10211000000.0,13549000000.0,35216000000.0,0.0,0.0,1989000000.0,4828000000.0,0.1268690054,2839000000.0,0.0746025489,-155000000.0,2684000000.0,0.0705294968,730000000.0,1954000000.0,0.051346735,0.25,0.25,4856000000,4914000000,https://www.sec.gov/Archives/edgar/data/34088/000003408899000005/0000034088-99-000005-index.html,https://www.sec.gov/Archives/edgar/data/34088/000003408899000005/,7.83669686985173,0.4023887973640856,0.471169686985173,0.0086490939044481,0.2734761120263591,8.819810543657331,8.819810543657331,8.819810543657331,1.9083607907743,187247360000.0,195186360000.0,23.956929375639717,4.920440415188543,81.83888111888112,4458.270476190476,4.371975997571739,4.371975997571739,5.129059519117067,40.42799502899752,85.30872377622377,4647.294285714286,0.0104353941225125,0.0002243022278124,0.2163720843353802,0.1015728612922672,1.6443661971830985,0.8335362760020294,0.0,1.898755186721992,0.0054419992890687,0.5214943705220061,0.0,0.0,0.0,0.9816433566433568,0.0590198397056891,1.6674090571640685,0.0,8.936013739186533,0.0270901470867306,0.0214172192689209,-7.795356260296541,-3281000000.0,42829000000.0,-31977000000.0,61721000000.0,9134000000.0,13702000000.0,4867000000.0,21.53803705163579,57.04804541468593,19.88415562837495,4.178653782804436,1.577617591379059,4.5262168372676,0.0456232926288262,0.4625205930807248,1999-07-21,0.27,bmo,45854640000.0,2025-04-24,1999-06-30,-0.0740740740740741,39.56444444444444,8468511.650793651
1999-03-31,XOM,USD,34088,1999-05-13,1999-05-13 00:00:00,1999,Q1,33804000000.0,18294000000.0,15510000000.0,0.4588214412,0,0.0,0.0,3244000000.0,10391000000.0,13635000000.0,31929000000.0,0.0,0.0,2171000000.0,4046000000.0,0.1196899775,1875000000.0,0.0554668087,-198000000.0,1677000000.0,0.0496095137,193000000.0,1484000000.0,0.0439001302,0.21,0.21,4856000000,4910000000,https://www.sec.gov/Archives/edgar/data/34088/000003408899000004/0000034088-99-000004-index.html,https://www.sec.gov/Archives/edgar/data/34088/,6.961285008237232,0.3056013179571664,0.5667215815485996,0.1886326194398682,0.2852141680395387,8.855436573311367,8.855436573311367,8.855436573311367,1.729818780889621,171319680000.0,178334680000.0,28.8611320754717,5.068029818956337,62.25279069767442,187.03021834061136,3.983993302637087,3.983993302637087,5.275549639095965,44.076786950074144,64.80184593023256,194.6885152838428,0.0086621688763369,0.0053467295759599,0.1953397516394586,0.0925813668977527,1.7338111715274345,0.8853857566765578,0.0,2.6980392156862747,0.0059479448012043,0.6866576819407008,0.0,0.0,0.0,0.6671511627906976,0.0543130990415335,1.2015706806282722,0.0,7.803220135144596,0.0219194261274454,0.0163560414852696,-7.619388385502472,-2163000000.0,43002000000.0,-31020000000.0,62252000000.0,9336500000.0,12292500000.0,5276000000.0,24.390308839190627,67.25155788783208,24.337487700885536,3.689990175745006,1.3382589612289686,3.697998787143724,0.0345100227896376,0.3780889621087314,1999-04-21,0.23,bmo,36399416666.0,2025-04-24,1999-03-31,0.0434782608695651,35.43,8518508.983606558
1998-12-31,XOM,USD,34088,1999-03-30,1999-03-30 00:00:00,1998,Q4,24102000000.0,13561000000.0,10541000000.0,0.4373495975,0,0.0,0.0,2066000000.0,7401000000.0,9467000000.0,23028000000.0,0.0,0.0,1225000000.0,2299000000.0,0.095386275,1074000000.0,0.0445606174,914000000.0,1988000000.0,0.0824827815,458000000.0,1460000000.0,0.0605758858,0.3,0.3,4856000000,4910000000,https://www.sec.gov/Archives/edgar/data/34088/000093066199000626/0000930661-99-000626-index.html,https://www.sec.gov/Archives/edgar/data/34088/,4.96334431630972,0.300658978583196,0.2907742998352554,-0.2057248764415156,0.3008649093904448,9.38158978583196,9.38158978583196,9.009472817133442,1.807660626029654,177535360000.0,184872360000.0,30.399890410958903,7.366001161729317,125.73325779036828,-177.71307307307308,4.057951085714286,4.057951085714286,7.670415733134179,80.41424967377121,130.92943342776204,-185.0574174174174,0.0082237138562143,-0.005627048042711,0.20064,0.0947641152974198,3.191387559808613,0.9062950752112096,0.0,0.922875816993464,0.0050356165667504,0.6123287671232877,0.0,0.0,0.0,1.7075070821529743,0.1000331922662019,1.9681632653061223,0.0,7.806889593966297,0.0106700928988071,0.0157616323005505,-7.346684514003295,-1819000000.0,45557000000.0,-29480000000.0,63380000000.0,9402500000.0,12592000000.0,5533500000.0,35.519044062733386,72.43934813066882,37.19858417520832,2.533851976450799,1.242418689876317,2.4194469223907227,0.0333714285714285,0.496499176276771,1999-01-21,0.3,bmo,23298600000.0,2025-04-24,1998-12-31,0.0333333333333333,36.5303125,7970884.84375
1998-09-30,XOM,USD,34088,1998-11-12,1998-11-12 00:00:00,1998,Q3,24512000000.0,13919000000.0,10593000000.0,0.4321556789,0,0.0,0.0,2106000000.0,6989000000.0,9095000000.0,23014000000.0,0.0,0.0,1290000000.0,2788000000.0,0.1137402089,1498000000.0,0.0611129243,542000000.0,2040000000.0,0.0832245431,640000000.0,1400000000.0,0.0571148825,0.29,0.29,4827586207,4827586207,https://www.sec.gov/Archives/edgar/data/34088/000003408898000005/0000034088-98-000005-index.html,https://www.sec.gov/Archives/edgar/data/34088/,5.077485714176911,0.2899999999937857,0.7471642856982751,0.2906214285652009,0.435207142847817,9.06436428552005,9.06436428552005,9.06436428552005,1.9784214285290336,170462068969.17,177912068969.17,30.439655173066072,6.954229314995513,47.25868283037705,121.49826726241626,3.89547450739665,3.89547450739665,7.258162082619534,63.81351110802368,49.32411116417244,126.80831715550252,0.0082129708296172,0.0082305700528235,0.2182636714732969,0.1002971846220084,2.6721664275466286,0.963335997868372,0.0,2.5764285714285715,0.0062829226846572,0.765,0.0,0.0,0.0,0.6110341003604103,0.0899151436031331,1.6484667165295437,0.0,7.690577154008074,0.012996538800853,0.0147017127495353,-8.216580356966787,-688000000.0,43759000000.0,-33391000000.0,67589000000.0,9344500000.0,13774500000.0,5290500000.0,34.12083877284595,92.26309361304692,35.31719232703499,2.6376842784891856,0.9754713014226644,2.548333943610399,0.0319934184967663,0.4565428571330741,1998-10-21,0.29,bmo,40785000000.0,2025-04-24,1998-09-30,0.0,34.7746875,6951109.75
1998-06-30,XOM,USD,34088,1998-08-14,1998-08-14 00:00:00,1998,Q2,25201000000.0,14391000000.0,10810000000.0,0.4289512321,0,0.0,0.0,2179000000.0,6880000000.0,9059000000.0,23450000000.0,0.0,0.0,1346000000.0,3097000000.0,0.1228919487,1751000000.0,0.0694813698,507000000.0,2258000000.0,0.0895996191,638000000.0,1620000000.0,0.0642831634,0.33,0.33,4909090909,4984615385,https://www.sec.gov/Archives/edgar/data/34088/000003408898000003/0000034088-98-000003-index.html,https://www.sec.gov/Archives/edgar/data/34088/,5.133537037132102,0.3300000000061111,0.6035740740852513,0.1890370370405377,0.5477592592694029,8.831981481645037,8.831981481645037,8.831981481645037,1.9319259259617023,175205454542.21,182000454542.21,27.037878787378084,6.9523215166941785,59.13110176922376,188.7989811877263,4.040995791733976,4.040995791733976,7.221953674148248,58.76669504107523,61.42438560317584,196.1211794635884,0.0092462874756545,0.005296638751486,0.2187420716377978,0.101742190181943,2.1940587665482725,1.0426648414328086,0.0,1.8290123456790124,0.0061584840655748,0.6660493827160494,0.0,0.0,0.0,0.6868039149510631,0.080750763858577,1.4640287769784173,0.0,8.097991263420132,0.0160562022663753,0.0173789907312049,-7.651824074215774,748000000.0,43357000000.0,-31579000000.0,67500000000.0,9681500000.0,13426500000.0,5164000000.0,33.555811277330264,83.05190744215135,32.01375859912445,2.682098765432099,1.0836596385542168,2.811291267825747,0.0373642087782826,0.4145370370447137,1998-07-21,0.32,bmo,40563393939.0,2025-04-24,1998-06-30,0.03125,35.60301587301587,6273733.492063492
1998-03-31,XOM,USD,34088,1998-05-13,1998-05-13 00:00:00,1998,Q1,29964000000.0,15195000000.0,14769000000.0,0.4928914698,0,0.0,0.0,2004000000.0,9958000000.0,11962000000.0,27157000000.0,0.0,0.0,1344000000.0,4151000000.0,0.1385329062,2807000000.0,0.0936790816,-98000000.0,2709000000.0,0.0904084902,819000000.0,1820000000.0,0.0607395541,0.39,0.38,4909090909,4973684211,https://www.sec.gov/Archives/edgar/data/34088/000003408898000001/0000034088-98-000001-index.html,https://www.sec.gov/Archives/edgar/data/34088/,6.10377777789081,0.3707407407476063,0.6261851851967812,0.2780555555607047,0.7824259259404153,8.911018518683537,8.911018518683537,8.911018518683537,2.002407407444489,165976363633.29,171965363633.29,22.79895104852885,5.539192485425511,53.99361211232596,121.59440559215383,3.794179074940908,3.794179074940908,5.739065666576225,41.42745450091304,55.94188797439493,125.98195137969964,0.0109654167627212,0.0082240625720409,0.2247113955880672,0.1035249017935188,1.442784871115394,1.078865202411714,0.0,1.6264550264550264,0.0065250254692456,0.595054945054945,0.0,0.0,0.0,0.5559531554977228,0.0570351087972233,1.2312680115273775,0.0,8.621644051149895,0.024748794300812,0.01916737754468,-7.595550926066584,1465000000.0,43745000000.0,-31167000000.0,68191000000.0,10334500000.0,14128000000.0,5348000000.0,29.936924309171008,80.39289239881539,30.85291214215202,3.006320858834153,1.119501952405511,2.917066615473219,0.0416047548291233,0.3481296296360764,1998-04-21,0.34,bmo,38223157894.0,2025-04-24,1998-03-31,0.1176470588235293,31.341967213114756,6724829.803278688
1997-12-31,XOM,USD,34088,1998-03-18,1998-03-18 00:00:00,1997,Q4,30403000000.0,18069000000.0,12334000000.0,0.4056836496,0,0.0,0.0,2130000000.0,7335000000.0,9465000000.0,27534000000.0,0.0,0.0,1406000000.0,4275000000.0,0.1406111239,2869000000.0,0.0943656876,467000000.0,3336000000.0,0.1097260139,836000000.0,2500000000.0,0.0822287274,0.51,0.5,4909090909,4973684211,https://www.sec.gov/Archives/edgar/data/34088/000093066198000526/0000930661-98-000526-index.html,https://www.sec.gov/Archives/edgar/data/34088/,6.1932037038183925,0.50925925926869,0.5420555555655936,0.1157037037058463,0.8243888889041554,9.376685185358827,9.376685185358827,8.893703703868402,2.0272592592968013,150169090906.31,156074090906.31,15.016909090631,4.9392852977110815,56.43332991593762,264.38220229984154,3.43951193097366,3.43951193097366,5.133509551896523,36.50855927632983,58.65242048339346,274.77832906040493,0.0166478999434027,0.0037824028671411,0.2279431974347228,0.103597601598934,1.3812865497076023,1.0782537905769818,0.0,1.0644,0.007118642015799,0.4276,0.0,0.0,0.0,0.7865464111236378,0.068841890602901,1.4886201991465149,0.0,10.094900772603593,0.0271085078679037,0.0260243171219187,-7.173629629762474,1538000000.0,46031000000.0,-28841000000.0,67952000000.0,10475000000.0,14824500000.0,5486500000.0,31.68042627372299,73.13465050639216,27.33023410260667,2.84087086525883,1.230606824218484,3.293056314926189,0.0572606504809894,0.4263518518597473,1998-01-21,0.37,bmo,29581297296.0,2025-04-24,1997-12-31,0.3513513513513513,31.21671875,5998387.65625
1997-09-30,XOM,USD,34088,1997-11-12,1997-11-12 00:00:00,1997,Q3,28765000000.0,16979000000.0,11786000000.0,0.4097340518,0,0.0,0.0,2088000000.0,7097000000.0,9185000000.0,26164000000.0,0.0,0.0,1361000000.0,3962000000.0,0.137736833,2601000000.0,0.0904223883,165000000.0,2766000000.0,0.096158526,946000000.0,1820000000.0,0.0632713367,0.37,0.37,4918918919,4986301370,https://www.sec.gov/Archives/edgar/data/34088/000003408897000006/0000034088-97-000006-index.html,https://www.sec.gov/Archives/edgar/data/34088/,5.847829670233278,0.3699999999939011,0.831076923063224,0.4307857142786134,0.9719615384455172,8.81413186798658,8.81413186798658,8.81413186798658,2.018329670296401,157552972975.57,162699972975.57,21.641891892248623,5.4772457144296895,38.54035542455235,74.35251202244928,3.633937009308285,3.633937009308285,5.656178445178863,41.06511180604998,39.79940630517857,76.78148795449269,0.0115516703088948,0.0134494447167846,0.2289879140142079,0.1022208951535681,1.2990913679959617,1.0709135802469136,0.0,2.246153846153846,0.0071087201900891,0.6153846153846154,0.0,0.0,0.0,0.4816536203522505,0.0684512428298279,1.446730345334313,0.0,8.566075402410299,0.0215220280468057,0.0187391246151786,-7.838510988881783,1436000000.0,43356000000.0,-32081000000.0,68444000000.0,10031000000.0,14328500000.0,5311000000.0,32.06396662610812,79.32976029212557,29.07945108663644,2.806889149102264,1.1345048777228384,3.0949690120306235,0.0419780422548205,0.4002912087846106,1997-10-21,0.35,bmo,45718513513.0,2025-04-24,1997-09-30,0.0571428571428572,31.5303125,6052700.03125
1997-06-30,XOM,USD,34088,1997-08-12,1997-08-12 00:00:00,1997,Q2,28683000000.0,17051000000.0,11632000000.0,0.4055363804,0,0.0,0.0,2012000000.0,6791000000.0,8803000000.0,25854000000.0,0.0,0.0,1342000000.0,4171000000.0,0.145417146,2829000000.0,0.0986298504,331000000.0,3160000000.0,0.110169787,1195000000.0,1965000000.0,0.0685074783,0.4,0.39,4974683544,5038461538,https://www.sec.gov/Archives/edgar/data/34088/000003408897000005/0000034088-97-000005-index.html,https://www.sec.gov/Archives/edgar/data/34088/,5.765793893481881,0.3950000000241221,0.6860737913904982,0.3141908397138437,0.9488040713047616,8.807595420385196,8.807595420385196,8.807595420385196,1.946656488668498,152374556952.72,157338556952.72,19.38607594818321,5.312364709155946,44.64534337905655,97.48852012330134,3.477680176942143,3.477680176942143,5.48542889351602,37.722022764977226,46.09978228910636,100.66446382131798,0.0128958537389527,0.0102576180122051,0.2210201985621362,0.1020227560050568,1.1901222728362504,1.1100790091821482,0.0,1.7368956743002544,0.0072256157590773,0.5603053435114503,0.0,0.0,0.0,0.5420451215939056,0.0644981347836697,1.3785394932935915,0.0,8.847457505038028,0.0223157446734714,0.0207016434892541,-7.328405852864839,2062000000.0,43815000000.0,-30311000000.0,67582000000.0,10080500000.0,13775500000.0,5100000000.0,30.793850015688736,72.26496979649288,27.10926045393232,2.9226615039739148,1.245416697100285,3.319898753894081,0.0448476549127011,0.3718829516766544,1997-07-21,0.35,bmo,43794624999.0,2025-04-24,1997-06-30,0.142857142857143,28.86546875,7035428.25
1997-03-31,XOM,USD,34088,1997-05-13,1997-05-13 00:00:00,1997,Q1,29556000000.0,17915000000.0,11641000000.0,0.3938624983,0,0.0,0.0,1879000000.0,6558000000.0,8437000000.0,26352000000.0,0.0,0.0,1365000000.0,4569000000.0,0.1545879009,3204000000.0,0.1084043849,314000000.0,3518000000.0,0.1190282853,1343000000.0,2175000000.0,0.073589119,0.44,0.43,5000000000,5058139535,https://www.sec.gov/Archives/edgar/data/34088/000003408897000003/0000034088-97-000003-index.html,https://www.sec.gov/Archives/edgar/data/34088/,5.9112,0.435,0.9028,0.6066,1.0526,8.734,8.734,8.734,1.968,134700000000.0,139277000000.0,15.482758620689657,4.557450263905806,29.840496233938858,44.41147378832839,3.084497366613236,3.084497366613236,4.712308837461091,30.48303786386517,30.85445281346921,45.9205407187603,0.0161469933184855,0.0225167037861915,0.2253263109686283,0.1028782920530701,1.001750930181659,1.1379580741282869,0.0,2.075402298850575,0.0078767631774313,0.487816091954023,0.0,0.0,0.0,0.3280903854674346,0.0501082690485857,1.084981684981685,0.0,9.245757135032264,0.0250315260301182,0.0227398663836816,-7.28435,2639000000.0,43670000000.0,-30209000000.0,68132000000.0,10423000000.0,14185000000.0,5174500000.0,31.507308160779537,69.62880267931901,25.44013396595032,2.856480139170774,1.2925685425685425,3.5377172195892577,0.0498053583695901,0.2962,1997-04-21,0.41,bmo,47201250000.0,2025-04-24,1997-03-31,0.0731707317073171,25.62540983606557,7645875.409836066
1996-12-31,XOM,USD,34088,1997-03-13,1997-03-13 00:00:00,1996,Q4,32503000000.0,20232000000.0,12271000000.0,0.3775343814,0,0.0,0.0,1954000000.0,7199000000.0,9153000000.0,29385000000.0,0.0,0.0,1344000000.0,4462000000.0,0.1372796357,3118000000.0,0.0959296065,758000000.0,3876000000.0,0.1192505307,1381000000.0,2495000000.0,0.076762145,0.5,0.49,5000000000,5058139535,https://www.sec.gov/Archives/edgar/data/34088/000093066197000575/0000930661-97-000575-index.html,https://www.sec.gov/Archives/edgar/data/34088/,6.5006,0.499,0.5924,0.1708,0.5902,9.0912,9.0912,8.7084,1.9492,122500000000.0,129295000000.0,12.274549098196394,3.768882872350245,41.3571910871033,143.44262295081967,2.8133755913830325,2.8133755913830325,3.977940497800203,28.97691618108471,43.65124915597569,151.3992974238876,0.0203673469387755,0.0069714285714285,0.2238298654172982,0.1020235116773268,1.5228597041685343,1.0207639066905922,0.0,1.187174348697395,0.0084571428571428,0.4152304609218437,0.0,0.0,0.0,0.7116812964213369,0.0648555517952189,1.568452380952381,0.0,9.888051425837144,0.0255573743623772,0.0261182702272655,-7.32065,405000000.0,45456000000.0,-30161000000.0,67012000000.0,9807000000.0,14391500000.0,5376500000.0,29.07147032581608,64.54626334519573,23.509786476868328,3.0958186493951807,1.3943487250172295,3.8281929990539263,0.0573009967387809,0.4216,1997-01-21,0.38,bmo,29081631578.0,2025-04-24,1996-12-31,0.1052631578947368,22.90625,5885462.5
1996-09-30,XOM,USD,34088,1996-11-13,1996-11-13 00:00:00,1996,Q3,29086000000.0,17423000000.0,11663000000.0,0.4009832909,0,0.0,0.0,2051000000.0,7279000000.0,9330000000.0,26753000000.0,0.0,0.0,1307000000.0,3640000000.0,0.1251461184,2333000000.0,0.0802104105,214000000.0,2547000000.0,0.0875679021,987000000.0,1560000000.0,0.0536340507,0.31,0.31,5032258065,5032258065,https://www.sec.gov/Archives/edgar/data/34088/000003408896000006/0000034088-96-000006-index.html,https://www.sec.gov/Archives/edgar/data/34088/,5.779910255854496,0.3099999999701923,0.6239743589143615,0.2579358974110959,0.578269230713628,8.304621794073274,8.304621794073274,8.304621794073274,1.9255769228917712,104721290332.65,111501290332.65,16.782258066129806,3.600401923009352,33.350729405302545,80.6789601946456,2.505833560638654,2.505833560638654,3.833503758944165,30.63222261885989,35.50996507409236,85.90238084179506,0.0148966842849683,0.0123948052576211,0.2318681055729702,0.1036718449094877,1.862637362637363,0.9431414356787492,0.0,2.0128205128205128,0.0101221059885041,0.6794871794871795,0.0,0.0,0.0,0.586624203821656,0.0633294368424671,1.4093343534812548,0.0,7.610830244335462,0.0187434827478567,0.0166902041340351,-7.789097755661305,-1120000000.0,41791000000.0,-33099000000.0,64794000000.0,8900500000.0,13801000000.0,5411500000.0,28.204290724059685,73.72840498192045,28.245422717098087,3.1910038398244653,1.220696419813634,3.186356986100951,0.0373286114235122,0.3660384615032655,1996-10-21,0.3,bmo,,2025-04-24,1996-09-30,0.0333333333333333,21.1084375,6395212.5
1996-06-30,XOM,USD,34088,1996-08-13,1996-08-13 00:00:00,1996,Q2,27975000000.0,16744000000.0,11231000000.0,0.4014655943,0,0.0,0.0,2020000000.0,6929000000.0,8949000000.0,25693000000.0,0.0,0.0,1306000000.0,3588000000.0,0.1282573727,2282000000.0,0.0815728329,370000000.0,2652000000.0,0.0947989276,1082000000.0,1570000000.0,0.0561215371,0.32,0.31,4984126984,5064516129,https://www.sec.gov/Archives/edgar/data/34088/000003408896000003/0000034088-96-000003-index.html,https://www.sec.gov/Archives/edgar/data/34088/,5.6128184714805816,0.3150000000080254,0.5985000000152484,0.2281242038274681,0.6464522293158331,8.301955414224254,8.301955414224254,8.301955414224254,2.0153980892233223,108703809521.04,115526809521.04,17.3095238090828,3.885748329617158,36.4411027559638,95.6058131231662,2.627091921335975,2.627091921335975,4.1296446656314565,32.19810744733556,38.7283974257593,101.60669263064204,0.014442916093903,0.0104596150310622,0.2427618541253806,0.108716827568293,1.9016164994425864,0.9857502544597416,0.0,1.9,0.0098432612869275,0.6815286624203821,0.0,0.0,0.0,0.6188400938652363,0.0659874888293118,1.4134762633996938,0.0,7.670730669226597,0.0177272434353673,0.0169920775791159,-7.745388535229182,-266000000.0,41378000000.0,-32617000000.0,65221000000.0,8807000000.0,13542500000.0,5347000000.0,27.94423592493298,71.64417104634495,28.78344481605351,3.220699976974441,1.2562082676869983,3.126797385620915,0.037942868190826,0.3703757961877802,1996-07-22,0.33,bmo,,2025-04-24,1996-06-30,-0.0303030303030303,21.13206349206349,6201187.301587301
1996-03-31,XOM,USD,34088,1996-05-14,1996-05-14 00:00:00,1996,Q1,27164000000.0,16025000000.0,11139000000.0,0.4100647916,0,0.0,0.0,1936000000.0,6878000000.0,8814000000.0,24839000000.0,0.0,0.0,1372000000.0,3697000000.0,0.136099249,2325000000.0,0.0855912237,516000000.0,2841000000.0,0.1045869533,956000000.0,1885000000.0,0.0693933147,0.38,0.38,4960526316,5026666667,https://www.sec.gov/Archives/edgar/data/34088/000003408896000002/0000034088-96-000002-index.html,https://www.sec.gov/Archives/edgar/data/34088/,5.476031830006322,0.3799999999838727,0.821888594129575,0.5370397877756163,0.7102068965215828,8.269687002301552,8.269687002301552,8.269687002301552,2.038493368613751,102930921057.0,109519921057.0,13.65131579005305,3.789240209726108,25.24673069830758,38.6377331295045,2.509163889059529,2.509163889059529,4.031803896959211,29.6239981219908,26.862870016433657,41.111081477852856,0.0183132530112709,0.0258814355554513,0.2465018770415874,0.1092256343231186,1.7822558831484987,0.987656892870163,0.0,2.1628647214854118,0.0099775654337269,0.5448275862068965,0.0,0.0,0.0,0.3465783664459161,0.0520173759387424,1.029883381924198,0.0,8.408675512033836,0.0203484274800709,0.0203609889931841,-7.795241378979512,-237000000.0,41022000000.0,-32593000000.0,64946000000.0,8926500000.0,13934500000.0,5510000000.0,29.58032690325431,77.25678627145086,29.98502340093604,3.042562724014337,1.164946205292236,3.001498407941562,0.0459509531470918,0.2848488063539586,1996-04-22,0.33,bmo,,2025-04-24,1996-03-31,0.0606060606060604,20.265714285714285,6713676.19047619
1995-12-31,XOM,USD,34088,1996-03-08,1996-03-08 00:00:00,1995,Q4,26895000000.0,14873000000.0,12022000000.0,0.4469975832,0,0.0,0.0,2286000000.0,7412000000.0,9698000000.0,24571000000.0,0.0,0.0,1382000000.0,3706000000.0,0.1377951292,2324000000.0,0.0864101134,442000000.0,2766000000.0,0.1028443949,1086000000.0,1680000000.0,0.0624651422,0.34,0.33,4960526316,5026666667,https://www.sec.gov/Archives/edgar/data/34088/000093066196000138/0000930661-96-000138-index.html,https://www.sec.gov/Archives/edgar/data/34088/,5.421803713297749,0.3386737400386769,0.7202864721179719,0.2560212201482855,0.3039999999870981,8.589007957195161,8.589007957195161,8.15155437631187,2.020954907076033,99855394741.08,108372394741.08,14.859433741232143,3.712786567803681,27.94721375345088,78.62629507171654,2.469467670914037,2.469467670914037,4.029462529878416,29.242416281996764,30.330924920537363,85.33259428431496,0.0168243288643157,0.0127183914629053,0.2479226431892373,0.1098076586049772,2.2981651376146788,0.9243168232280102,0.0,2.1267857142857145,0.0099543945780535,0.5916666666666667,0.0,0.0,0.0,0.6445563951861181,0.0856292991262316,1.666425470332851,0.0,7.881379427135149,0.0188690915308974,0.0184016824395373,-7.589466843179227,-1418000000.0,42606000000.0,-31372000000.0,64028000000.0,8492000000.0,13834500000.0,5779000000.0,29.86614612381484,85.40106232770793,34.37705910038324,3.0134453781512605,1.0538510593070218,2.618024995599366,0.0415471362152537,0.4642652519696864,1996-01-22,0.31,bmo,,2025-04-24,1995-12-31,0.032258064516129,19.41873015873016,5148012.825396826
1995-09-30,XOM,USD,34088,1995-11-13,1995-11-13 00:00:00,1995,Q3,27025000000.0,15459000000.0,11566000000.0,0.4279740981,0,0.0,0.0,1857000000.0,7334000000.0,9191000000.0,24650000000.0,0.0,0.0,1340000000.0,3715000000.0,0.1374653099,2375000000.0,0.0878815911,116000000.0,2491000000.0,0.092173913,991000000.0,1500000000.0,0.0555041628,0.3,0.3,5000000000,5000000000,https://www.sec.gov/Archives/edgar/data/34088/000003408895000004/0000034088-95-000004-index.html,https://www.sec.gov/Archives/edgar/data/34088/,5.405,0.3,0.7888,0.433,0.44,8.007,8.007,8.007,2.1824,90300000000.0,99012000000.0,15.05,3.341350601295097,22.89553752535497,41.70900692840647,2.2555264143874107,2.2555264143874107,3.663718778908418,26.651951547779277,25.10446247464503,45.73302540415705,0.0166112956810631,0.0239756367663344,0.2725615086799051,0.1203007518796992,2.345087483176312,0.941613302480762,0.0,2.6293333333333333,0.0112181616832779,0.6753333333333333,0.0,0.0,0.0,0.4510649087221095,0.0658279370952821,1.3276119402985074,0.0,7.351683480672981,0.0191521505058724,0.0165369435318501,-7.89765,-1085000000.0,40035000000.0,-33173000000.0,63803000000.0,8062500000.0,13653000000.0,5887000000.0,26.838482886216465,78.92101688336892,34.21502037647972,3.353393721305373,1.140380643257598,2.630423685553854,0.0374672161858373,0.3558,1995-10-23,0.29,bmo,,2025-04-24,1995-09-30,0.0344827586206896,17.798253968253967,4797136.507936508
1995-06-30,XOM,USD,34088,1995-08-10,1995-08-10 00:00:00,1995,Q2,27846000000.0,16570000000.0,11276000000.0,0.4049414638,0,0.0,0.0,1755000000.0,7168000000.0,8923000000.0,25493000000.0,0.0,0.0,1328000000.0,3681000000.0,0.1321913381,2353000000.0,0.0845004669,321000000.0,2674000000.0,0.0960281549,1044000000.0,1630000000.0,0.058536235,0.33,0.33,5015384615,5015384615,https://www.sec.gov/Archives/edgar/data/34088/000003408895000003/0000034088-95-000003-index.html,https://www.sec.gov/Archives/edgar/data/34088/,5.552116564842954,0.3250000000249233,0.6077300613962984,0.2793404908189678,0.5138190184443113,7.975260736807919,7.975260736807919,7.975260736807919,2.3643251535555465,88571692300.9,97852692300.9,13.58461538357362,3.1807689542806865,29.05895416696194,63.22033711698786,2.2143476662141555,2.2143476662141555,3.514066375813402,26.583181825835368,32.10390167352362,69.84489100706638,0.0184031710093388,0.0158176948368611,0.2964574114352858,0.1300818359332148,2.5213257267047,0.9242073891372488,0.0,1.8699386503067488,0.0115386753199658,0.6269938650306749,0.0,0.0,0.0,0.5403543307086615,0.0591467356173238,1.240210843373494,0.0,7.636693927504246,0.0191230831432479,0.017881041707804,-7.892515338028567,-1475000000.0,39999000000.0,-33173000000.0,63178000000.0,8248500000.0,13837500000.0,5709500000.0,26.069812540400772,74.68316234158118,32.02957151478576,3.452268782544012,1.205090909090909,2.8099033406817027,0.0407510187754693,0.3283895705773305,1995-07-20,0.29,bmo,,2025-04-24,1995-06-30,0.1379310344827587,17.480317460317462,5558292.063492063
1995-03-31,XOM,USD,34088,1995-05-11,1995-05-11 00:00:00,1995,Q1,26127000000.0,15450000000.0,10677000000.0,0.4086577104,0,0.0,0.0,1731000000.0,6800000000.0,8531000000.0,23981000000.0,0.0,0.0,1336000000.0,3482000000.0,0.133272094,2146000000.0,0.0821372527,365000000.0,2511000000.0,0.096107475,851000000.0,1660000000.0,0.0635358059,0.34,0.34,4955223881,4955223881,https://www.sec.gov/Archives/edgar/data/34088/000003408895000002/0000034088-95-000002-index.html,https://www.sec.gov/Archives/edgar/data/34088/,5.272617469450721,0.334999999972756,0.6623313252473405,0.3800030120172889,0.5590060240509243,7.907210842730437,7.907210842730437,7.907210842730437,2.5748584335255384,82554029857.46,92543029857.46,12.432835821906629,3.1597209728426536,25.153573996788545,43.84175775754648,2.106937620781481,2.106937620781481,3.542045770944234,26.5775502175359,28.19714499008532,49.14659047130112,0.0201080432156516,0.0228093044428144,0.3256342197948037,0.139792486112785,2.868753589890867,0.9242173804157277,0.0,1.97710843373494,0.0123313180683935,0.6132530120481928,0.0,0.0,0.0,0.4262644728823888,0.0535461400084204,1.0471556886227544,0.0,7.720142597273294,0.0189445659789436,0.0181875951835741,-8.119663402954124,-1513000000.0,39182000000.0,-33637000000.0,63022000000.0,8252000000.0,13658000000.0,5531500000.0,29.042369962108165,81.11650485436894,32.16699029126214,3.0989206499822086,1.1095152603231595,2.797899311843535,0.0423663927313562,0.2823283132300516,1995-04-24,0.27,bmo,,2025-04-24,1995-03-31,0.2222222222222222,15.81952380952381,4559295.238095238
1994-12-31,XOM,USD,34088,1995-03-10,1995-03-10 00:00:00,1994,Q4,26507000000.0,15393000000.0,11114000000.0,0.4192854718,0,0.0,0.0,2092000000.0,6913000000.0,9005000000.0,24398000000.0,0.0,0.0,1306000000.0,3415000000.0,0.1288338929,2109000000.0,0.0795638888,610000000.0,2719000000.0,0.1025766779,819000000.0,1900000000.0,0.0716791791,0.38,0.38,4765526127,4955223881,https://www.sec.gov/Archives/edgar/data/34088/000095010995000647/0000950109-95-000647-index.html,https://www.sec.gov/Archives/edgar/data/34088/,5.562239990631784,0.3986967964009653,0.5770611526856078,0.1580098356262773,0.242785364966272,8.306113311547058,8.306113311547058,7.851179282811642,2.662665078700974,72388341869.13,83920341869.13,9.524781824885526,2.7309141686773306,26.323033406956363,96.1332561343028,1.9347411965556591,1.9347411965556591,3.165969059838156,24.57403861467936,30.516487952410912,111.44799717015935,0.0262473203687271,0.0104022274935008,0.3391420553254042,0.1444196581002026,3.376866764275256,0.8444056840917252,0.0,1.4473684210526316,0.0137038641083038,0.5221052631578947,0.0,0.0,0.0,0.7261818181818182,0.0753385898064662,1.5290964777947933,0.0,8.392282206324998,0.0204042857340791,0.0216248207416175,-8.036206072404564,-3033000000.0,39583000000.0,-31819000000.0,60392000000.0,7694000000.0,13111500000.0,5553000000.0,27.41049534085336,78.29467939972714,32.397193529526405,3.28341384863124,1.1495033978044955,2.7780184082295616,0.0507817720165708,0.4190513170593304,1995-01-23,0.27,bmo,,2025-04-24,1994-12-31,0.111111111111111,15.110158730158732,4717073.015873016
1994-09-30,XOM,USD,34088,1994-11-14,1994-11-14 00:00:00,1994,Q3,26047000000.0,15601000000.0,10446000000.0,0.4010442661,0,0.0,0.0,1783000000.0,6826000000.0,8609000000.0,24210000000.0,0.0,0.0,1187000000.0,3024000000.0,0.1160978232,1837000000.0,0.0705263562,103000000.0,1940000000.0,0.0744807463,785000000.0,1155000000.0,0.0443429186,0.23,0.23,5021739130,5021739130,https://www.sec.gov/Archives/edgar/data/34088/000003408894000008/0000034088-94-000008-index.html,https://www.sec.gov/Archives/edgar/data/34088/,5.1868484852975625,0.2300000000199134,0.534277056323314,0.2061038961217406,0.3385281385574483,7.27158441621399,7.27158441621399,7.27158441621399,2.614831169057561,72212608689.40001,83643608689.40001,15.630434781255412,2.772396386892925,26.91487465128588,69.77063641487923,1.9775607593767115,1.9775607593767115,3.211256908258149,27.659923508399476,31.175403909578836,80.81508085932369,0.0159944367190482,0.0143326770599263,0.3595957936247124,0.1495728442875042,3.780092592592593,0.8544122993819145,0.0,2.322943722943723,0.013487949233206,0.8432900432900433,0.0,0.0,0.0,0.6142377935147223,0.0632702422543863,1.388374052232519,0.0,6.134366255544696,0.0150370928209254,0.0131563959448684,-8.225287879500025,-2803000000.0,36516000000.0,-34824000000.0,60651000000.0,7380000000.0,12780500000.0,5517000000.0,25.275463585057786,74.02602397282226,32.103711300557656,3.5607655502392346,1.2157886533665836,2.8034141958670262,0.0316299704239237,0.3281731602015734,1994-10-24,0.2,bmo,,2025-04-24,1994-09-30,0.15,14.70390625,4218031.25
1994-06-30,XOM,USD,34088,1994-08-15,1994-08-15 00:00:00,1994,Q2,24246000000.0,14767000000.0,9479000000.0,0.3909510847,0,0.0,0.0,1735000000.0,6379000000.0,8114000000.0,22881000000.0,0.0,0.0,1233000000.0,2598000000.0,0.1071516951,1365000000.0,0.0562979461,72000000.0,1437000000.0,0.059267508,552000000.0,885000000.0,0.0365008661,0.18,0.18,5057142857,5057142857,https://www.sec.gov/Archives/edgar/data/34088/000003408894000003/0000034088-94-000003-index.html,https://www.sec.gov/Archives/edgar/data/34088/,4.794406779796452,0.1750000000049435,0.4063559322148688,0.0761299435049754,0.37155367232688,7.091158192290711,7.091158192290711,7.091158192290711,2.544915254309178,71760857140.83,82751857140.83,20.27142857085593,2.9596988014860184,34.920125129357665,186.39183672942852,2.0010835487250773,2.0010835487250773,3.41301068798276,31.852139007247885,40.26854362084185,214.93988867748047,0.0123326286120467,0.0053650418255796,0.3588856975544463,0.1494738798169612,4.230561970746728,0.8463126687490073,0.0,2.3220338983050848,0.0153983667980922,1.2485875706214689,0.0,0.0,0.0,0.8126520681265207,0.0688773405922626,1.354420113544201,0.0,5.284073748816666,0.0117856358569691,0.0102785068871803,-7.918255649941194,-2903000000.0,35861000000.0,-34255000000.0,59540000000.0,7208500000.0,12527500000.0,5344000000.0,27.6354862657758,77.57906142073541,33.331753233561315,3.256682337139019,1.1601068426427843,2.700127994148839,0.0246786202281029,0.3302259887098934,1994-07-25,0.18,bmo,,2025-04-24,1994-06-30,0.0,15.228870967741935,5762432.451612903
1994-03-31,XOM,USD,34088,1994-05-11,1994-05-11 00:00:00,1994,Q1,22883000000.0,13463000000.0,9420000000.0,0.4116593104,0,0.0,0.0,1616000000.0,6081000000.0,7697000000.0,21160000000.0,0.0,0.0,1289000000.0,3012000000.0,0.131626098,1723000000.0,0.0752960713,-15000000.0,1708000000.0,0.0746405629,548000000.0,1160000000.0,0.0506926539,0.23,0.23,5043478261,5043478261,https://www.sec.gov/Archives/edgar/data/34088/000003408894000002/0000034088-94-000002-index.html,https://www.sec.gov/Archives/edgar/data/34088/,4.537146551606798,0.2299999999940517,0.4685258620568485,0.205215517236072,0.3267586206812045,6.98981896533647,6.98981896533647,6.98981896533647,2.493318965452759,79283478262.92,90210478262.92,17.086956522181037,3.4647326951413717,33.55204327673297,76.60239445692754,2.2489852853067824,2.2489852853067824,3.9422487550985448,29.950357989017263,38.1762497938722,87.15988237963285,0.014631043256619,0.0130544222160351,0.3567072305903043,0.148545845441444,3.6278220451527226,0.8410991636798089,0.0,2.037068965517242,0.0127138720712689,0.8689655172413793,0.0,0.0,0.0,0.5619974608548456,0.0580343486430975,1.0302560124127231,0.0,6.014342286957132,0.0166924005196635,0.0137028374323717,-7.914081896347049,-2926000000.0,35253000000.0,-33913000000.0,58851000000.0,6916000000.0,12224000000.0,5345500000.0,27.42122973386357,82.39916809032162,34.888954913466534,3.282128514056225,1.09224403699497,2.579612952672926,0.0329050009928233,0.2633103448207765,1994-04-22,0.21,bmo,,2025-04-24,1994-03-31,0.0476190476190476,16.366666666666664,4589250.793650794
1993-12-31,XOM,USD,34088,1994-03-11,1994-03-11 00:00:00,1993,Q4,24529000000.0,13971000000.0,10558000000.0,0.4304292878,0,0.0,0.0,1963000000.0,6430000000.0,8393000000.0,22364000000.0,0.0,0.0,1244000000.0,3409000000.0,0.1389783522,2165000000.0,0.0882628725,216000000.0,2381000000.0,0.0970687757,881000000.0,1500000000.0,0.0611521057,0.3,0.3,4809084831,5043478261,https://www.sec.gov/Archives/edgar/data/34088/000095013194000308/0000950131-94-000308-index.html,https://www.sec.gov/Archives/edgar/data/34088/,5.100554650623504,0.3119096569748158,0.6292257480038618,0.1894331316693714,0.2044047952041626,7.732656275948317,7.732656275948317,7.234640523645195,2.623160215158201,75887358633.18,87519358633.18,12.64789310553,3.093781182811366,25.078439733370782,83.30116205618002,2.1811726440900205,2.1811726440900205,3.567995378253495,25.67302981319448,28.9224582396497,96.06954844476398,0.0197661379578463,0.0120046344530653,0.3625833524948263,0.1499197813298473,3.412144323848636,0.7993006993006992,0.0,2.017333333333333,0.0125712637411902,0.636,0.0,0.0,0.0,0.6989424983476537,0.0862244689958824,1.70016077170418,0.0,7.1254803691745,0.0195785875279279,0.0178263711450472,-7.921257648532422,-3731000000.0,37187000000.0,-32099000000.0,58231000000.0,7137500000.0,12376000000.0,5439000000.0,25.17020669411717,78.08889843246725,35.2501610478849,3.575655976676385,1.15253258538195,2.553179824561404,0.0431133593929639,0.4397926163344903,1994-01-25,0.23,bmo,,2025-04-24,1993-12-31,0.3043478260869564,16.00484375,4061656.25
1993-09-30,XOM,USD,34088,1993-09-30,1993-09-29 20:00:00,1993,Q3,24455000000.0,14822000000.0,9633000000.0,0.3939071764,0,0.0,0.0,1676000000.0,6203000000.0,7879000000.0,22701000000.0,0.0,0.0,1210000000.0,2964000000.0,0.1212022081,1754000000.0,0.0717235739,283000000.0,2037000000.0,0.0832958495,677000000.0,1360000000.0,0.0556123492,0.28,0.28,4945454545,4945454545,,,4.944944853395676,0.2750000000252757,0.6424080882943389,0.2956250000271714,0.3138235294406087,7.006029412408642,7.006029412408642,7.006029412408642,2.662242647303515,81006545447.09999,92620545447.1,14.89090908954044,3.3124737455367,25.497810968555243,55.40803382154582,2.337986188152274,2.337986188152274,3.7873868512410542,31.24849711440621,29.15346095281712,63.35194627024623,0.0167887667903098,0.0180479242995831,0.3799930731932579,0.1549178109593232,3.9183535762483137,0.8336586869413336,0.0,2.336029411764706,0.0119249622937053,0.7102941176470589,0.0,0.0,0.0,0.539817437834435,0.0701288080147209,1.4173553719008265,0.0,6.584057031440632,0.0167518592643819,0.0160024474331368,-8.193938419870767,-3238000000.0,34648000000.0,-34111000000.0,58484000000.0,7451500000.0,12441500000.0,5448500000.0,27.288897975874058,76.69005532316827,32.82552961813521,3.298044504383008,1.1735550277117972,2.7417684054753977,0.039251904871854,0.3467830882671676,1993-10-25,0.19,bmo,,2025-04-24,1993-09-30,0.1052631578947368,16.24984375,4014887.5
1993-06-30,XOM,USD,34088,1993-06-30,1993-06-29 20:00:00,1993,Q2,24702000000.0,15056000000.0,9646000000.0,0.3904946968,0,0.0,0.0,1762000000.0,6220000000.0,7982000000.0,23038000000.0,0.0,0.0,1236000000.0,2900000000.0,0.1173994009,1664000000.0,0.0673629666,100000000.0,1764000000.0,0.0714112218,529000000.0,1235000000.0,0.0499959517,0.25,0.25,5040816327,5040816327,,,4.900396760677291,0.2449999999771862,0.5332469635130984,0.1706072874335062,0.2751538461282245,6.814570849567874,6.814570849567874,6.814570849567874,2.6973805665504464,83324693885.31001,95534693885.31,16.867346940346156,3.37319625476925,30.998770046618308,96.889178936407,2.425684663774272,2.425684663774272,3.867488214934419,32.942997891486215,35.54118076090402,111.08685335501164,0.0148215365987408,0.0103210700201758,0.3958254490407848,0.160816085156712,4.210344827586207,0.8473286421683607,0.0,2.1765182186234817,0.0117972230579451,0.7959514170040486,0.0,0.0,0.0,0.6800595238095238,0.074002105092705,1.4789644012944985,0.0,6.129055539375126,0.0165787485716738,0.0146067415730337,-8.024593116661677,-2929000000.0,34351000000.0,-33943000000.0,58679000000.0,7603500000.0,12286500000.0,5536500000.0,27.28200145737187,73.24455366631243,32.823459086078635,3.2988782051282053,1.2287603035991186,2.7419413585867782,0.0359523740211347,0.3626396760795922,1993-07-23,0.22,bmo,,2025-04-24,1993-06-30,0.1363636363636363,16.44079365079365,4621479.365079365
1993-03-31,XOM,USD,34088,1993-03-31,1993-03-30 19:00:00,1993,Q1,24139000000.0,15034000000.0,9105000000.0,0.3771904387,0,0.0,0.0,1608000000.0,5776000000.0,7384000000.0,22418000000.0,0.0,0.0,1194000000.0,2915000000.0,0.1207589378,1721000000.0,0.0712954141,149000000.0,1870000000.0,0.0774679978,685000000.0,1185000000.0,0.0490906831,0.24,0.24,5042553191,5042553191,,,4.787059072194524,0.2350000000228059,0.5179915612317039,0.2605822785063012,0.2199282700635373,6.76542194158483,6.76542194158483,6.76542194158483,2.621687763967506,83353404247.23001,95464404247.23,17.58510638127215,3.453059540462737,31.9117167868415,63.43485863563928,2.443306587929943,2.443306587929943,3.954778750040598,32.74936680865523,36.548393662798624,72.65175361280822,0.0142165759239447,0.0157642031764247,0.3875128242708486,0.156015814008379,4.154716981132076,0.8493726046096498,0.0,2.2042194092827003,0.0117091798327173,0.8236286919831224,0.0,0.0,0.0,0.4969372128637059,0.0537719043870914,1.087102177554439,0.0,5.980983908990338,0.0155679301943349,0.0139847760665604,-8.117068566188577,-2869000000.0,34115000000.0,-34442000000.0,58952000000.0,7899000000.0,12482500000.0,5694500000.0,28.779568333402377,73.75282692563522,33.41625648529999,3.1272185516258584,1.2202922077922078,2.6932998925116447,0.0347354536127803,0.2574092827254026,1993-04-23,0.24,bmo,,2025-04-24,1993-03-31,-0.0416666666666665,15.650645161290322,4759838.70967742
1992-12-31,XOM,USD,34088,1992-12-31,1992-12-30 19:00:00,1992,Q4,26897000000.0,16561000000.0,10336000000.0,0.3842807748,0,0.0,0.0,1823000000.0,6773000000.0,8596000000.0,25157000000.0,0.0,0.0,1484000000.0,3224000000.0,0.1198646689,1740000000.0,0.0646912295,336000000.0,2076000000.0,0.077183329,706000000.0,1330000000.0,0.0494478938,0.26,0.26,4867428262,5042553191,,,5.525916059202107,0.2732449105379336,0.5719652864192537,0.1298426943308075,0.1844916764383943,7.550393764796692,7.550393764796692,6.939188043856578,2.757924570722723,74374303843.36,86900303843.36,13.98013230138346,2.7651523903543147,26.71490798971264,117.68086051164558,2.201986731506395,2.201986731506395,3.230854885056326,26.954188537022333,31.21418959890805,137.5004807648101,0.0178825203231631,0.0084975585295031,0.3974419706300331,0.1578736916382453,3.885235732009926,0.8352743731882215,0.0,2.032116788321168,0.0130152478743022,0.7278195488721805,0.0,0.0,0.0,0.7729885057471264,0.0800089229282076,1.4501347708894878,0.0,6.531630796792904,0.0163677893769957,0.0156415382806068,-7.892925777649602,-3239000000.0,36751000000.0,-31855000000.0,58560000000.0,8241500000.0,13388500000.0,6082000000.0,27.03312637097073,68.71867640842945,31.557876939798323,3.329248669389776,1.309687623566627,2.851902875839504,0.0393770724774988,0.442122592088446,1992-12-30,,bmo,,2025-04-24,1992-12-31,,15.24578125,3608706.25
1992-09-30,XOM,USD,34088,1992-09-30,1992-09-29 20:00:00,1992,Q3,27241000000.0,16473000000.0,10768000000.0,0.3952865166,0,0.0,0.0,1812000000.0,6902000000.0,8714000000.0,25187000000.0,0.0,0.0,1035000000.0,3089000000.0,0.1133952498,2054000000.0,0.0754010499,-112000000.0,1942000000.0,0.0712896002,807000000.0,1135000000.0,0.0416651371,0.23,0.23,5044444444,5044444444,,,5.400198238361251,0.2250000000198238,0.5136343612787343,0.1619603524371771,0.1970484581671408,7.00572687286394,7.00572687286394,7.00572687286394,2.5697577094775115,80559777770.68001,92528777770.68,17.744444442881058,2.9572988425784668,31.092156607749907,98.60437915627908,2.279563604150538,2.279563604150538,3.396673314881246,29.95428221776627,35.71160855680433,113.25431795676867,0.0140889167200891,0.0101415374099672,0.3668081494057725,0.1480758027483636,3.8747167368080286,0.8440547729287755,0.0,2.282819383259912,0.0120283350676355,0.8537444933920705,0.0,0.0,0.0,0.6846777306059436,0.0651224257552953,1.7140096618357488,0.0,5.955375076097097,0.0168308207560076,0.012965057171904,-8.271971366367575,-3166000000.0,35340000000.0,-35067000000.0,60694000000.0,8212000000.0,13917000000.0,6253000000.0,27.76550053228589,77.20997996721908,34.73137861955928,3.241432651118515,1.1656524200396263,2.591316658801321,0.0321165817770232,0.3516740088415572,1993-01-25,0.24,bmo,,2025-04-24,1992-09-30,0.1666666666666668,15.7946875,3729912.5
1992-06-30,XOM,USD,34088,1992-06-30,1992-06-29 20:00:00,1992,Q2,24547000000.0,14997000000.0,9550000000.0,0.3890495784,0,0.0,0.0,1927000000.0,6317000000.0,8244000000.0,23241000000.0,0.0,0.0,1223000000.0,2529000000.0,0.1030268465,1306000000.0,0.0532040575,-28000000.0,1278000000.0,0.0520633886,323000000.0,955000000.0,0.0389049578,0.19,0.19,5026315789,5026315789,,,4.883696335538778,0.1900000000179057,0.3493612565774267,0.0129319371739935,0.2626178010718697,7.018261780766119,7.018261780766119,7.018261780766119,2.6426910997254893,77757105255.83,89720105255.83,20.35526315597644,3.167682619294822,44.28081164910592,1196.263157782,2.204249496990305,2.204249496990305,3.655033415726158,35.47651453374061,51.09345401812642,1380.309311628154,0.012281835812405,0.0008359364689071,0.3765449597460029,0.152296544291316,4.730328192961645,0.8158487608972476,0.0,1.8387434554973825,0.0125904892778476,1.025130890052356,0.0,0.0,0.0,0.9629840546697038,0.0688882551839328,1.3826655764513491,0.0,5.477505738527589,0.0136305946770004,0.0109495746290903,-8.263010471982902,-3760000000.0,35276000000.0,-35284000000.0,60355000000.0,7734000000.0,13219000000.0,5935500000.0,29.404815252373,82.22844568913783,36.90138027605521,3.06072319201995,1.094511750109473,2.4389331598633923,0.0270722304116112,0.3364293194034331,1992-06-29,,bmo,,2025-04-24,1992-06-30,,15.013492063492064,4573231.746031746
1992-03-31,XOM,USD,34088,1992-03-31,1992-03-30 19:00:00,1992,Q1,24475000000.0,14256000000.0,10219000000.0,0.4175280899,0,0.0,0.0,1870000000.0,6565000000.0,8435000000.0,22691000000.0,0.0,0.0,1302000000.0,3086000000.0,0.1260878447,1784000000.0,0.0728907048,207000000.0,1991000000.0,0.0813483146,641000000.0,1350000000.0,0.0551583248,0.27,0.27,5000000000,5000000000,,,4.895,0.27,0.496,0.1744,0.3254,6.8486,6.8486,6.8486,2.5122,68450000000.0,79384000000.0,12.675925925925924,2.796731358529111,27.600806451612904,78.49770642201835,1.9989486902432607,1.9989486902432607,3.243472931562819,25.723914452365523,32.00967741935484,91.03669724770644,0.0197224251278305,0.0127392257121986,0.3668194959553777,0.1486385743192871,3.543097861309138,0.8249973675897652,0.0,1.837037037037037,0.0133820306793279,0.6785185185185185,0.0,0.0,0.0,0.6483870967741936,0.0656996935648621,1.2350230414746544,0.0,6.450212787187723,0.0173884281873149,0.0159750079875039,-8.038,-3324000000.0,34243000000.0,-34594000000.0,59130000000.0,7994000000.0,13407500000.0,5901500000.0,27.387946884576102,80.4040404040404,36.12373737373738,3.2861170784103115,1.1193467336683418,2.491436560643132,0.0394241158776976,0.3216,1992-03-30,,bmo,,2025-04-24,1992-03-31,,14.426984126984127,4443758.73015873
1991-12-31,XOM,USD,34088,1991-12-31,1991-12-30 19:00:00,1991,Q4,27121000000.0,16660000000.0,10461000000.0,0.3857158659,0,0.0,0.0,2214000000.0,6796000000.0,9010000000.0,25670000000.0,0.0,0.0,1237000000.0,2688000000.0,0.0991113897,1451000000.0,0.0535009771,290000000.0,1741000000.0,0.0641937982,621000000.0,1120000000.0,0.0412964124,0.22,0.22,4753584925,5000000000,,,5.705378241454264,0.2356116526097406,0.5890291315243515,0.096979439154545,0.3147098502715821,7.971667824994207,7.971667824994207,7.347507313125367,2.7436135476216403,72349562558.5,83895562558.5,16.14945592823661,2.667658366524096,25.83912948517857,156.94048277331888,2.071450813367882,2.071450813367882,3.093380131945725,31.21114678515625,29.96270091375,181.9860359186551,0.0154803976747529,0.0063718422571974,0.3734073925616285,0.148949291914116,4.295386904761905,0.8157667593747003,0.0,2.5,0.0124257834907169,0.8026785714285715,0.0,0.0,0.0,0.8353571428571429,0.0862431326278529,1.8908649959579629,0.0,6.24107864584893,0.013116383545615,0.0127912288716308,-8.146378072755269,-3842000000.0,37894000000.0,-32654000000.0,60022000000.0,8117500000.0,13571000000.0,6108000000.0,28.33966299177759,76.05702280912365,32.85054021608644,3.17576112412178,1.1833226791675544,2.7396809735240915,0.0320668823546253,0.4920496923698065,1991-12-30,,bmo,,2025-04-24,1991-12-31,,14.83921875,4126581.25
1991-09-30,XOM,USD,34088,1991-09-30,1991-09-29 20:00:00,1991,Q3,24238000000.0,14503000000.0,9735000000.0,0.4016420497,0,0.0,0.0,1905000000.0,6210000000.0,8115000000.0,22618000000.0,0.0,0.0,1194000000.0,2814000000.0,0.116098688,1620000000.0,0.0668371978,-51000000.0,1569000000.0,0.0647330638,454000000.0,1115000000.0,0.0460021454,0.22,0.22,5068181818,5068181818,,,4.7823856503957805,0.2200000000078923,0.5522690583157764,0.1919820627871563,0.2795874439562184,6.686421524903548,6.686421524903548,6.686421524903548,2.4784035875328576,75414545451.84,86558545451.84,16.909090908484306,3.11141783364304,26.943388871682743,77.50724095769783,2.225405614135977,2.225405614135977,3.5711917423813846,30.759966400796017,30.9248108080886,88.96047836776978,0.0147849462370895,0.0129020203485992,0.3706621813031161,0.1484874635017082,3.960199004975125,0.8355555555555556,0.0,2.5103139013452918,0.0121461979849094,0.8215246636771301,0.0,0.0,0.0,0.6523758485173277,0.0753362488654179,1.5293132328308208,0.0,5.753067577341668,0.0165663135830647,0.0131807596373222,-7.981017937506046,-3182000000.0,33888000000.0,-34537000000.0,58933000000.0,7688000000.0,12811500000.0,5944000000.0,28.57290205462497,81.06391781010825,38.07143349651796,3.149837556855101,1.1102350149276583,2.3639771801140994,0.0329025023607176,0.3602869955286201,1991-09-29,,bmo,,2025-04-24,1991-09-30,,14.67125,3629181.25
1991-06-30,XOM,USD,34088,1991-06-30,1991-06-29 20:00:00,1991,Q2,24251000000.0,14322000000.0,9929000000.0,0.4094264154,0,0.0,0.0,1928000000.0,6279000000.0,8207000000.0,22529000000.0,0.0,0.0,1188000000.0,2910000000.0,0.1199950518,1722000000.0,0.0710073811,65000000.0,1787000000.0,0.073687683,662000000.0,1125000000.0,0.0463898396,0.23,0.23,5000000000,5000000000,,,4.8502,0.225,0.5186,0.1894,0.2072,6.5598,6.5598,6.5598,2.43,74850000000.0,85964000000.0,16.633333333333333,3.08647066100367,28.866178172001547,79.03907074973601,2.282081770785694,2.282081770785694,3.5447610407818235,29.54089347079038,33.1523332047821,90.77507919746569,0.0150300601202404,0.0126519706078824,0.3704381231135095,0.1486347621843805,3.819243986254296,0.8401126577479283,0.0,2.3048888888888888,0.0121977287909151,0.8115555555555556,0.0,0.0,0.0,0.6347859622059391,0.0678734897529998,1.3855218855218856,0.0,5.76272396527892,0.0160706741003423,0.0137624779800352,-7.85435,-2952000000.0,32799000000.0,-33434000000.0,57372000000.0,7878000000.0,12803500000.0,5920500000.0,28.505628633870767,78.92752408881441,36.15207373271889,3.157271188647312,1.1402866242038217,2.4894837476099427,0.0342998262142138,0.3292,1991-06-29,,bmo,,2025-04-24,1991-06-30,,14.63046875,4430431.25
1991-03-31,XOM,USD,34088,1991-03-31,1991-03-30 19:00:00,1991,Q1,27237000000.0,15763000000.0,11474000000.0,0.4212651907,0,0.0,0.0,1834000000.0,6362000000.0,8196000000.0,23959000000.0,0.0,0.0,1205000000.0,4483000000.0,0.1645922826,3278000000.0,0.1203509931,143000000.0,3421000000.0,0.1256012042,1181000000.0,2240000000.0,0.0822410691,0.45,0.45,5033707865,5033707865,,,5.410921875181169,0.4450000000148995,0.5463169643040061,0.2457433035796566,0.3248102678680182,6.563154018076891,6.563154018076891,6.563154018076891,2.5424598215136984,72384719098.7,83547719098.7,8.078651685122768,2.6575878069794765,26.321716035890912,58.51634526976556,2.1910197384356933,2.1910197384356933,3.0674347064177403,18.6365645993085,30.38098876316364,67.54059749288601,0.0309457579982544,0.0170892422517146,0.3873838423585676,0.1529745042492918,2.490073611420923,0.8425291381121505,0.0,1.2276785714285714,0.0126684196805354,0.409375,0.0,0.0,0.0,0.5501818181818182,0.0555494364283878,1.255601659751037,0.0,8.10639128146397,0.0312917914550608,0.0267747217939063,-7.924327567229609,-3148000000.0,33037000000.0,-33781000000.0,57606000000.0,8824500000.0,14329000000.0,6237000000.0,26.682454014759337,74.49279959398592,34.75988073336294,3.3730030959752324,1.2081704606422932,2.58919185282523,0.0678027665950298,0.3005736607243495,1991-03-30,,bmo,,2025-04-24,1991-03-31,,13.415901639344264,5022072.131147541
1990-12-31,XOM,USD,34088,1990-12-31,1990-12-30 19:00:00,1990,Q4,31862000000.0,19714000000.0,12148000000.0,0.3812692235,0,0.0,0.0,2492000000.0,7216000000.0,9708000000.0,29422000000.0,0.0,0.0,1751000000.0,4191000000.0,0.131535999,2440000000.0,0.0765802523,-175000000.0,2265000000.0,0.0710878162,710000000.0,1555000000.0,0.0488042182,0.31,0.31,4827401017,5033707865,,,6.600238904494559,0.3221194996073391,0.8605044381793484,0.4190660756949498,0.2759248704031998,7.458464683834241,7.458464683834241,6.847369813196524,2.853916621279943,62466569159.98,74911569159.98,10.042856778131831,1.9605350938415669,15.037691179581126,30.878185447345523,1.8897767103306609,1.8897767103306609,2.351125766115749,17.87439015986161,18.03359873856042,37.02994026692041,0.0248933152710463,0.0323853226966731,0.4167901981545908,0.1570798225911272,2.9694583631591507,0.7632049947970864,0.0,2.6713826366559488,0.0144717408392449,0.5813504823151125,0.0,0.0,0.0,0.5129995185363505,0.0668821793986567,1.2170188463735008,0.0,7.0446863025757525,0.0240088214163091,0.0177294856738914,-8.285307116427614,-5689000000.0,36005000000.0,-33366000000.0,56999000000.0,8971000000.0,14847000000.0,6331500000.0,27.043500094156048,71.26864157451557,29.15390078117074,3.327971589722164,1.262827493434117,3.0870654556843093,0.0470428074421418,0.4414383624843985,1990-12-30,,bmo,,2025-04-24,1990-12-31,,12.465625,4135250.0
1990-09-30,XOM,USD,34088,1990-09-30,1990-09-29 20:00:00,1990,Q3,26086000000.0,15944000000.0,10142000000.0,0.3887909223,0,0.0,0.0,1863000000.0,6316000000.0,8179000000.0,24123000000.0,0.0,0.0,1185000000.0,3148000000.0,0.1206777582,1963000000.0,0.0752510925,-107000000.0,1856000000.0,0.0711492755,781000000.0,1075000000.0,0.0412098444,0.22,0.22,5000000000,5000000000,,,5.2172,0.215,0.3942,0.0706,0.268,6.451,6.451,6.451,2.9904,62050000000.0,75662000000.0,14.430232558139537,2.378670551253546,31.48148148148148,175.77903682719543,1.923732754611688,1.923732754611688,2.9004830177106493,24.034942820838623,38.38762049720954,214.3399433427762,0.0173247381144238,0.0056889605157131,0.4635560378235932,0.17354364706292,4.324015247776366,0.7431945040790039,0.0,1.8334883720930235,0.0154069298952457,0.8893023255813953,0.0,0.0,0.0,0.8209030948756976,0.0620256076056122,1.3654008438818566,0.0,5.586296850329385,0.0162462088009279,0.012477221815987,-8.6295,-5981000000.0,32255000000.0,-36593000000.0,56281000000.0,7709000000.0,13282500000.0,5992500000.0,28.870658590815,79.4951078775715,35.43213748118414,3.1173518164435947,1.1321451395299298,2.5400669109447187,0.0333281661757867,0.3236,1990-09-29,,bmo,,2025-04-24,1990-09-30,,12.580793650793652,5626704.761904762
1990-06-30,XOM,USD,34088,1990-06-30,1990-06-29 20:00:00,1990,Q2,23444000000.0,13601000000.0,9843000000.0,0.4198515612,0,0.0,0.0,1800000000.0,6162000000.0,7962000000.0,21563000000.0,0.0,0.0,1323000000.0,3204000000.0,0.1366660979,1881000000.0,0.0802337485,-12000000.0,1869000000.0,0.0797218905,769000000.0,1100000000.0,0.0469203208,0.22,0.22,5000000000,5000000000,,,4.6888,0.22,0.5502,0.2496,0.306,6.2464,6.2464,6.2464,2.9832,59850000000.0,73236000000.0,13.602272727272728,2.552891997952568,21.75572519083969,47.95673076923077,1.9163037909836065,1.9163037909836065,3.123869646817949,22.857677902621724,26.621592148309706,58.68269230769231,0.0183792815371762,0.0208521303258145,0.4775870901639344,0.1805636257989541,4.177902621722846,0.7573579079417158,0.0,2.500909090909091,0.0117794486215538,0.6409090909090909,0.0,0.0,0.0,0.5463467829880043,0.0641102200989592,1.1360544217687074,0.0,5.560546735708639,0.016166690036523,0.0133159016075924,-8.3409,-5029000000.0,31232000000.0,-35679000000.0,55979000000.0,7329500000.0,12372500000.0,5666000000.0,27.064494113632485,82.59539739725021,37.77075215057717,3.3253900709219857,1.0896490946963628,2.382796075683252,0.0352202868852459,0.3006,1990-06-29,,bmo,,2025-04-24,1990-06-30,,11.738888888888887,4329282.53968254
1990-03-31,XOM,USD,34088,1990-03-31,1990-03-30 19:00:00,1990,Q1,24127000000.0,14439000000.0,9688000000.0,0.4015418411,0,0.0,0.0,1621000000.0,5745000000.0,7366000000.0,21805000000.0,0.0,0.0,1286000000.0,3608000000.0,0.1495420069,2322000000.0,0.0962407262,-132000000.0,2190000000.0,0.0907696771,910000000.0,1280000000.0,0.0530525967,0.26,0.26,5019607843,5019607843,,,4.806550781381429,0.2550000000069726,0.3526171875096419,0.094429687502582,0.3354843750091734,6.083941406416358,6.083941406416358,6.083941406416358,3.158015625086352,57876078429.78999,72044078429.79,11.303921568318358,2.398809567281054,32.69834939536158,122.10143128647678,1.8951530315265728,1.8951530315265728,2.98603549673768,19.967870961693457,40.70286916937288,151.99172664512656,0.0221162185608822,0.0081899121858267,0.5190739709879171,0.1926475056207085,3.926829268292683,0.769648470991712,0.0,1.3828125,0.0143755420645734,0.65,0.0,0.0,0.0,0.7322033898305085,0.0537157541343722,1.0077760497667183,0.0,5.908181938656624,0.0198984030985207,0.0155556905875919,-8.276194336163803,-4836000000.0,30539000000.0,-35588000000.0,55308000000.0,7698000000.0,12922000000.0,5623000000.0,28.38355369503046,76.4367338458342,35.05505921462705,3.170850308844789,1.1774443447769714,2.567389758179232,0.0419136186515603,0.2581875000070598,1990-03-30,,bmo,,2025-04-24,1990-03-31,,11.842380952380951,4567580.952380952
1989-12-31,XOM,USD,34088,1989-12-31,1989-12-30 19:00:00,1989,Q4,23696000000.0,14255000000.0,9441000000.0,0.3984216745,0,0.0,0.0,1535000000.0,6060000000.0,7595000000.0,21850000000.0,0.0,0.0,1483000000.0,3329000000.0,0.140487846,1846000000.0,0.0779034436,-1086000000.0,760000000.0,0.0320729237,325000000.0,970000000.0,0.0409351789,0.0867,0.0867,5019607843,5019607843,,,4.720687500129081,0.1932421875052839,0.5615976562653562,0.1063828125029089,0.3715429687601593,6.595535156430347,6.595535156430347,6.025171875164751,3.1938750000873326,62745098037.5,76912098037.5,16.17141701997423,2.647919397261141,22.257927647215325,117.50018359082397,2.0746296137250364,2.0746296137250364,3.245784015762154,23.10366417467708,27.283468619191204,144.03014613764046,0.0154593750004227,0.0085106250002327,0.5300886126173786,0.1926483134861029,4.2556323220186245,0.7540029112081513,0.0,6.480459770114942,0.013132500000359,0.8494845360824742,0.0,0.0,0.0,0.8105711245122383,0.0964297771775827,1.540795684423466,0.0,5.11831430728647,0.0155399474241551,0.0116559920210528,-7.888215820528194,-5408000000.0,33107000000.0,-33536000000.0,55017000000.0,7291500000.0,12328000000.0,5594500000.0,29.575877785280216,85.74465099964924,35.494914065240266,3.043020418646462,1.0496281569840218,2.535574528637496,0.0320724771855574,0.4552148437624473,1989-12-30,,bmo,,2025-04-24,1989-12-31,,,
1989-09-30,XOM,USD,34088,1989-09-30,1989-09-29 20:00:00,1989,Q3,21248000000.0,12287000000.0,8961000000.0,0.4217338102,0,0.0,0.0,1750000000.0,5212000000.0,6962000000.0,19249000000.0,0.0,0.0,1205000000.0,3204000000.0,0.1507906627,1999000000.0,0.0940794428,-222000000.0,1777000000.0,0.0836314006,667000000.0,1110000000.0,0.0522402108,0.22,0.22,5045454545,5045454545,,,4.211315315694713,0.2200000000198198,,,0.3961981982338917,5.891837838368634,5.891837838368634,5.891837838368634,3.2391531534449687,56458636358.55,70802636358.54999,12.715909089763514,2.6571270876576616,0.0,0.0,1.899237607513372,1.899237607513372,3.3322023888624805,22.098201110658547,0.0,0.0,0.0196604110830938,,0.5497695697514045,0.2069624901856495,4.476903870162297,0.7885287028383098,0.0,0.0,0.0134048257372654,0.6818181817567568,0.0,0.0,0.0,0.0,,0.0,,5.400425659385765,0.0187993544054522,0.0140566826229009,-7.800981982684773,-4299000000.0,29727000000.0,-33209000000.0,53494000000.0,,,,28.785768072289155,81.12232440791081,40.77724424188167,3.1265450264861685,1.1094356659142213,2.207113346506197,0.0373397921081844,,1989-09-29,,bmo,,2025-04-24,1989-09-30,,,
1989-06-30,XOM,USD,34088,1989-06-30,1989-06-29 20:00:00,1989,Q2,23611000000.0,0.0,0.0,0.0,0,0.0,0.0,0.0,0.0,0.0,0.0,0.0,0.0,0.0,23611000000.0,1.0,23611000000.0,1.0,-23611000000.0,0.0,0.0,0.0,0.0,0.0,0.035,0.035,5095504000,5095504000,,,4.633692761304868,0.0,,,,,,,,56050544000.0,,0.0,2.373916564313244,0.0,0.0,0.0,0.0,,,0.0,0.0,0.0,,0.0,0.0,,0.0,0.0,0.0,0.0125,0.0,0.0,0.0,0.0,0.0,,0.0,,,0.0,0.0,,,,,,,,,,0.0,0.0,0.0,0.0,0.0,0.0,,1989-06-29,,bmo,,2025-04-24,1989-06-30,,,
1989-03-31,XOM,USD,34088,1989-03-31,1989-03-30 19:00:00,1989,Q1,22244000000.0,0.0,0.0,0.0,0,0.0,0.0,0.0,0.0,0.0,0.0,0.0,0.0,0.0,22244000000.0,1.0,22244000000.0,1.0,-22244000000.0,0.0,0.0,0.0,0.0,0.0,0.25,0.25,5154800000,5154800000,,,4.31520136571739,0.0,,,,,,,,56548156000.0,,0.0,2.5421756878259307,0.0,0.0,0.0,0.0,,,0.0,0.0,0.0,,0.0,0.0,,0.0,0.0,0.0,0.0125341841385597,0.0,0.0,0.0,0.0,0.0,,0.0,,,0.0,0.0,,,,,,,,,,0.0,0.0,0.0,0.0,0.0,0.0,,1989-03-30,,bmo,,2025-04-24,1989-03-31,,,
1988-12-31,XOM,USD,34088,1988-12-31,1988-12-30 19:00:00,1988,Q4,19478000000.0,0.0,0.0,0.0,0,0.0,0.0,0.0,71270000000.0,71270000000.0,71270000000.0,0.0,0.0,0.0,-51792000000.0,-2.6589998973,-51792000000.0,-2.6589998973,51792000000.0,0.0,0.0,0.0,0.0,0.0,0.0,0.0,5154800000,5154800000,,,3.778614107239854,0.0,,,0.4673314192597191,6.162605726701327,6.162605726701327,6.162605726701327,1.869713664933654,56702800000.0,63931800000.0,0.0,2.9111202382174763,0.0,0.0,1.784959234425662,1.784959234425662,3.282256905226409,-1.2343952734012975,0.0,0.0,0.0,,0.3033966065413794,0.1297295842138559,-0.1395775409329626,0.8493620916528406,0.0,0.0,0.0125,0.0,0.0,0.0,0.0,0.0,,0.0,,0.0,,0.0,-6.396174439357492,-2633000000.0,31767000000.0,-27680000000.0,51426000000.0,,,,28.15792175788069,0.0,0.0,3.1962586150311783,0.0,0.0,0.0,,1988-12-30,,bmo,,2025-04-24,1988-12-31,,,
1988-09-30,XOM,USD,34088,1988-09-30,1988-09-29 20:00:00,1988,Q3,19745000000.0,0.0,0.0,0.0,0,0.0,0.0,0.0,0.0,0.0,0.0,0.0,0.0,0.0,19745000000.0,1.0,19745000000.0,1.0,-19745000000.0,0.0,0.0,0.0,0.0,0.0,0.24,0.24,5232000000,5232000000,,,3.773891437308869,0.0,,,,,,,,58546080000.0,,0.0,2.965109141554824,0.0,0.0,0.0,0.0,,,0.0,0.0,0.0,,0.0,0.0,,0.0,0.0,0.0,0.0122877569258266,0.0,0.0,0.0,0.0,0.0,,0.0,,,0.0,0.0,,,,,,,,,,0.0,0.0,0.0,0.0,0.0,0.0,,1988-09-29,,bmo,,2025-04-24,1988-09-30,,,
1988-06-30,XOM,USD,34088,1988-06-30,1988-06-29 20:00:00,1988,Q2,19928000000.0,0.0,0.0,0.0,0,0.0,0.0,0.0,0.0,0.0,0.0,0.0,0.0,0.0,19928000000.0,1.0,19928000000.0,1.0,-19928000000.0,0.0,0.0,0.0,0.0,0.0,0.23,0.23,5424800000,5424800000,,,3.673499483851939,0.0,,,,,,,,61517232000.0,,0.0,3.086974708952228,0.0,0.0,0.0,0.0,,,0.0,0.0,0.0,,0.0,0.0,,0.0,0.0,0.0,0.0121252204585537,0.0,0.0,0.0,0.0,0.0,,0.0,,,0.0,0.0,,,,,,,,,,0.0,0.0,0.0,0.0,0.0,0.0,,1988-06-29,,bmo,,2025-04-24,1988-06-30,,,
1988-03-31,XOM,USD,34088,1988-03-31,1988-03-30 19:00:00,1988,Q1,20406000000.0,0.0,0.0,0.0,0,0.0,0.0,0.0,0.0,0.0,0.0,0.0,0.0,0.0,20406000000.0,1.0,20406000000.0,1.0,-20406000000.0,0.0,0.0,0.0,0.0,0.0,0.27,0.27,5424800000,5424800000,,,3.7616133313670552,0.0,,,,,,,,56960400000.0,,0.0,2.7913554836812704,0.0,0.0,0.0,0.0,,,0.0,0.0,0.0,,0.0,0.0,,0.0,0.0,0.0,0.0119047619047619,0.0,0.0,0.0,0.0,0.0,,0.0,,,0.0,0.0,,,,,,,,,,0.0,0.0,0.0,0.0,0.0,0.0,,1988-03-30,,bmo,,2025-04-24,1988-03-31,,,
1987-12-31,XOM,USD,34088,1987-12-31,1987-12-30 19:00:00,1987,Q4,20447000000.0,0.0,0.0,0.0,0,0.0,0.0,0.0,69408000000.0,69408000000.0,69408000000.0,0.0,0.0,0.0,-48961000000.0,-2.3945322052,-48961000000.0,-2.3945322052,48961000000.0,0.0,0.0,0.0,0.0,0.0,0.0,0.0,5424800000,5424800000,,,3.769171213685297,0.0,,,0.4665609792066067,6.198569532517328,6.198569532517328,6.198569532517328,1.4535098068131544,51698344000.0,57052344000.0,0.0,2.5284072969139726,0.0,0.0,1.5374514958662937,1.5374514958662937,2.790255000733604,-1.1652610036559712,0.0,0.0,0.0,,0.2344911675489204,0.1064936117338807,-0.1093523416596883,1.0062107740585775,0.0,0.0,0.0131164742917103,0.0,0.0,0.0,0.0,0.0,,0.0,,0.0,,0.0,-5.639009733077717,95000000.0,33626000000.0,-25025000000.0,53529000000.0,,,,27.63339365188047,0.0,0.0,3.256928958266964,0.0,0.0,0.0,,1987-12-30,,bmo,,2025-04-24,1987-12-31,,,
1987-09-30,XOM,USD,34088,1987-09-30,1987-09-29 20:00:00,1987,Q3,19600000000.0,0.0,0.0,0.0,0,0.0,0.0,0.0,0.0,0.0,0.0,0.0,0.0,0.0,19600000000.0,1.0,19600000000.0,1.0,-19600000000.0,0.0,0.0,0.0,0.0,0.0,0.19,0.19,5705376000,5705376000,,,3.435356407710903,0.0,,,,,,,,69377372160.0,,0.0,3.5396618448979598,0.0,0.0,0.0,0.0,,,0.0,0.0,0.0,,0.0,0.0,,0.0,0.0,0.0,0.0102796052631578,0.0,0.0,0.0,0.0,0.0,,0.0,,,0.0,0.0,,,,,,,,,,0.0,0.0,0.0,0.0,0.0,0.0,,1987-09-29,,bmo,,2025-04-24,1987-09-30,,,
1987-06-30,XOM,USD,34088,1987-06-30,1987-06-29 20:00:00,1987,Q2,18588000000.0,0.0,0.0,0.0,0,0.0,0.0,0.0,0.0,0.0,0.0,0.0,0.0,0.0,18588000000.0,1.0,18588000000.0,1.0,-18588000000.0,0.0,0.0,0.0,0.0,0.0,0.21,0.21,5704000000,5704000000,,,3.258765778401122,0.0,,,,,,,,66508640000.0,,0.0,3.5780417473638906,0.0,0.0,0.0,0.0,,,0.0,0.0,0.0,,0.0,0.0,,0.0,0.0,0.0,0.0096483704974271,0.0,0.0,0.0,0.0,0.0,,0.0,,,0.0,0.0,,,,,,,,,,0.0,0.0,0.0,0.0,0.0,0.0,,1987-06-29,,bmo,,2025-04-24,1987-06-30,,,
1987-03-31,XOM,USD,34088,1987-03-31,1987-03-30 19:00:00,1987,Q1,17781000000.0,0.0,0.0,0.0,0,0.0,0.0,0.0,0.0,0.0,0.0,0.0,0.0,0.0,17781000000.0,1.0,17781000000.0,1.0,-17781000000.0,0.0,0.0,0.0,0.0,0.0,0.19,0.19,5704000000,5704000000,,,3.117286115007013,0.0,,,,,,,,61146880000.0,,0.0,3.4388887014228677,0.0,0.0,0.0,0.0,,,0.0,0.0,0.0,,0.0,0.0,,0.0,0.0,0.0,0.0104944029850746,0.0,0.0,0.0,0.0,0.0,,0.0,,,0.0,0.0,,,,,,,,,,0.0,0.0,0.0,0.0,0.0,0.0,,1987-03-30,,bmo,,2025-04-24,1987-03-31,,,
1986-12-31,XOM,USD,34088,1986-12-31,1986-12-30 19:00:00,1986,Q4,17525000000.0,0.0,0.0,0.0,0,0.0,0.0,0.0,62037000000.0,62037000000.0,62037000000.0,0.0,0.0,0.0,-44512000000.0,-2.539914408,-44512000000.0,-2.539914408,44512000000.0,0.0,0.0,0.0,0.0,0.0,0.0,0.0,5704000000,5704000000,,,3.072405329593268,0.0,,,0.6690042075736325,5.612201963534362,5.612201963534362,5.612201963534362,1.3811360448807857,50024080000.0,54086080000.0,0.0,2.8544410841654777,0.0,0.0,1.5626665000624764,1.5626665000624764,3.0862242510699,-1.2150898634076204,0.0,0.0,0.0,,0.2460952142946395,0.1133786195383109,-0.0912562904385334,1.0722733245729303,0.0,0.0,0.0128278221208665,0.0,0.0,0.0,0.0,0.0,,0.0,,0.0,,0.0,-4.609484572230014,1100000000.0,32012000000.0,-21152000000.0,50389000000.0,,,,34.83937232524965,0.0,0.0,2.5832841981132075,0.0,0.0,0.0,,1986-12-30,,bmo,,2025-04-24,1986-12-31,,,
1986-09-30,XOM,USD,34088,1986-09-30,1986-09-29 20:00:00,1986,Q3,15570000000.0,0.0,0.0,0.0,0,0.0,0.0,0.0,0.0,0.0,0.0,0.0,0.0,0.0,15570000000.0,1.0,15570000000.0,1.0,-15570000000.0,0.0,0.0,0.0,0.0,0.0,0.19,0.19,5777240000,5777240000,,,2.695058540064114,0.0,,,,,,,,48586588400.0,,0.0,3.1205259087989723,0.0,0.0,0.0,0.0,,,0.0,0.0,0.0,,0.0,0.0,,0.0,0.0,0.0,0.0133769322235434,0.0,0.0,0.0,0.0,0.0,,0.0,,,0.0,0.0,,,,,,,,,,0.0,0.0,0.0,0.0,0.0,0.0,,1986-09-29,,bmo,,2025-04-24,1986-09-30,,,
1986-06-30,XOM,USD,34088,1986-06-30,1986-06-29 20:00:00,1986,Q2,16427000000.0,0.0,0.0,0.0,0,0.0,0.0,0.0,0.0,0.0,0.0,0.0,0.0,0.0,16427000000.0,1.0,16427000000.0,1.0,-16427000000.0,0.0,0.0,0.0,0.0,0.0,0.2,0.2,5791432000,5791432000,,,2.836431473252212,0.0,,,,,,,,44072797520.0,,0.0,2.682948652827662,0.0,0.0,0.0,0.0,,,0.0,0.0,0.0,,0.0,0.0,,0.0,0.0,0.0,0.0147831800262812,0.0,0.0,0.0,0.0,0.0,,0.0,,,0.0,0.0,,,,,,,,,,0.0,0.0,0.0,0.0,0.0,0.0,,1986-06-29,,bmo,,2025-04-24,1986-06-30,,,
1986-03-31,XOM,USD,34088,1986-03-31,1986-03-30 19:00:00,1986,Q1,20366000000.0,0.0,0.0,0.0,0,0.0,0.0,0.0,0.0,0.0,0.0,0.0,0.0,0.0,20366000000.0,1.0,20366000000.0,1.0,-20366000000.0,0.0,0.0,0.0,0.0,0.0,0.3,0.3,5848000000,5848000000,,,3.482558139534884,0.0,,,,,,,,40760560000.0,,0.0,2.0014023372287144,0.0,0.0,0.0,0.0,,,0.0,0.0,0.0,,0.0,0.0,,0.0,0.0,0.0,0.0161406025824964,0.0,0.0,0.0,0.0,0.0,,0.0,,,0.0,0.0,,,,,,,,,,0.0,0.0,0.0,0.0,0.0,0.0,,1986-03-30,,bmo,,2025-04-24,1986-03-31,,,
1985-12-31,XOM,USD,34088,1985-12-31,1985-12-30 19:00:00,1985,Q4,22706300000.0,0.0,0.0,0.0,0,0.0,0.0,0.0,76550000000.0,76550000000.0,76550000000.0,0.0,0.0,0.0,-53843700000.0,-2.3713110458,-53843700000.0,-2.3713110458,53843700000.0,0.0,0.0,0.0,0.0,0.0,0.0,0.0,5848000000,5848000000,,,3.882746238030096,0.0,,,0.4230506155950752,4.975376196990424,4.975376196990424,4.975376196990424,1.3524281805745555,40292720000.0,45727720000.0,0.0,1.774517204476291,0.0,0.0,1.3848199065163596,1.3848199065163596,2.0138780866984054,-0.8492677880606273,0.0,0.0,0.0,,0.2718243057464943,0.1143580104106419,-0.1009403142800364,0.9091623448059092,0.0,0.0,0.0163280116110304,0.0,0.0,0.0,0.0,0.0,,0.0,,0.0,,0.0,-5.052453830369357,-1734000000.0,29096000000.0,-22709000000.0,46528000000.0,,,,29.83445123159652,0.0,0.0,3.0166467384083964,0.0,0.0,0.0,,1985-12-30,,bmo,,2025-04-24,1985-12-31,,,
1985-09-30,XOM,USD,34088,1985-09-30,1985-09-29 20:00:00,1985,Q3,20862300000.0,0.0,0.0,0.0,0,0.0,0.0,0.0,0.0,0.0,0.0,0.0,0.0,0.0,20862300000.0,1.0,20862300000.0,1.0,-20862300000.0,0.0,0.0,0.0,0.0,0.0,0.17,0.17,6019224000,6019224000,,,3.465945111861596,0.0,,,,,,,,39004571520.0,,0.0,1.869619913432364,0.0,0.0,0.0,0.0,,,0.0,0.0,0.0,,0.0,0.0,,0.0,0.0,0.0,0.0163966049382716,0.0,0.0,0.0,0.0,0.0,,0.0,,,0.0,0.0,,,,,,,,,,0.0,0.0,0.0,0.0,0.0,0.0,,1985-09-29,,bmo,,2025-04-24,1985-09-30,,,
