date,symbol,reportedCurrency,cik,fillingDate,acceptedDate,calendarYear,period,revenue,costOfRevenue,grossProfit,grossProfitRatio,researchAndDevelopmentExpenses,generalAndAdministrativeExpenses,sellingAndMarketingExpenses,sellingGeneralAndAdministrativeExpenses,otherExpenses,operatingExpenses,costAndExpenses,interestIncome,interestExpense,depreciationAndAmortization,ebitda,ebitdaratio,operatingIncome,operatingIncomeRatio,totalOtherIncomeExpensesNet,incomeBeforeTax,incomeBeforeTaxRatio,incomeTaxExpense,netIncome,netIncomeRatio,eps,epsdiluted,weightedAverageShsOut,weightedAverageShsOutDil,link,finalLink,revenuePerShare,netIncomePerShare,operatingCashFlowPerShare,freeCashFlowPerShare,cashPerShare,bookValuePerShare,tangibleBookValuePerShare,shareholdersEquityPerShare,interestDebtPerShare,marketCap,enterpriseValue,peRatio,priceToSalesRatio,pocfratio,pfcfRatio,pbRatio,ptbRatio,evToSales,enterpriseValueOverEBITDA,evToOperatingCashFlow,evToFreeCashFlow,earningsYield,freeCashFlowYield,debtToEquity,debtToAssets,netDebtToEBITDA,currentRatio,interestCoverage,incomeQuality,dividendYield,payoutRatio,salesGeneralAndAdministrativeToRevenue,researchAndDdevelopementToRevenue,intangiblesToTotalAssets,capexToOperatingCashFlow,capexToRevenue,capexToDepreciation,stockBasedCompensationToRevenue,grahamNumber,roic,returnOnTangibleAssets,grahamNetNet,workingCapital,tangibleAssetValue,netCurrentAssetValue,investedCapital,averageReceivables,averagePayables,averageInventory,daysSalesOutstanding,daysPayablesOutstanding,daysOfInventoryOnHand,receivablesTurnover,payablesTurnover,inventoryTurnover,roe,capexPerShare,report_date,epsEstimated,time,revenueEstimated,updatedFromDate,fiscalDateEnding,surprise(%),QuarterAvgPrice,QuarterAvgVolume
2025-03-31,XYL,USD,1524472,2025-04-29,2025-04-29 11:27:29,2025,Q1,2069000000.0,1301000000.0,768000000.0,0.3711938134,56000000,460000000.0,0.0,460000000.0,21000000.0,537000000.0,1838000000.0,0.0,8000000.0,145000000.0,370000000.0,0.1788303528,231000000.0,0.1116481392,-14000000.0,217000000.0,0.1048815853,50000000.0,169000000.0,0.081681972,0.6951871657754011,0.6931911402789172,243100000,243800000,https://www.sec.gov/Archives/edgar/data/1524472/000152447225000022/0001524472-25-000022-index.htm,https://www.sec.gov/Archives/edgar/data/1524472/000152447225000022/xyl-20250331.htm,0.0,0.6951871657754011,0.1357466063348416,-0.1563142739613328,4.356232003290827,45.47099958864665,2.7190456602221307,44.49197860962567,8.786507610037022,29040726000.0,30117726000.0,42.95965384615384,0.0,880.022,-764.2296315789474,2.684978365384615,2.684978365384615,0.0,79.04914960629921,912.6583636363636,-792.5717368421052,0.0058194137433065,-0.0013085072322227,0.1974852071005917,0.1289932966966604,2.826771653543307,1.88550323176362,0.0,0.0,0.0033484011384563,0.5753846153846154,0.0,0.0,0.6276345189926928,2.1515151515151514,0.0,0.0,0.0,26.380498127607872,0.0,0.0274083684722672,-16.18675442204854,1918000000.0,661000000.0,-1421000000.0,13468000000.0,834000000.0,982000000.0,1009000000.0,0.0,0.0,0.0,0.0,0.0,0.0,0.015625,0.2920608802961744,2025-04-29,0.955,bmo,2040259487.0,2025-05-11,2025-03-31,0.0785340314136126,123.91683333333334,1479145.5833333333
2024-12-31,XYL,USD,1524472,2025-03-03,2025-03-03 12:01:51,2024,Q4,2256000000.0,1399000000.0,857000000.0,0.3798758865,58000000,0.0,0.0,507000000.0,25000000.0,590000000.0,1989000000.0,0.0,0.0,142000000.0,535000000.0,0.2371453901,267000000.0,0.1183510638,108000000.0,375000000.0,0.1662234043,49000000.0,326000000.0,0.1445035461,1.34,1.34,245192423,243800000,https://www.sec.gov/Archives/edgar/data/1524472/000152447225000013/0001524472-25-000013-index.htm,https://www.sec.gov/Archives/edgar/data/1524472/000152447225000013/xyl-20241231.htm,9.200936849504522,1.32956800218904,2.345096936376374,1.9372539909196136,4.571919418570287,44.3814693246047,2.1330186047388584,43.40264625550847,8.222113780408296,28447224916.46,29342224916.46,21.815356531027607,12.609585512615247,49.47343463732174,59.88889456096842,2.6731089002499533,2.6731089002499533,13.006305370771276,54.84528021768224,51.02995637645217,61.77310508728421,0.0114598172917517,0.0166975865447303,0.1894380755497087,0.1222040370976541,1.6728971962616823,1.7623762376237624,0.0,1.7638036809815951,0.003058294798719,0.2668711656441718,0.0,0.025709219858156,0.6279323513366066,0.1739130434782608,0.0443262411347517,0.704225352112676,0.0057624113475177,36.03335007478787,0.0163470666948376,0.0531117627891821,-11.195288852788082,1771000000.0,523000000.0,-1521000000.0,13282000000.0,1687500000.0,968000000.0,1043500000.0,66.54255319148936,64.71765546819157,64.07433881343817,1.3525179856115108,1.3906560636182903,1.4046184738955825,0.0306333395978199,0.4078429454567607,2025-02-04,1.13,bmo,2180675844.0,2025-05-04,2024-12-31,0.0442477876106195,126.4271875,1332920.375
2024-09-30,XYL,USD,1524472,2024-10-31,2024-10-31 16:04:16,2024,Q3,2103000000.0,1319000000.0,784000000.0,0.3728007608,55000000,0.0,0.0,445000000.0,0.0,504000000.0,1824000000.0,0.0,10000000.0,141000000.0,425000000.0,0.2020922492,280000000.0,0.1331431289,-11000000.0,269000000.0,0.1279125059,52000000.0,217000000.0,0.1031859249,0.89,0.89,243820224,243750000,https://www.sec.gov/Archives/edgar/data/1524472/000152447224000045/0001524472-24-000045-index.htm,https://www.sec.gov/Archives/edgar/data/1524472/000152447224000045/xyl-20240930.htm,8.62520739871029,0.8900000026248848,1.2755299576789825,0.9720276526363948,4.056267293069175,43.47465450610037,2.793041482891919,43.44594482859633,8.666221223716045,32923044846.72,34037044846.72,37.92977516903226,15.655275723594864,105.86188053607717,138.91580104101266,3.108000079932031,3.108000079932031,16.1849951720019,80.08716434522353,109.443874105209,143.61622298194092,0.0065911279169435,0.0071986051443115,0.1985273293684508,0.1310607004861024,2.621176470588235,1.9556530214424952,28.0,1.433179723502304,0.0026728998004194,0.4055299539170507,0.0,0.026153114598193,0.6181602891686402,0.2379421221864952,0.0351878269139324,0.524822695035461,0.0057061340941512,29.49584797490241,0.0159967143022631,0.0354170066916925,-10.7917627046393,1961000000.0,681000000.0,-1433000000.0,13038000000.0,1691000000.0,935000000.0,1074000000.0,73.05278174037089,63.45716451857468,74.44275966641395,1.2319859402460458,1.418279569892473,1.2089825847846012,0.0204852260927027,0.3035023050425874,2024-10-31,1.11,bmo,2169788747.0,2025-04-25,2024-09-30,0.0,133.78765625,1179554.6875
2024-06-30,XYL,USD,1524472,2024-07-30,2024-07-30 13:16:50,2024,Q2,2169000000.0,1351000000.0,818000000.0,0.377132319,58000000,485000000.0,0.0,485000000.0,4000000.0,543000000.0,1894000000.0,0.0,11000000.0,145000000.0,420000000.0,0.193637621,275000000.0,0.1267865376,-6000000.0,247000000.0,0.1138773628,53000000.0,194000000.0,0.0894421392,0.8,0.8,242572000,243538000,https://www.sec.gov/Archives/edgar/data/1524472/000152447224000033/0001524472-24-000033-index.htm,https://www.sec.gov/Archives/edgar/data/1524472/000152447224000033/xyl-20240630.htm,8.941675049057599,0.7997625447289877,1.18727635506159,0.8863347789522286,3.3598271853305413,42.65949903533796,1.916956614943192,42.63064162393022,8.719060732483552,31905495160.0,33194495160.0,41.11532881443299,14.709771857999078,110.78296930555555,148.39765190697673,3.0853394410598587,3.0853394410598587,15.304054937759336,79.03451228571429,115.25866375,154.39300074418605,0.0060804572700447,0.0067386510982454,0.2034619475872739,0.1334601966381224,3.0690476190476192,1.8516160626836435,25.0,1.4845360824742269,0.0027268030025458,0.4484536082474227,0.2236053480866759,0.0267404333794375,0.626895020615287,0.2534722222222222,0.0336560627017058,0.503448275862069,0.0059935454126325,27.69699956029784,0.0155995885334398,0.0329819789187351,-11.614077469782169,1739000000.0,465000000.0,-1636000000.0,12766000000.0,1658000000.0,944000000.0,1048000000.0,69.50207468879668,62.62028127313101,70.41450777202073,1.2949253731343284,1.4372340425531915,1.2781456953642385,0.0187602746349482,0.3009415761093613,2024-07-30,1.05,bmo,2144447827.0,2025-04-25,2024-06-30,0.0380952380952381,136.04857142857142,1265558.7301587302
2024-03-31,XYL,USD,1524472,2024-05-02,2024-05-02 14:03:07,2024,Q1,2033000000.0,1280000000.0,753000000.0,0.3703885883,59000000,474000000.0,0.0,474000000.0,6000000.0,533000000.0,1813000000.0,0.0,14000000.0,134000000.0,352000000.0,0.1731431382,220000000.0,0.1082144614,-13000000.0,196000000.0,0.0964092474,43000000.0,153000000.0,0.0752582391,0.63,0.63,241854000,243021000,https://www.sec.gov/Archives/edgar/data/1524472/000152447224000015/0001524472-24-000015-index.htm,https://www.sec.gov/Archives/edgar/data/1524472/000152447224000015/xyl-20240331.htm,8.405897773036626,0.6326130640799822,0.3679906059027347,0.0620208886352923,3.915585435841458,42.18660844972587,0.9923342181646778,42.15353064245371,9.873725470738544,31112098560.0,32539098560.0,50.836762352941165,15.30354085587801,349.5741411235955,2074.139904,3.0517016733692985,3.0517016733692985,16.005459203148057,92.4406209090909,365.607848988764,2169.273237333333,0.0049177010578356,0.0004821275546897,0.2328592447278077,0.1490831449384576,4.0539772727272725,1.6700986700986702,15.714285714285714,0.5816993464052288,0.00282848165418,0.5751633986928104,0.2331529758976881,0.029021151008362,0.6256593820648079,0.8314606741573034,0.0363994097393015,0.5522388059701493,0.0088539104771273,24.494992734924853,0.0122825557057324,0.0256668344237544,-12.502377467397686,1562000000.0,240000000.0,-1828000000.0,12666000000.0,1629000000.0,958000000.0,1028500000.0,72.6463354648303,66.65625,73.0546875,1.238878732480195,1.350210970464135,1.231953801732435,0.0150073565473271,0.3059697172674423,2024-05-02,0.839,bmo,1996027075.0,2025-04-25,2024-03-31,0.0727056019070322,120.83049180327868,1180815.6557377048
2023-12-31,XYL,USD,1524472,2024-02-28,2024-02-28 14:28:06,2023,Q4,2119000000.0,1360000000.0,759000000.0,0.3581878244,60000000,466000000.0,0.0,466000000.0,-14000000.0,526000000.0,1886000000.0,0.0,21000000.0,137000000.0,436000000.0,0.2057574328,233000000.0,0.1099575271,-1000000.0,210000000.0,0.0991033506,-56000000.0,266000000.0,0.1255309108,1.1,1.1,241504000,241504000,https://www.sec.gov/Archives/edgar/data/1524472/000152447224000006/0001524472-24-000006-index.htm,https://www.sec.gov/Archives/edgar/data/1524472/000152447224000006/xyl-20231231.htm,8.774181794090367,1.1014310321982244,1.884026765602226,1.4947992579833047,4.219391811315755,42.135948058831325,0.2484430899695243,42.09454087716973,11.109546839803896,27618397440.0,29261397440.0,25.95714045112782,13.033693931099576,60.6997745934066,76.50525606648199,2.716741829628172,2.716741829628172,13.8090596696555,67.11329688073394,64.3107636043956,81.05650260387812,0.0096312612119466,0.0130709973590705,0.2618532362777887,0.1652184707050645,3.768348623853211,1.7614512471655328,11.095238095238097,1.7105263157894737,0.0028966199133674,0.3007518796992481,0.2199150542708824,0.0283152430391694,0.6278550148957299,0.2065934065934065,0.044360547428032,0.6861313868613139,0.0070788107597923,32.298533344188506,0.0210373749613895,0.0443629086057371,-13.23062972041871,1679000000.0,60000000.0,-2052000000.0,13312000000.0,1635000000.0,955500000.0,1049000000.0,68.67862199150542,64.05882352941177,67.36764705882352,1.3104514533085962,1.4049586776859504,1.335952848722986,0.0261656502065709,0.3892275076189214,2024-02-06,0.96,bmo,2053498168.0,2025-04-25,2023-12-31,0.03125,99.80301587301588,1410627.984126984
2023-09-30,XYL,USD,1524472,2023-10-31,2023-10-31 17:13:12,2023,Q3,2076000000.0,1312000000.0,764000000.0,0.3680154143,61000000,491000000.0,0.0,491000000.0,8000000.0,552000000.0,1864000000.0,14000000.0,14000000.0,147000000.0,152000000.0,0.0732177264,152000000.0,0.0732177264,-6000000.0,152000000.0,0.0732177264,33000000.0,152000000.0,0.0732177264,0.63,0.63,240870000,242189000,https://www.sec.gov/Archives/edgar/data/1524472/000152447223000041/0001524472-23-000041-index.htm,https://www.sec.gov/Archives/edgar/data/1524472/000152447223000041/xyl-20230930.htm,8.61875700585378,0.6310457923361149,1.5485531614563872,1.2413334993980156,2.926890023664217,41.27122514219288,-1.0254494125461868,41.22555735458961,9.482293353261095,21926396100.0,23491396100.0,36.06315148026316,10.561847832369942,58.78390375335121,73.33242842809365,2.208096283987916,2.208096283987916,11.315701396917149,154.54865855263157,62.97961420911528,78.56654214046823,0.0069322837782721,0.0136365319059432,0.228600201409869,0.1427224143351147,10.296052631578949,1.7221698113207546,10.857142857142858,2.4539473684210527,0.0036485704096169,0.5263157894736842,0.2365125240847784,0.029383429672447,0.6405532851304622,0.1983914209115281,0.035645472061657,0.5034013605442177,0.0086705202312138,24.19384893665767,0.0085593037473926,0.0265873709987755,-14.444513638062023,1531000000.0,-247000000.0,-2313000000.0,12851000000.0,1656000000.0,955500000.0,1111500000.0,71.66184971098265,64.6875,74.08536585365853,1.2558983666061705,1.391304347826087,1.2148148148148148,0.0153071500503524,0.3072196620583717,2023-10-31,0.89,bmo,1989940000.0,2025-04-25,2023-09-30,0.1123595505617977,103.13888888888889,1430503.380952381
2023-06-30,XYL,USD,1524472,2023-08-04,2023-08-04 13:02:48,2023,Q2,1722000000.0,1071000000.0,651000000.0,0.3780487805,58000000,446000000.0,0.0,446000000.0,7000000.0,504000000.0,1575000000.0,12000000.0,12000000.0,92000000.0,239000000.0,0.1387921022,119000000.0,0.0691056911,-5000000.0,114000000.0,0.0662020906,22000000.0,92000000.0,0.0534262485,0.45,0.45,205539000,206740000,https://www.sec.gov/Archives/edgar/data/1524472/000152447223000032/0001524472-23-000032-index.htm,https://www.sec.gov/Archives/edgar/data/1524472/000152447223000032/xyl-20230630.htm,8.37797206369594,0.4476036178048935,0.1362271880275762,-0.1264966745970351,3.4446017544115715,48.21469404833146,-1.8779890920944444,48.16117622446348,11.087920054101655,23147802180.0,24706802180.0,62.90163635869565,13.442393832752613,826.7072207142858,-890.3000838461538,2.338398038185676,2.338398038185676,14.347736457607434,103.37574133891214,882.3857921428571,-950.2616223076924,0.0039744594015707,-0.0011232167874004,0.2290130316193555,0.1408336957196993,6.523012552301255,1.6367221735319897,9.916666666666666,0.3043478260869565,0.0034128510078705,0.8586956521739131,0.2590011614401858,0.0336817653890824,0.6396222898676772,1.9285714285714288,0.0313588850174216,0.5869565217391305,0.0087108013937282,22.02351302825459,0.0067859728461912,0.0158593345974831,-17.822651662214955,1453000000.0,-386000000.0,-2452000000.0,12893000000.0,1391000000.0,839000000.0,1000000000.0,86.70731707317074,81.34453781512605,96.05042016806723,1.0379746835443038,1.1064049586776858,0.937007874015748,0.0092938680674815,0.2627238626246114,2023-08-02,0.85,bmo,1646810000.0,2025-04-25,2023-06-30,0.1529411764705882,105.75483870967744,2250073.790322581
2023-03-31,XYL,USD,1524472,2023-05-04,2023-05-04 12:33:21,2023,Q1,1448000000.0,902000000.0,546000000.0,0.3770718232,53000000,354000000.0,0.0,354000000.0,8000000.0,415000000.0,1317000000.0,0.0,9000000.0,60000000.0,195000000.0,0.1346685083,131000000.0,0.0904696133,-5000000.0,126000000.0,0.0870165746,27000000.0,99000000.0,0.0683701657,0.55,0.55,180400000,181319000,https://www.sec.gov/Archives/edgar/data/1524472/000152447223000018/0001524472-23-000018-index.htm,https://www.sec.gov/Archives/edgar/data/1524472/000152447223000018/xyl-20230331.htm,8.026607538802661,0.5487804878048781,-0.1053215077605321,-0.376940133037694,4.639689578713969,19.894678492239468,-0.3547671840354767,19.83370288248337,10.848115299334811,18887880000.0,19998880000.0,47.696666666666665,13.044116022099448,-994.0989473684212,-277.7629411764706,5.278893236444942,5.278893236444942,13.811381215469613,102.55835897435898,-1052.5726315789473,-294.10117647058826,0.0052414564260255,-0.0036001922926236,0.5444382336500838,0.2453400503778337,5.697435897435898,2.0147255689424366,14.555555555555555,-0.1919191919191919,0.0031766402581973,0.6060606060606061,0.2444751381215469,0.0366022099447513,0.4600755667506297,-2.5789473684210527,0.0338397790055248,0.8166666666666667,0.0082872928176795,15.649212622799602,0.0158035577197253,0.0230930720783764,-12.434866962305987,1516000000.0,-64000000.0,-1341000000.0,5800000000.0,1109500000.0,716500000.0,828000000.0,69.79972375690608,70.84257206208426,85.509977827051,1.2894033837934105,1.2704225352112677,1.0525087514585765,0.0276690888764673,0.2716186252771618,2023-05-04,0.62,bmo,1344510000.0,2025-04-25,2023-03-31,0.1612903225806451,104.4358064516129,1702928.7258064516
2022-12-31,XYL,USD,1524472,2023-02-24,2023-02-24 13:13:40,2022,Q4,1506000000.0,933000000.0,573000000.0,0.3804780876,54000000,315000000.0,0.0,315000000.0,5000000.0,369000000.0,1302000000.0,3000000.0,13000000.0,60000000.0,269000000.0,0.1786188579,197000000.0,0.130810093,-8000000.0,189000000.0,0.125498008,40000000.0,149000000.0,0.098937583,0.83,0.82,180239125,181300000,https://www.sec.gov/Archives/edgar/data/1524472/000152447223000009/0001524472-23-000009-index.htm,https://www.sec.gov/Archives/edgar/data/1524472/000152447223000009/xyl-20221231.htm,8.35556652863245,0.8266795569496911,2.0084429504415318,1.6755518536832663,5.237486588996701,19.435291865736698,-0.8100350021117779,19.38535820122296,10.88553886399526,19929040051.25,20934040051.25,33.43798666317114,13.233094323539175,55.05259682665746,65.99019884519868,5.703789367844876,5.703789367844876,13.900425000830014,77.82171022769516,57.82883992058011,69.3180134147351,0.0074765266975643,0.0151537655212378,0.5578133943903835,0.2450955734406438,3.7360594795539033,1.8943396226415097,15.153846153846152,2.4295302013422817,0.0027096137024729,0.3624161073825503,0.2091633466135458,0.0358565737051792,0.4588782696177062,0.1657458563535911,0.0398406374501992,1.0,0.0059760956175298,18.98876733505117,0.0241497245073671,0.034627004415524,-12.669280324124964,1422000000.0,-146000000.0,-1437000000.0,5701000000.0,1057000000.0,670500000.0,818000000.0,65.49800796812748,69.7427652733119,77.07395498392283,1.374087591240876,1.2904564315352698,1.1677096370463078,0.0426445334859759,0.3328910967582649,2023-02-07,0.79,bmo,1412431503.0,2025-04-25,2022-12-31,0.1645569620253164,104.81746031746032,866754.1111111111
2022-09-30,XYL,USD,1524472,2022-11-01,2022-11-01 15:51:38,2022,Q3,1380000000.0,856000000.0,524000000.0,0.3797101449,47000000,434000000.0,-140000000.0,294000000.0,-139000000.0,341000000.0,1197000000.0,12000000.0,12000000.0,58000000.0,238000000.0,0.1724637681,44000000.0,0.031884058,-151000000.0,17000000.0,0.0123188406,5000000.0,12000000.0,0.0086956522,0.0666,0.0663,180217000,180900000,https://www.sec.gov/Archives/edgar/data/1524472/000152447222000053/0001524472-22-000053-index.htm,https://www.sec.gov/Archives/edgar/data/1524472/000152447222000053/xyl-20220930.htm,7.657435203116243,0.066586393070576,1.1208709500213632,0.8267810472929856,6.580955181808598,17.878446539449662,-1.9310053990467049,17.839604476825162,13.528135525505364,15743757120.0,16983757120.0,327.99494,11.408519652173911,77.93939168316831,105.66279946308724,4.896969555209953,4.896969555209953,12.307070376811597,71.36032403361345,84.07800554455446,113.98494711409396,0.0007622068803866,0.0094640687648006,0.7545878693623639,0.2992844806316309,5.2100840336134455,1.654224987039917,3.6666666666666665,16.833333333333332,0.0033664137217076,4.416666666666667,0.3144927536231884,0.0340579710144927,0.4404145077720207,0.2623762376237624,0.0384057971014492,0.913793103448276,0.0072463768115942,5.169834195420921,0.004619786334882,0.0026455026455026,-13.960947080464107,1262000000.0,-348000000.0,-1693000000.0,5417000000.0,1021000000.0,633000000.0,844500000.0,66.39130434782608,64.97663551401868,88.00233644859813,1.3555992141453832,1.3851132686084142,1.022700119474313,0.0037325038880248,0.2940899027283775,2022-11-01,0.66,bmo,1340548283.0,2025-04-25,2022-09-30,0.1969696969696969,90.8875,958399.59375
2022-06-30,XYL,USD,1524472,2022-08-02,2022-08-02 11:54:35,2022,Q2,1364000000.0,844000000.0,520000000.0,0.3812316716,53000000,0.0,0.0,314000000.0,2000000.0,367000000.0,1211000000.0,0.0,12000000.0,60000000.0,210000000.0,0.1539589443,146000000.0,0.1070381232,-10000000.0,136000000.0,0.0997067449,24000000.0,112000000.0,0.082111437,0.62,0.62,180200000,180600000,https://www.sec.gov/Archives/edgar/data/1524472/000152447222000034/0001524472-22-000034-index.htm,https://www.sec.gov/Archives/edgar/data/1524472/000152447222000034/xyl-20220630.htm,7.5693673695893455,0.6215316315205327,0.6270810210876804,0.3718091009988901,6.176470588235294,17.774694783573807,-2.6970033296337403,17.730299667036626,13.779134295227523,14088036000.000002,15446036000.000002,31.446508928571436,10.328472140762464,124.67288495575222,210.2691940298508,4.409400938967137,4.409400938967137,11.324073313782993,73.55255238095239,136.6905840707965,230.53785074626867,0.007950008077776,0.0047558084036696,0.77339593114241,0.3017462449627549,6.466666666666667,1.6268580215274218,12.166666666666666,1.0089285714285714,0.0039040218239078,0.4910714285714285,0.0,0.0388563049853372,0.4504823543778239,0.4070796460176991,0.033724340175953,0.7666666666666667,0.0065982404692082,15.746386785117648,0.01760399621049,0.0248888888888888,-14.866814650388458,1223000000.0,-486000000.0,-1812000000.0,5520000000.0,1017500000.0,650000000.0,828000000.0,67.56598240469208,69.0995260663507,90.85308056872036,1.33203125,1.3024691358024691,0.9906103286384976,0.035054773082942,0.2552719200887902,2022-08-02,0.54,bmo,1315708117.0,2025-04-25,2022-06-30,0.2222222222222222,82.56822580645161,1184702.7258064516
2022-03-31,XYL,USD,1524472,2022-05-04,2022-05-04 11:38:26,2022,Q1,1272000000.0,805000000.0,467000000.0,0.3671383648,52000000,0.0,0.0,304000000.0,-1000000.0,356000000.0,1161000000.0,0.0,13000000.0,58000000.0,169000000.0,0.1328616352,111000000.0,0.0872641509,-13000000.0,98000000.0,0.0770440252,16000000.0,82000000.0,0.0644654088,0.46,0.45,180200000,181000000,https://www.sec.gov/Archives/edgar/data/1524472/000152447222000017/0001524472-22-000017-index.htm,https://www.sec.gov/Archives/edgar/data/1524472/000152447222000017/xyl-20220331.htm,7.0588235294117645,0.4550499445061043,-0.4495005549389567,-0.7214206437291898,6.198668146503884,17.79134295227525,-3.207547169811321,17.74694783573807,13.97891231964484,15363852000.0,16752852000.0,46.84101219512196,12.0785,-189.6771851851852,-118.18347692307692,4.8042063789868665,4.8042063789868665,13.170481132075473,99.12930177514792,-206.82533333333333,-128.8680923076923,0.0053372031961776,-0.0084614197012572,0.7836147592245153,0.3049032729042462,8.218934911242604,1.6239583333333334,8.538461538461538,-0.9878048780487804,0.0035798314120703,0.6707317073170732,0.0,0.040880503144654,0.4603966419272418,-0.6049382716049383,0.0385220125786163,0.8448275862068966,0.0070754716981132,13.479774539124165,0.0134080483644302,0.0184892897406989,-15.181742508324083,1198000000.0,-578000000.0,-1895000000.0,5618000000.0,982000000.0,645500000.0,752000000.0,71.53301886792453,72.8944099378882,89.88819875776397,1.258160237388724,1.2346625766871169,1.0012437810945274,0.0256410256410256,0.271920088790233,2022-05-04,0.41,bmo,1236126488.0,2025-04-25,2022-03-31,0.1463414634146341,95.8082258064516,1488899.7903225806
2021-12-31,XYL,USD,1524472,2022-02-25,2022-02-25 13:43:00,2021,Q4,1323000000.0,830000000.0,493000000.0,0.3726379441,52000000,0.0,0.0,301000000.0,-17000000.0,353000000.0,1183000000.0,0.0,13000000.0,59000000.0,200000000.0,0.1511715797,140000000.0,0.1058201058,-14000000.0,126000000.0,0.0952380952,13000000.0,113000000.0,0.0854119426,0.63,0.62,180200000,181600000,https://www.sec.gov/Archives/edgar/data/1524472/000152447222000009/0001524472-22-000009-index.htm,https://www.sec.gov/Archives/edgar/data/1524472/000152447222000009/xyl-20211231.htm,7.341842397336293,0.6270810210876804,1.2208657047724751,0.7713651498335183,7.486126526082131,17.9023307436182,-3.229744728079911,17.85793562708102,13.612652608213097,21609584000.0,22700584000.0,47.808814159292034,16.333774754346184,98.22538181818182,155.46463309352518,6.715221876942201,6.715221876942201,17.158415721844293,113.50292,103.18447272727272,163.31355395683454,0.0052291612832528,0.0064323311360366,0.7582349285270354,0.2948284195263412,5.455,2.271746944644141,10.76923076923077,1.9469026548672568,0.002360063941999,0.4513274336283185,0.0,0.0393046107331821,0.4601256645722571,0.3681818181818181,0.0612244897959183,1.3728813559322033,0.0060468631897203,15.873354447621672,0.0180551561051992,0.025290957923008,-14.629578246392898,1769000000.0,-582000000.0,-1890000000.0,6221000000.0,963000000.0,608000000.0,689500000.0,64.82993197278911,69.28915662650603,75.90361445783132,1.3882476390346274,1.2989045383411582,1.1857142857142855,0.0351149782473586,0.4495005549389567,2022-02-03,0.61,bmo,1310988316.0,2025-04-25,2021-12-31,0.0327868852459016,124.11125,842793.890625
2021-09-30,XYL,USD,1524472,2021-11-02,2021-11-02 12:47:18,2021,Q3,1265000000.0,793000000.0,472000000.0,0.3731225296,49000000,0.0,0.0,273000000.0,2000000.0,322000000.0,1115000000.0,0.0,21000000.0,62000000.0,209000000.0,0.1652173913,152000000.0,0.1201581028,-19000000.0,133000000.0,0.1051383399,19000000.0,114000000.0,0.0901185771,0.63,0.63,180200000,181600000,https://www.sec.gov/Archives/edgar/data/1524472/000152447221000035/0001524472-21-000035-index.htm,https://www.sec.gov/Archives/edgar/data/1524472/000152447221000035/xyl-20210930.htm,7.019977802441732,0.632630410654828,0.6215316315205327,0.3607103218645949,6.964483906770255,17.2142064372919,-4.167591564927858,17.164261931187568,14.128745837957824,22287136000.0,23557136000.0,48.87529824561404,17.61828932806324,198.99228571428577,342.8790153846154,7.205669576462982,7.205669576462982,18.6222418972332,112.71356937799042,210.33157142857144,362.41747692307695,0.005115058300896,0.00291648061016,0.8163595215001617,0.3097779413568887,6.076555023923445,2.32648401826484,7.238095238095238,0.9824561403508772,0.0022434466232,0.4385964912280701,0.0,0.0387351778656126,0.4727027358606306,0.4196428571428571,0.0371541501976284,0.7580645161290323,0.0063241106719367,15.630715488024531,0.0188628513516308,0.0265239646347138,-15.12069922308546,1743000000.0,-751000000.0,-1992000000.0,6214000000.0,974000000.0,588000000.0,660500000.0,69.22529644268775,65.48549810844892,77.06179066834804,1.3001027749229188,1.3743500866551126,1.1678939617083948,0.0368574199806013,0.2608213096559378,2021-11-02,0.59,bmo,1318340000.0,2025-04-25,2021-09-30,0.0677966101694916,128.68984375,753215.109375
2021-06-30,XYL,USD,1524472,2021-08-03,2021-08-03 12:50:29,2021,Q2,1351000000.0,831000000.0,520000000.0,0.384900074,53000000,0.0,0.0,304000000.0,-3000000.0,357000000.0,1188000000.0,0.0,21000000.0,62000000.0,222000000.0,0.1643227239,160000000.0,0.118430792,-22000000.0,138000000.0,0.1021465581,25000000.0,113000000.0,0.0836417469,0.63,0.62,180100000,181300000,https://www.sec.gov/Archives/edgar/data/1524472/000152447221000027/0001524472-21-000027-index.htm,https://www.sec.gov/Archives/edgar/data/1524472/000152447221000027/xyl-20210630.htm,7.5013881177123825,0.6274292059966685,1.2881732370905052,1.0605219322598556,10.216546363131592,16.929483620210995,-4.719600222098834,16.87951138256524,17.529150471960023,21604796000.0,22900796000.0,47.79822123893805,15.991706883789783,93.12412068965516,113.11411518324608,7.106840789473684,7.106840789473684,16.95099629903775,103.15673873873874,98.7103275862069,119.8994554973822,0.0052303201566911,0.0088406296453805,1.0315789473684212,0.3569721115537849,5.837837837837838,1.849412965798877,7.619047619047619,2.053097345132743,0.0023605869733738,0.4513274336283185,0.0,0.0392301998519615,0.4438247011952191,0.1767241379310344,0.0303478904515173,0.6612903225806451,0.005921539600296,15.43666785768319,0.0174779205914652,0.02312730249693,-15.789838978345363,1664000000.0,-850000000.0,-2113000000.0,6189000000.0,963500000.0,564500000.0,619000000.0,64.9518874907476,64.87364620938628,69.53068592057761,1.3856410256410256,1.3873121869782972,1.294392523364486,0.0371710526315789,0.2276513048306496,2021-08-03,0.62,bmo,1309270000.0,2025-04-25,2021-06-30,0.0645161290322581,114.2004761904762,758528.4920634921
2021-03-31,XYL,USD,1524472,2021-05-04,2021-05-04 16:45:56,2021,Q1,1256000000.0,766000000.0,490000000.0,0.3901273885,50000000,0.0,0.0,301000000.0,2000000.0,351000000.0,1117000000.0,0.0,21000000.0,62000000.0,198000000.0,0.1576433121,133000000.0,0.1058917197,-19000000.0,114000000.0,0.0907643312,27000000.0,87000000.0,0.0692675159,0.49,0.48,180300000,181500000,https://www.sec.gov/Archives/edgar/data/1524472/000152447221000012/0001524472-21-000012-index.htm,https://www.sec.gov/Archives/edgar/data/1524472/000152447221000012/xyl-20210331.htm,6.966167498613422,0.4825291181364393,-0.14420410427066,-0.36051026067665,9.362174154187466,16.339434276206322,-5.324459234608985,16.289517470881865,17.443150305047144,18963954000.0,20399954000.0,54.494120689655176,15.09868949044586,-729.3828461538461,-291.75313846153847,6.45691317671093,6.45691317671093,16.242001592356687,103.0300707070707,-784.6136153846154,-313.8454461538461,0.0045876508664806,-0.0034275552450717,1.0636704119850189,0.3655939145699239,7.252525252525253,1.844360086767896,6.333333333333333,-0.2988505747126437,0.0026893125769024,0.5862068965517241,0.0,0.0398089171974522,0.4571094207138677,-1.5,0.0310509554140127,0.6290322580645161,0.0071656050955414,13.29863700730593,0.0137813985064494,0.0187540418193576,-16.078757626178593,1557000000.0,-960000000.0,-2198000000.0,6090000000.0,937500000.0,549500000.0,577000000.0,68.21656050955414,62.271540469973885,70.0261096605744,1.319327731092437,1.4452830188679244,1.2852348993288591,0.0296220633299285,0.21630615640599,2021-05-04,0.38,bmo,1173480000.0,2025-04-25,2021-03-31,0.4736842105263159,101.38918032786884,1129299.2950819673
2020-12-31,XYL,USD,1524472,2021-02-26,2021-02-26 14:41:14,2020,Q4,1373000000.0,847000000.0,526000000.0,0.3831026948,49000000,0.0,0.0,292000000.0,0.0,341000000.0,1188000000.0,7000000.0,21000000.0,62000000.0,241000000.0,0.1755280408,179000000.0,0.1303714494,-21000000.0,158000000.0,0.1150764749,10000000.0,148000000.0,0.1077931537,0.82,0.82,180300000,181500000,https://www.sec.gov/Archives/edgar/data/1524472/000152447221000008/0001524472-21-000008-index.htm,https://www.sec.gov/Archives/edgar/data/1524472/000152447221000008/xyl-20201231.htm,7.615085967831392,0.8208541320022186,2.0521353300055463,1.7914586799778147,10.399334442595674,16.505823627287853,-5.385468663338879,16.46145313366611,17.221297836938437,18352737000.0,19561737000.0,31.00124493243243,13.366887836853603,49.6019918918919,56.81961919504644,6.183536725067386,6.183536725067386,14.247441369264385,81.16903319502075,52.86955945945946,60.56265325077399,0.0080641922782416,0.0175995547694057,1.0390835579514826,0.3524571428571428,5.016597510373444,1.801124744376278,8.523809523809524,2.5,0.0025064381405345,0.3108108108108108,0.0,0.0356882738528769,0.4510857142857143,0.127027027027027,0.0342316096139839,0.7580645161290323,0.0050983248361252,17.436460822926215,0.0224850323288117,0.0308140745367478,-16.238214087631725,1567000000.0,-971000000.0,-2251000000.0,6171000000.0,945500000.0,532000000.0,570000000.0,60.50254916241806,60.46044864226682,59.29161747343565,1.487540628385699,1.4885764499121266,1.517921146953405,0.0498652291105121,0.2606766500277315,2021-02-04,0.68,bmo,1110514705.0,2025-04-25,2020-12-31,0.1911764705882352,93.99328125,822021.53125
2020-09-30,XYL,USD,1524472,2020-10-29,2020-10-29 15:07:52,2020,Q3,1220000000.0,759000000.0,461000000.0,0.3778688525,45000000,0.0,0.0,266000000.0,-1000000.0,311000000.0,1070000000.0,0.0,22000000.0,63000000.0,210000000.0,0.1721311475,73000000.0,0.0598360656,-23000000.0,50000000.0,0.0409836066,13000000.0,37000000.0,0.0303278689,0.2,0.2,180000000,181000000,https://www.sec.gov/Archives/edgar/data/1524472/000152447220000055/0001524472-20-000055-index.htm,https://www.sec.gov/Archives/edgar/data/1524472/000152447220000055/xyl-20200930.htm,6.777777777777778,0.2055555555555555,1.5277777777777777,1.3,8.9,15.97222222222222,-5.611111111111111,15.927777777777775,17.644444444444446,15141600000.0,16893600000.0,102.30810810810812,12.411147540983606,55.06036363636364,64.70769230769231,5.2813393791419605,5.2813393791419605,13.847213114754098,80.44571428571429,61.43127272727273,72.1948717948718,0.0024435990912453,0.0154541131716595,1.1001046389954656,0.373342803030303,8.342857142857143,2.58671875,3.3181818181818183,7.432432432432432,0.0031040312780683,1.2702702702702702,0.0,0.0368852459016393,0.4598721590909091,0.149090909090909,0.0336065573770491,0.6507936507936508,0.0024590163934426,8.582888337979368,0.0074315586738203,0.0081087004163927,-16.41111111111111,2031000000.0,-1010000000.0,-2262000000.0,6549000000.0,962000000.0,496500000.0,588500000.0,71.40983606557377,58.69565217391304,69.01185770750988,1.2603305785123966,1.5333333333333334,1.3041237113402062,0.0129054761074293,0.2277777777777777,2020-10-29,0.52,bmo,1003548387.0,2025-04-25,2020-09-30,0.1923076923076922,77.8421875,952587.890625
2020-06-30,XYL,USD,1524472,2020-07-30,2020-07-30 12:52:49,2020,Q2,1160000000.0,726000000.0,434000000.0,0.374137931,44000000,0.0,0.0,288000000.0,-1000000.0,332000000.0,1058000000.0,0.0,18000000.0,62000000.0,161000000.0,0.1387931034,54000000.0,0.0465517241,-19000000.0,35000000.0,0.0301724138,4000000.0,31000000.0,0.0267241379,0.17,0.17,180000000,180600000,https://www.sec.gov/Archives/edgar/data/1524472/000152447220000045/0001524472-20-000045-index.htm,https://www.sec.gov/Archives/edgar/data/1524472/000152447220000045/xyl-20200630.htm,6.444444444444445,0.1722222222222222,1.0055555555555555,0.7611111111111111,8.761111111111111,15.916666666666666,-5.905555555555556,15.866666666666667,18.433333333333337,11692799999.999998,13415799999.999998,94.29677419354836,10.079999999999998,64.60110497237568,85.34890510948904,4.094117647058823,4.094117647058823,11.565344827586204,83.32795031055899,74.12044198895026,97.92554744525546,0.0026512041598248,0.0117166119321291,1.1554621848739497,0.3908100426338228,10.701863354037268,2.40422432629279,3.0,5.838709677419355,0.0040195675971538,1.5161290322580645,0.0,0.0379310344827586,0.4651823780198957,0.2430939226519337,0.0379310344827586,0.7096774193548387,0.0068965517241379,7.841130870820441,0.0065161541455819,0.0068644818423383,-16.59722222222222,1928000000.0,-1063000000.0,-2278000000.0,6491000000.0,965500000.0,502000000.0,584000000.0,74.17241379310346,61.735537190082646,73.7603305785124,1.213389121338912,1.4578313253012047,1.2201680672268909,0.0108543417366946,0.2444444444444444,2020-07-30,0.39,bmo,1131000000.0,2025-04-25,2020-06-30,0.0256410256410256,66.00238095238095,1403587.888888889
2020-03-31,XYL,USD,1524472,2020-05-05,2020-05-05 13:28:31,2020,Q1,1123000000.0,714000000.0,409000000.0,0.3642030276,49000000,0.0,0.0,297000000.0,-3000000.0,346000000.0,1060000000.0,0.0,16000000.0,64000000.0,124000000.0,0.1104185218,61000000.0,0.054318789,-19000000.0,42000000.0,0.0373998219,4000000.0,38000000.0,0.0338379341,0.21,0.21,180200000,181300000,https://www.sec.gov/Archives/edgar/data/1524472/000152447220000020/0001524472-20-000020-index.htm,https://www.sec.gov/Archives/edgar/data/1524472/000152447220000020/xyl-20200331.htm,6.23196448390677,0.2108768035516093,-0.0110987791342952,-0.2941176470588235,4.100998890122087,15.65482796892342,-6.159822419533851,15.60488346281909,14.217536071032187,11736426000.0,13543426000.0,77.21332894736842,10.450958147818344,-5868.213,-221.442,4.173693456614509,4.173693456614509,12.060040961709706,109.22117741935485,-6771.713,-255.53633962264152,0.003237782950278,-0.004515855167493,0.9054054054054054,0.3353971808720853,14.57258064516129,1.5542929292929293,3.8125,-0.0526315789473684,0.004089831095088,1.263157894736842,0.0,0.0436331255565449,0.5178500856277171,-25.5,0.0454140694568121,0.796875,0.0071237756010685,8.604703873450836,0.0084622011944919,0.0103825136612021,-16.721698113207548,878000000.0,-1110000000.0,-2308000000.0,5437000000.0,1005500000.0,551500000.0,556000000.0,78.13891362422083,63.78151260504202,72.22689075630252,1.1517948717948718,1.4110671936758894,1.2460732984293197,0.0135135135135135,0.2830188679245283,2020-05-05,0.37,bmo,1806565217.0,2025-04-25,2020-03-31,-0.3783783783783783,78.79951612903226,1516466.8064516129
2019-12-31,XYL,USD,1524472,2020-02-28,2020-02-28 12:33:04,2019,Q4,1371000000.0,834000000.0,537000000.0,0.3916849015,49000000,0.0,0.0,288000000.0,-2000000.0,337000000.0,1171000000.0,5000000.0,15000000.0,65000000.0,267000000.0,0.1947483589,195000000.0,0.1422319475,-17000000.0,178000000.0,0.1298322392,60000000.0,118000000.0,0.0860685631,0.65,0.65,180200000,181300000,https://www.sec.gov/Archives/edgar/data/1524472/000152447220000006/0001524472-20-000006-index.htm,https://www.sec.gov/Archives/edgar/data/1524472/000152447220000006/xyl1231201910kv1.htm,7.608213096559378,0.6548279689234184,2.153163152053274,1.870144284128746,4.017758046614873,16.46503884572697,-5.804661487236404,16.409544950055494,12.935627081021089,14197958000.000002,15789958000.000002,30.080419491525426,10.355913931436907,36.59267525773196,42.13043916913947,4.801473791004397,4.801473791004397,11.517110138584975,59.13841947565544,40.69576804123712,46.85447477744808,0.0083110543079504,0.0237358076421975,0.7832262428136625,0.3003891050583657,5.962546816479401,1.6322451698867422,13.0,3.288135593220339,0.003028604535948,0.3644067796610169,0.0,0.0357403355215171,0.5204928664072633,0.1314432989690721,0.037199124726477,0.7846153846153846,0.0043763676148796,15.549024158723064,0.0197478861780244,0.0319177711658101,-16.495560488346282,949000000.0,-1046000000.0,-2293000000.0,5620000000.0,1057000000.0,559000000.0,559500000.0,68.00875273522976,64.42446043165468,58.16546762589928,1.3233590733590734,1.3969849246231156,1.5473098330241188,0.0399053094352384,0.2830188679245283,2020-02-06,0.89,bmo,1371000000.0,2025-04-25,2019-12-31,0.0,77.83203125,901583.71875
2019-09-30,XYL,USD,1524472,2019-10-31,2019-10-31 15:41:40,2019,Q3,1296000000.0,787000000.0,509000000.0,0.3927469136,44000000,0.0,0.0,273000000.0,-7000000.0,317000000.0,1104000000.0,0.0,16000000.0,65000000.0,248000000.0,0.1913580247,11000000.0,0.0084876543,-23000000.0,-12000000.0,-0.0092592593,-77000000.0,65000000.0,0.050154321,0.36,0.36,180100000,181200000,https://www.sec.gov/Archives/edgar/data/1524472/000152447219000055/0001524472-19-000055-index.htm,https://www.sec.gov/Archives/edgar/data/1524472/000152447219000055/xyl0930201910-q.htm,7.19600222098834,0.3609106052193226,1.3603553581343697,1.10494169905608,2.515269294836202,16.074403109383677,-6.085508051082732,16.024430871737923,13.392559689061631,14339562000.0,16282562000.0,55.15216153846154,11.064476851851852,58.52882448979592,72.05810050251256,4.968663201663202,4.968663201663202,12.56370524691358,65.65549193548387,66.45943673469388,81.82191959798995,0.0045329139062964,0.0138776902669691,0.8302148302148302,0.3188290086493679,7.834677419354839,1.5489390828199865,0.6875,3.769230769230769,0.0030684340288775,0.676923076923077,0.0,0.0339506172839506,0.5310711909514305,0.1877551020408163,0.0354938271604938,0.7076923076923077,0.0054012345679012,11.407287516969928,-0.0092808930425752,0.0184449489216799,-17.03775680177679,802000000.0,-1096000000.0,-2357000000.0,5434000000.0,1087000000.0,530000000.0,592000000.0,74.86111111111111,59.58068614993647,66.32782719186785,1.202226345083488,1.510556621880998,1.356896551724138,0.0225225225225225,0.2554136590782898,2019-10-31,0.82,bmo,1296000000.0,2025-04-25,2019-09-30,0.0,78.57046875,735269.15625
2019-06-30,XYL,USD,1524472,2019-08-01,2019-08-01 13:05:06,2019,Q2,1345000000.0,819000000.0,526000000.0,0.3910780669,47000000,0.0,0.0,294000000.0,3000000.0,341000000.0,1160000000.0,0.0,18000000.0,63000000.0,250000000.0,0.1858736059,171000000.0,0.1271375465,-15000000.0,156000000.0,0.1159851301,17000000.0,139000000.0,0.1033457249,0.77,0.77,180000000,181200000,https://www.sec.gov/Archives/edgar/data/1524472/000152447219000050/0001524472-19-000050-index.htm,https://www.sec.gov/Archives/edgar/data/1524472/000152447219000050/xyl0630201910-qv2.htm,7.472222222222222,0.7722222222222223,0.6833333333333333,0.35,2.1277777777777778,16.144444444444446,-7.2444444444444445,16.07777777777778,14.077777777777778,15193800000.0,17326800000.0,27.326978417266183,11.296505576208178,123.52682926829269,241.17142857142852,5.250103662750518,5.250103662750518,12.882379182156134,69.3072,140.86829268292684,275.0285714285714,0.0091484684542379,0.0041464281483236,0.8693849343469247,0.3278603075319259,8.532,1.4690956408588158,9.5,0.8848920863309353,0.0028301017520304,0.3093525179856115,0.0,0.0349442379182156,0.5486056815220224,0.4878048780487805,0.0446096654275092,0.9523809523809524,0.0052044609665427,16.713808329907607,0.0230786707990585,0.0401270207852194,-18.116666666666667,721000000.0,-1304000000.0,-2510000000.0,5592000000.0,1058000000.0,543500000.0,610500000.0,73.33828996282529,59.23076923076923,66.37362637362638,1.227189781021898,1.5194805194805194,1.3559602649006623,0.048030407740152,0.3333333333333333,2019-08-01,0.79,bmo,1345000000.0,2025-04-25,2019-06-30,0.0,79.68015873015874,856883.4444444445
2019-03-31,XYL,USD,1524472,2019-05-02,2019-05-02 13:05:46,2019,Q1,1237000000.0,763000000.0,474000000.0,0.3831851253,51000000,0.0,0.0,303000000.0,2000000.0,354000000.0,1117000000.0,0.0,18000000.0,64000000.0,187000000.0,0.1511721908,109000000.0,0.0881164107,-15000000.0,94000000.0,0.0759902991,15000000.0,79000000.0,0.0638641876,0.44,0.43,179700000,181100000,https://www.sec.gov/Archives/edgar/data/1524472/000152447219000032/0001524472-19-000032-index.htm,https://www.sec.gov/Archives/edgar/data/1524472/000152447219000032/xyl0331201910-q.htm,6.883695047301058,0.4396215915414579,0.4618809126321647,0.0779076238174735,1.530328324986088,15.626043405676128,-7.78519755147468,15.559265442404008,13.166388425153032,14476632000.0,16549632000.0,45.81212658227848,11.703016976556183,174.41725301204818,1034.0451428571428,5.177622317596566,5.177622317596566,13.378845594179468,88.50070588235295,199.39315662650603,1182.1165714285714,0.005457070401458,0.0009670757673469,0.8397711015736766,0.3144081414033208,11.085561497326204,1.4441360166551007,6.055555555555555,1.0506329113924051,0.0030393809830905,0.5569620253164557,0.0,0.0412287793047696,0.5633369041242635,0.8313253012048193,0.0557801131770412,1.078125,0.0072756669361358,12.405815303019276,0.0143291698699708,0.0242256976387611,-18.42793544796884,640000000.0,-1399000000.0,-2579000000.0,5500000000.0,1025500000.0,567000000.0,606000000.0,74.21180274858528,64.63958060288336,72.77850589777195,1.2127450980392156,1.3923357664233578,1.2366288492706643,0.0282546494992846,0.3839732888146911,2019-05-02,0.56,bmo,1332153846.0,2025-04-25,2019-03-31,-0.0714285714285714,72.97065573770492,885825.2786885246
2018-12-31,XYL,USD,1524472,2019-02-22,2019-02-22 10:34:01,2018,Q4,1386000000.0,844000000.0,542000000.0,0.3910533911,52000000,0.0,0.0,293000000.0,-5000000.0,345000000.0,1189000000.0,4000000.0,19000000.0,66000000.0,270000000.0,0.1948051948,194000000.0,0.13997114,-15000000.0,179000000.0,0.1291486291,-46000000.0,225000000.0,0.1623376623,1.25,1.24,179700000,181100000,https://www.sec.gov/Archives/edgar/data/1524472/000152447219000009/0001524472-19-000009-index.htm,https://www.sec.gov/Archives/edgar/data/1524472/000152447219000009/xyl1231201810k.htm,7.712854757929883,1.252086811352254,1.1018363939899831,0.7345575959933222,1.6471897607122985,15.481357818586533,-7.93544796883695,15.40345019476906,12.949360044518642,11989584000.0,14001584000.0,13.32176,8.650493506493506,60.55345454545454,90.8301818181818,4.331497109826589,4.331497109826589,10.102152958152958,51.85771851851852,70.71507070707071,106.07260606060606,0.0187662891389726,0.0110095562948639,0.8338150289017341,0.3195790639711991,7.451851851851852,1.50755939524838,10.210526315789474,0.88,0.0031694177212487,0.1688888888888889,0.0,0.0375180375180375,0.582664081971753,0.3333333333333333,0.0476190476190476,1.0,0.005050505050505,20.83135326519408,0.0400418306409445,0.0746516257465162,-17.102114635503618,705000000.0,-1426000000.0,-2346000000.0,5569000000.0,1024000000.0,578000000.0,608500000.0,66.94805194805195,62.48815165876777,63.4478672985782,1.344325897187197,1.4402730375426622,1.4184873949579833,0.08128612716763,0.3672787979966611,2019-01-31,0.88,bmo,1386000000.0,2025-04-25,2018-12-31,0.0,69.18238095238095,1157961.0952380951
2018-09-30,XYL,USD,1524472,2018-10-30,2018-10-30 12:08:17,2018,Q3,1287000000.0,782000000.0,505000000.0,0.3923853924,46000000,0.0,0.0,279000000.0,4000000.0,325000000.0,1107000000.0,0.0,21000000.0,63000000.0,245000000.0,0.1903651904,176000000.0,0.1367521368,-15000000.0,161000000.0,0.1250971251,31000000.0,130000000.0,0.101010101,0.73,0.72,179700000,181100000,https://www.sec.gov/Archives/edgar/data/1524472/000152447218000043/0001524472-18-000043-index.htm,https://www.sec.gov/Archives/edgar/data/1524472/000152447218000043/xyl0930201810-q.htm,7.161936560934891,0.7234279354479688,1.0406232609905397,0.7067334446299388,2.24819143016138,14.641068447412351,-9.104062326099054,14.56316082359488,14.201446855870897,14491008000.0,16618008000.0,27.86732307692308,11.259524475524476,77.49202139037433,114.1024251968504,5.537259457393962,5.537259457393962,12.912205128205128,67.82860408163265,88.86635294117647,130.85045669291338,0.0089710805487099,0.0087640556129704,0.9671379442109286,0.3454818454818454,8.681632653061225,1.4861766689143627,8.380952380952381,1.4384615384615385,0.0026223158526998,0.2923076923076923,0.0,0.0357420357420357,0.5824460824460824,0.320855614973262,0.0466200466200466,0.9523809523809524,0.0054390054390054,15.396312571025724,0.0229768474118409,0.042497548218372,-17.90345019476906,721000000.0,-1636000000.0,-2491000000.0,5624000000.0,1018000000.0,575000000.0,610000000.0,71.11888111888112,65.60102301790282,71.58567774936063,1.2654867256637168,1.3719298245614036,1.257234726688103,0.049675200611387,0.333889816360601,2018-10-30,0.77,bmo,1287000000.0,2025-04-25,2018-09-30,0.0,74.65634920634922,1036290.4761904762
2018-06-30,XYL,USD,1524472,2018-07-31,2018-07-31 12:04:55,2018,Q2,1317000000.0,798000000.0,519000000.0,0.3940774487,50000000,0.0,0.0,293000000.0,2000000.0,343000000.0,1141000000.0,0.0,21000000.0,65000000.0,243000000.0,0.1845102506,171000000.0,0.1298405467,-21000000.0,150000000.0,0.1138952164,35000000.0,115000000.0,0.0873196659,0.64,0.64,179800000,181000000,https://www.sec.gov/Archives/edgar/data/1524472/000152447218000035/0001524472-18-000035-index.htm,https://www.sec.gov/Archives/edgar/data/1524472/000152447218000035/xyl0630201810-q.htm,7.324805339265851,0.639599555061179,0.7675194660734149,0.489432703003337,1.7853170189099,14.06562847608454,-9.655172413793103,13.976640711902114,14.243604004449388,12114924000.0,14333924000.0,26.336791304347827,9.198879271070616,87.78930434782608,137.6695909090909,4.820900915240748,4.820900915240748,10.883769172361427,58.98734156378601,103.86901449275362,162.8855,0.0094924243849982,0.0072637682250421,1.0107441305212892,0.351216814159292,9.131687242798352,1.4258632362897763,8.142857142857142,1.2,0.0031366271880863,0.3304347826086956,0.0,0.037965072133637,0.5897400442477876,0.3623188405797101,0.037965072133637,0.7692307692307693,0.0053151100987091,14.182302230706672,0.0214355788096795,0.0387596899224806,-18.45800889877642,629000000.0,-1736000000.0,-2597000000.0,5537000000.0,1009000000.0,561500000.0,588000000.0,69.63553530751709,65.41353383458647,67.4436090225564,1.2924435721295389,1.3758620689655172,1.334448160535117,0.0457620374054914,0.2780867630700778,2018-07-31,0.71,bmo,1280917808.0,2025-04-25,2018-06-30,0.028169014084507,72.61046875,1209165.390625
2018-03-31,XYL,USD,1524472,2018-05-01,2018-05-01 13:11:29,2018,Q1,1217000000.0,757000000.0,460000000.0,0.377978636,41000000,0.0,0.0,296000000.0,3000000.0,337000000.0,1094000000.0,0.0,21000000.0,67000000.0,195000000.0,0.160230074,113000000.0,0.0928512736,-18000000.0,95000000.0,0.0780608053,16000000.0,79000000.0,0.0649137223,0.44,0.43,179900000,181400000,https://www.sec.gov/Archives/edgar/data/1524472/000152447218000019/0001524472-18-000019-index.htm,https://www.sec.gov/Archives/edgar/data/1524472/000152447218000019/xyl0331201810-q.htm,6.764869371873263,0.4391328515842134,0.3501945525291828,0.0111172873818788,1.650917176209005,14.213451917732073,-10.161200667037242,14.124513618677042,14.563646470261256,13837908000.0,16139908000.0,43.79084810126582,11.370507806080528,219.64933333333337,6918.954,5.445851239669421,5.445851239669421,13.262044371405096,82.76875897435897,256.1890158730159,8069.954,0.0057089554288119,0.0001445305171851,1.0228256591892957,0.3536054421768707,11.805128205128206,1.415068493150685,5.380952380952381,0.7974683544303798,0.0027460798265171,0.4810126582278481,0.0,0.0336894001643385,0.5965986394557823,0.9682539682539684,0.0501232539030402,0.9104477611940298,0.0073952341824157,11.813428956434215,0.0150085323514824,0.0266441821247892,-19.22040022234575,606000000.0,-1828000000.0,-2727000000.0,5657000000.0,977500000.0,546000000.0,551000000.0,73.8783894823336,64.55746367239101,68.71862615587847,1.2182182182182182,1.3941068139963169,1.3096885813148789,0.0310901219992129,0.3390772651473041,2018-05-01,0.51,bmo,1240862745.0,2025-04-25,2018-03-31,0.0,73.93983606557377,1034681.9180327868
2017-12-31,XYL,USD,1524472,2018-02-23,2018-02-23 12:53:26,2017,Q4,1277000000.0,768000000.0,509000000.0,0.3985904464,49000000,0.0,0.0,278000000.0,-7000000.0,327000000.0,1095000000.0,3000000.0,20000000.0,60000000.0,266000000.0,0.2083007048,179000000.0,0.1401722788,-35000000.0,144000000.0,0.1127642913,74000000.0,71000000.0,0.0555990603,0.39,0.39,179900000,181400000,https://www.sec.gov/Archives/edgar/data/1524472/000152447218000006/0001524472-18-000006-index.htm,https://www.sec.gov/Archives/edgar/data/1524472/000152447218000006/xyl1231201710k.htm,7.098387993329627,0.3946637020566981,1.706503613118399,1.4230127848804892,2.301278488048916,14.002223457476376,-7.8765981100611455,13.913285158421344,12.340188993885493,12269180000.0,14055180000.0,43.20133802816902,9.607815191855911,39.96475570032574,47.926484375,4.901789852177387,4.901789852177387,11.006405638214565,52.83902255639098,45.78234527687297,54.903046875,0.0057868578014178,0.0208652901008869,0.8789452656811826,0.3206997084548105,6.714285714285714,1.8827272727272728,8.95,4.385714285714286,0.0026896663020674,0.4647887323943662,0.0,0.038371182458888,0.5737609329446064,0.1661237785016286,0.0399373531714956,0.85,0.0039154267815191,11.115261766546228,0.0151065779320987,0.024281805745554,-16.38688160088938,971000000.0,-1417000000.0,-2270000000.0,5550000000.0,973000000.0,513000000.0,543000000.0,67.37666405638215,64.3359375,61.40624999999999,1.3357740585774058,1.3989071038251366,1.465648854961832,0.0283659608469836,0.2834908282379099,2018-02-01,0.76,bmo,1277000000.0,2025-04-25,2017-12-31,0.0,66.39698412698414,812604.0476190476
2017-09-30,XYL,USD,1524472,2017-10-31,2017-10-31 11:51:56,2017,Q3,1195000000.0,724000000.0,471000000.0,0.3941422594,45000000,0.0,0.0,270000000.0,1000000.0,315000000.0,1039000000.0,0.0,21000000.0,58000000.0,210000000.0,0.1757322176,152000000.0,0.1271966527,-21000000.0,131000000.0,0.109623431,27000000.0,105000000.0,0.0878661088,0.58,0.58,179600000,180900000,https://www.sec.gov/Archives/edgar/data/1524472/000152447217000049/0001524472-17-000049-index.htm,https://www.sec.gov/Archives/edgar/data/1524472/000152447217000049/xyl0930201710-q.htm,6.653674832962138,0.5846325167037862,1.269487750556793,1.0356347438752784,1.5757238307349666,13.808463251670378,-7.989977728285078,13.71380846325167,12.84521158129176,11248348000.0,13251348000.0,26.781780952380952,9.41284351464435,49.334859649122805,60.47498924731183,4.56692976045473,4.56692976045473,11.088994142259414,63.10165714285714,58.11994736842105,71.2438064516129,0.0093347040827684,0.0165357615180469,0.928136419001218,0.3370190181335692,9.538095238095238,1.756161971830986,7.238095238095238,2.1923076923076925,0.0028448621966532,0.3047619047619048,0.0,0.0376569037656903,0.5771782397169394,0.1842105263157894,0.0351464435146443,0.7241379310344828,0.00418410041841,13.431106171792084,0.0210083140190095,0.0366108786610878,-16.684298440979955,859000000.0,-1435000000.0,-2308000000.0,5411000000.0,967000000.0,459500000.0,558000000.0,74.56066945606695,59.29558011049724,69.86187845303868,1.207070707070707,1.5178197064989518,1.2882562277580072,0.0426309378806333,0.2338530066815144,2017-10-31,0.64,bmo,1176615384.0,2025-04-25,2017-09-30,0.015625,59.76777777777777,999645.9365079365
2017-06-30,XYL,USD,1524472,2017-08-01,2017-08-01 11:13:17,2017,Q2,1164000000.0,705000000.0,459000000.0,0.3943298969,44000000,0.0,0.0,270000000.0,3000000.0,314000000.0,1019000000.0,0.0,21000000.0,57000000.0,200000000.0,0.1718213058,139000000.0,0.1194158076,-16000000.0,121000000.0,0.10395189,21000000.0,99000000.0,0.0850515464,0.55,0.55,179600000,180600000,https://www.sec.gov/Archives/edgar/data/1524472/000152447217000039/0001524472-17-000039-index.htm,https://www.sec.gov/Archives/edgar/data/1524472/000152447217000039/xyl0630201710-q.htm,6.481069042316259,0.5512249443207127,0.5512249443207127,0.3619153674832962,1.6035634743875278,13.26280623608018,-8.457683741648108,13.16815144766147,13.54120267260579,9955228000.0,12078228000.0,25.13946464646465,8.552601374570447,100.55785858585858,153.15735384615385,4.209398731501057,4.209398731501057,10.376484536082474,60.39114,122.00230303030304,185.8188923076923,0.0099445236211566,0.0065292326805573,1.0194503171247358,0.3594751751900999,10.615,1.6341666666666668,6.619047619047619,0.99,0.0032143914735051,0.3232323232323232,0.0,0.0378006872852233,0.5816311316534963,0.3434343434343434,0.0292096219931271,0.5964912280701754,0.0042955326460481,12.779624597077875,0.0199784405318002,0.0352815395580898,-16.993318485523385,761000000.0,-1519000000.0,-2364000000.0,5289000000.0,906000000.0,428000000.0,547000000.0,72.98969072164948,56.42553191489362,70.72340425531915,1.2330508474576272,1.5950226244343892,1.272563176895307,0.041860465116279,0.1893095768374164,2017-08-01,0.57,bmo,1124542372.0,2025-04-25,2017-06-30,0.0350877192982456,52.07936507936508,1310223.1904761903
2017-03-31,XYL,USD,1524472,2017-05-02,2017-05-02 14:48:19,2017,Q1,1071000000.0,659000000.0,412000000.0,0.3846872082,42000000,0.0,0.0,272000000.0,-1000000.0,314000000.0,973000000.0,0.0,20000000.0,59000000.0,158000000.0,0.1475256769,86000000.0,0.0802987862,-16000000.0,70000000.0,0.0653594771,14000000.0,56000000.0,0.0522875817,0.31,0.31,179600000,180700000,https://www.sec.gov/Archives/edgar/data/1524472/000152447217000024/0001524472-17-000024-index.htm,https://www.sec.gov/Archives/edgar/data/1524472/000152447217000024/xyl0331201710-q.htm,5.963251670378619,0.311804008908686,0.289532293986637,0.0501113585746102,1.5979955456570156,12.62806236080178,-8.797327394209354,12.533407572383071,13.402004454342984,9019512000.0,11119512000.0,40.265678571428566,8.421579831932773,173.45215384615383,1002.168,4.006891159484674,4.006891159484674,10.382364145658263,70.3766582278481,213.8367692307692,1235.5013333333334,0.0062087616270148,0.0009978366900559,1.0604175921812529,0.365711659261529,13.291139240506327,1.5642317380352644,4.3,0.9285714285714286,0.0036587345302051,0.5892857142857143,0.0,0.0392156862745098,0.5895510954496705,0.8269230769230769,0.0401493930905695,0.7288135593220338,0.0056022408963585,9.37705984533528,0.0122922994461318,0.020903322135125,-16.98775055679287,672000000.0,-1580000000.0,-2396000000.0,5132000000.0,855500000.0,435500000.0,531000000.0,72.94117647058823,56.5402124430956,73.74810318664643,1.2338709677419355,1.5917874396135263,1.2203703703703703,0.0248778320746334,0.2394209354120267,2017-05-02,0.38,bmo,1043538461.0,2025-04-25,2017-03-31,0.0263157894736842,48.73887096774193,1601286.838709677
2016-12-31,XYL,USD,1524472,2017-02-23,2017-02-23 11:50:48,2016,Q4,1095000000.0,689000000.0,406000000.0,0.3707762557,35000000,0.0,0.0,250000000.0,-4000000.0,285000000.0,974000000.0,2000000.0,20000000.0,54000000.0,193000000.0,0.1762557078,109000000.0,0.099543379,-19000000.0,90000000.0,0.0821917808,40000000.0,50000000.0,0.0456621005,0.28,0.28,179600000,180700000,https://www.sec.gov/Archives/edgar/data/1524472/000152447217000008/0001524472-17-000008-index.htm,https://www.sec.gov/Archives/edgar/data/1524472/000152447217000008/xyl1231201610k.htm,6.096881959910913,0.2783964365256124,1.2416481069042316,1.052338530066815,1.7149220489977728,12.288418708240537,-9.053452115812918,12.193763919821826,13.296213808463252,8893792000.0,10953792000.0,44.46896,8.122184474885845,39.88247533632288,47.05710052910053,4.061092237442923,4.061092237442923,10.00346301369863,56.75539896373057,49.12014349775784,57.95657142857143,0.0056218989605333,0.0212507780708161,1.0812785388127857,0.3657707754093296,10.67357512953368,1.4854604200323105,5.45,4.46,0.0031482634178986,0.56,0.0,0.0319634703196347,0.5920605498918752,0.1524663677130044,0.0310502283105022,0.6296296296296297,0.0027397260273972,8.739608659433332,0.011018114184053,0.0189322226429382,-17.069877505567927,601000000.0,-1626000000.0,-2428000000.0,5050000000.0,817500000.0,399000000.0,505000000.0,69.28767123287672,59.69521044992743,68.18577648766328,1.298932384341637,1.5076586433260395,1.3199233716475096,0.0228310502283105,0.1893095768374164,2017-02-02,0.65,bmo,1078409090.0,2025-04-25,2016-12-31,0.0153846153846153,50.69555555555556,1347017.3015873015
2016-09-30,XYL,USD,1524472,2016-11-01,2016-11-01 12:27:48,2016,Q3,897000000.0,540000000.0,357000000.0,0.397993311,23000000,0.0,0.0,219000000.0,2000000.0,242000000.0,782000000.0,0.0,16000000.0,32000000.0,157000000.0,0.1750278707,109000000.0,0.121516165,-14000000.0,95000000.0,0.1059085842,22000000.0,73000000.0,0.0813823857,0.41,0.41,179300000,180300000,https://www.sec.gov/Archives/edgar/data/1524472/000152447216000044/0001524472-16-000044-index.htm,https://www.sec.gov/Archives/edgar/data/1524472/000152447216000044/xyl0930201610-q.htm,5.002788622420525,0.4071388733965421,0.8310094813162298,0.6748466257668712,3.675404350250976,12.42052426101506,0.9035136642498606,12.42052426101506,6.837702175125488,9404285000.0,9955285000.0,32.20645547945206,10.484152731326644,63.1160067114094,77.72136363636363,4.222849124382577,4.222849124382577,11.098422519509477,63.40945859872611,66.81399328859061,82.2750826446281,0.0077624189398768,0.0128664752291109,0.5433318365514145,0.2532440351611553,3.5095541401273884,2.487514863258026,6.8125,2.041095890410959,0.0029773661687198,0.3835616438356164,0.0,0.0256410256410256,0.4321892005023022,0.1879194630872483,0.0312151616499442,0.875,0.0055741360089186,10.666759617102189,0.0209447098616759,0.0269074824917066,-5.878416062465142,1251000000.0,162000000.0,-459000000.0,3756000000.0,788000000.0,340000000.0,485500000.0,79.46488294314382,56.833333333333336,81.33333333333333,1.1325757575757576,1.5835777126099706,1.1065573770491803,0.0327795240233498,0.1561628555493586,2016-11-01,0.53,bmo,880388888.0,2025-04-25,2016-09-30,0.0188679245283019,49.04015625,1043104.265625
2016-06-30,XYL,USD,1524472,2016-08-02,2016-08-02 10:36:50,2016,Q2,932000000.0,563000000.0,369000000.0,0.3959227468,27000000,0.0,0.0,227000000.0,1000000.0,254000000.0,817000000.0,0.0,20000000.0,33000000.0,148000000.0,0.1587982833,109000000.0,0.1169527897,-19000000.0,90000000.0,0.0965665236,19000000.0,71000000.0,0.0761802575,0.39,0.39,179100000,179900000,https://www.sec.gov/Archives/edgar/data/1524472/000152447216000038/0001524472-16-000038-index.htm,https://www.sec.gov/Archives/edgar/data/1524472/000152447216000038/xyl0630201610-q.htm,5.203796761585706,0.3964265773310999,0.4690117252931323,0.3294249022892239,3.271915131211613,12.138470128419875,0.5862646566164154,12.138470128419875,7.001675041876047,7996815000.0,8644815000.0,28.157799295774648,8.580273605150214,95.20017857142857,135.53923728813558,3.67838776448942,3.67838776448942,9.275552575107296,58.41091216216216,102.91446428571427,146.5222881355932,0.0088785347666539,0.007377937341304,0.5676172953081877,0.2628887942053685,4.378378378378378,2.4475609756097563,5.45,1.1830985915492958,0.0035013939924832,0.3943661971830985,0.0,0.028969957081545,0.4407754580315296,0.2976190476190476,0.0268240343347639,0.7575757575757576,0.0053648068669527,10.405300272386135,0.0216869833263275,0.027047619047619,-6.166945840312675,1187000000.0,105000000.0,-513000000.0,3694000000.0,768000000.0,335500000.0,482500000.0,75.70815450643777,54.19182948490231,77.2113676731794,1.1887755102040816,1.6607669616519174,1.165631469979296,0.0326586936522539,0.1395868230039084,2016-08-02,0.47,bmo,912583333.0,2025-04-25,2016-06-30,0.0212765957446808,43.45125,1283726.078125
2016-03-31,XYL,USD,1524472,2016-05-03,2016-05-03 10:21:51,2016,Q1,847000000.0,518000000.0,329000000.0,0.3884297521,25000000,0.0,0.0,219000000.0,232000000.0,244000000.0,762000000.0,0.0,14000000.0,32000000.0,117000000.0,0.1381345927,79000000.0,0.093270366,-14000000.0,65000000.0,0.0767414404,-1000000.0,66000000.0,0.0779220779,0.37,0.37,178600000,179300000,https://www.sec.gov/Archives/edgar/data/1524472/000152447216000032/0001524472-16-000032-index.htm,https://www.sec.gov/Archives/edgar/data/1524472/000152447216000032/xyl0331201610-q.htm,4.742441209406495,0.3695408734602463,0.2295632698768197,0.0223964165733482,6.67973124300112,12.088465845464723,0.3527435610302352,12.088465845464723,10.565509518477043,7304740000.0,7984740000.0,27.6694696969697,8.624250295159387,178.16439024390243,1826.185,3.383390458545623,3.383390458545623,9.427083825265644,68.24564102564102,194.74975609756092,1996.185,0.0090352291799571,0.0005475896472701,0.8675312644742936,0.3531297134238311,5.811965811965812,1.7981843575418994,5.642857142857143,0.6212121212121212,0.0038331275308909,0.4242424242424242,0.0,0.0295159386068477,0.3951734539969834,0.902439024390244,0.0436835891381345,1.15625,0.0059031877213695,10.02554737233166,0.0174685071026534,0.020573566084788,-6.422172452407615,1143000000.0,63000000.0,-570000000.0,3685000000.0,750500000.0,335000000.0,457500000.0,79.90554899645808,57.68339768339768,83.74517374517374,1.1263297872340423,1.5602409638554218,1.074688796680498,0.0305697081982399,0.2071668533034714,2016-05-03,0.34,bmo,822800000.0,2025-04-25,2016-03-31,0.0294117647058822,36.82311475409836,1591386.6393442622
2015-12-31,XYL,USD,1524472,2016-02-26,2016-02-26 11:19:24,2015,Q4,994000000.0,604000000.0,390000000.0,0.3923541247,24000000,0.0,0.0,223000000.0,0.0,247000000.0,851000000.0,2000000.0,14000000.0,31000000.0,174000000.0,0.1750503018,142000000.0,0.1428571429,-14000000.0,128000000.0,0.1287726358,14000000.0,114000000.0,0.1146881288,0.64,0.64,178600000,179300000,https://www.sec.gov/Archives/edgar/data/1524472/000152447216000027/0001524472-16-000027-index.htm,https://www.sec.gov/Archives/edgar/data/1524472/000152447216000027/xyl1231201510k.htm,5.565509518477044,0.6382978723404256,1.1422172452407615,0.923852183650616,3.807390817469205,11.668533034714446,0.3639417693169093,11.668533034714446,7.211646136618141,6518900000.0,7112900000.0,14.295833333333333,6.558249496981891,31.955392156862743,39.50848484848485,3.128071017274472,3.128071017274472,7.155835010060362,40.87873563218391,34.8671568627451,43.10848484848485,0.0174876129408335,0.0253110187301538,0.6113243761996161,0.2735666738243504,3.413793103448276,2.4362089914945324,10.142857142857142,1.7894736842105263,0.0038350028379021,0.219298245614035,0.0,0.0241448692152917,0.4335409061627657,0.1911764705882352,0.039235412474849,1.2580645161290325,0.0040241448692152,12.945269240588413,0.0323284125766871,0.0432145564821834,-6.241601343784994,1182000000.0,65000000.0,-568000000.0,3640000000.0,755500000.0,326000000.0,455000000.0,67.8169014084507,50.36423841059603,64.51986754966887,1.3271028037383177,1.78698224852071,1.394919168591224,0.0547024952015355,0.2183650615901455,2016-02-04,0.6,bmo,994000000.0,2025-04-25,2015-12-31,0.0,36.16375,1243868.734375
2015-09-30,XYL,USD,1524472,2015-10-29,2015-10-29 10:13:58,2015,Q3,902000000.0,551000000.0,351000000.0,0.389135255,23000000,0.0,0.0,207000000.0,0.0,230000000.0,781000000.0,0.0,13000000.0,33000000.0,154000000.0,0.1707317073,120000000.0,0.133037694,-13000000.0,107000000.0,0.1186252772,19000000.0,88000000.0,0.0975609756,0.48,0.48,180800000,181600000,https://www.sec.gov/Archives/edgar/data/1524472/000152447215000023/0001524472-15-000023-index.htm,https://www.sec.gov/Archives/edgar/data/1524472/000152447215000023/xyl0930201510-q.htm,4.988938053097345,0.4867256637168141,0.7577433628318584,0.6415929203539823,3.379424778761062,11.299778761061948,0.1382743362831858,11.299778761061948,7.123893805309734,5939280000.0,6603280000.0,16.872954545454547,6.584567627494457,43.35240875912409,51.20068965517241,2.907136563876652,2.907136563876652,7.320709534368071,42.87844155844156,48.19912408759125,56.924827586206895,0.0148166107676351,0.0195309869209735,0.6240822320117474,0.2744886975242196,4.311688311688312,2.474846625766871,9.23076923076923,1.556818181818182,0.0043776349995285,0.2954545454545454,0.0,0.0254988913525498,0.4344456404736275,0.1532846715328467,0.0232815964523281,0.6363636363636364,0.0033259423503325,11.124188830649556,0.025247272649027,0.0334982870194137,-6.532079646017699,1202000000.0,25000000.0,-585000000.0,3638000000.0,767000000.0,314500000.0,487500000.0,76.0310421286031,51.2885662431942,77.91288566243195,1.1837270341207349,1.7547770700636942,1.1551362683438156,0.0430739109153206,0.1161504424778761,2015-10-29,0.48,bmo,883591836.0,2025-04-25,2015-09-30,0.0208333333333333,33.645,1306248.34375
2015-06-30,XYL,USD,1524472,2015-07-30,2015-07-30 10:37:02,2015,Q2,920000000.0,572000000.0,348000000.0,0.3782608696,25000000,0.0,0.0,218000000.0,1000000.0,243000000.0,815000000.0,0.0,14000000.0,34000000.0,139000000.0,0.1510869565,104000000.0,0.1130434783,-13000000.0,91000000.0,0.0989130435,17000000.0,74000000.0,0.0804347826,0.41,0.41,181500000,182300000,https://www.sec.gov/Archives/edgar/data/1524472/000152447215000015/0001524472-15-000015-index.htm,https://www.sec.gov/Archives/edgar/data/1524472/000152447215000015/xyl0630201510-q.htm,5.068870523415978,0.4077134986225895,0.4628099173553719,0.3526170798898072,3.3057851239669422,11.460055096418731,0.2534435261707989,11.460055096418731,7.112947658402204,6728205000.0,7405205000.0,22.73042229729729,7.313266304347826,80.09767857142857,105.128203125,3.234713942307692,3.234713942307692,8.049135869565218,53.27485611510792,88.15720238095238,115.706328125,0.0109984758193307,0.0095121953032049,0.6139423076923077,0.2706081796990888,4.870503597122302,2.4563918757467142,7.428571428571429,1.135135135135135,0.0037157012903144,0.3378378378378378,0.0,0.0271739130434782,0.4310235219326128,0.238095238095238,0.0217391304347826,0.5882352941176471,0.0043478260869565,10.253264409435255,0.0213402544969539,0.02756052141527,-6.672176308539945,1219000000.0,46000000.0,-583000000.0,3684000000.0,755000000.0,313000000.0,500000000.0,75.52173913043478,49.56293706293706,78.35664335664335,1.1917098445595855,1.815873015873016,1.1485943775100402,0.035576923076923,0.1101928374655647,2015-07-30,0.43,bmo,920000000.0,2025-04-25,2015-06-30,0.0,36.37587301587301,957922.4444444444
2015-03-31,XYL,USD,1524472,2015-04-30,2015-04-30 10:49:07,2015,Q1,837000000.0,522000000.0,315000000.0,0.376344086,23000000,0.0,0.0,206000000.0,-1000000.0,229000000.0,751000000.0,0.0,14000000.0,35000000.0,121000000.0,0.1445639188,83000000.0,0.0991636798,-6000000.0,77000000.0,0.091995221,13000000.0,64000000.0,0.0764635603,0.35,0.35,182100000,183100000,https://www.sec.gov/Archives/edgar/data/1524472/000152447215000009/0001524472-15-000009-index.htm,https://www.sec.gov/Archives/edgar/data/1524472/000152447215000009/xyl0331201510-q.htm,4.596375617792422,0.3514552443712246,0.214168039538715,0.0109829763866007,3.042284459088413,10.922570016474465,-0.214168039538715,10.922570016474465,7.089511257550797,6377142000.000001,7100142000.000001,24.910710937500003,7.61904659498208,163.51646153846156,3188.5710000000004,3.2062051282051285,3.2062051282051285,8.482845878136201,58.67885950413224,182.0549230769231,3550.0710000000004,0.0100358436428105,0.0003136201138378,0.6420311714429362,0.2764069264069264,5.975206611570248,2.3685474189675872,5.928571428571429,0.609375,0.0040770614798917,0.40625,0.0,0.027479091995221,0.4389610389610389,0.9487179487179488,0.044205495818399,1.0571428571428572,0.004778972520908,9.293700908238412,0.0178353187660323,0.0246913580246913,-6.98791872597474,1140000000.0,-39000000.0,-658000000.0,3602000000.0,754500000.0,324500000.0,494000000.0,79.35483870967742,53.62068965517241,86.55172413793103,1.1341463414634143,1.6784565916398717,1.0398406374501992,0.0321769733534439,0.2031850631521142,2015-04-30,0.31,bmo,786272727.0,2025-04-25,2015-03-31,0.0645161290322581,35.27180327868852,1037720.7540983608
2014-12-31,XYL,USD,1524472,2015-02-26,2015-02-26 11:33:26,2014,Q4,1042000000.0,635000000.0,407000000.0,0.3905950096,26000000,0.0,0.0,232000000.0,-4000000.0,258000000.0,893000000.0,2000000.0,13000000.0,35000000.0,176000000.0,0.1689059501,141000000.0,0.1353166987,-13000000.0,128000000.0,0.122840691,32000000.0,96000000.0,0.0921305182,0.53,0.52,182100000,183100000,https://www.sec.gov/Archives/edgar/data/1524472/000152447215000006/0001524472-15-000006-index.htm,https://www.sec.gov/Archives/edgar/data/1524472/000152447215000006/xyl1231201410k.htm,5.722130697419001,0.5271828665568369,0.8951125755079626,0.6644700713893466,3.640856672158155,11.680395387149918,0.3349807797913234,11.680395387149918,7.1444261394838,6932547000.0,7557547000.0,18.0535078125,6.653116122840691,42.53096319018405,57.293776859504135,3.2593074753173483,3.2593074753173483,7.252924184261037,42.940607954545456,46.36531901840491,62.45906611570248,0.0138477243645084,0.0174539025844325,0.6055477197931358,0.2648026315789473,3.551136363636364,2.314977973568282,10.846153846153848,1.6979166666666667,0.0033176839623301,0.2395833333333333,0.0,0.0249520153550863,0.4247532894736842,0.2576687116564417,0.0403071017274472,1.2,0.0038387715930902,11.77065619500826,0.0261433868974042,0.0343102215868477,-6.879461834157056,1194000000.0,61000000.0,-635000000.0,3721000000.0,787500000.0,326000000.0,501000000.0,66.59309021113243,47.90551181102362,68.88188976377953,1.3514915693904022,1.878698224852071,1.3065843621399178,0.0451339915373765,0.2306425041186161,2015-02-05,0.6,bmo,1008387096.0,2025-04-25,2014-12-31,0.0333333333333333,36.57703125,892221.375
2014-09-30,XYL,USD,1524472,2014-10-28,2014-10-28 11:46:47,2014,Q3,963000000.0,587000000.0,376000000.0,0.3904465213,24000000,0.0,0.0,222000000.0,1000000.0,246000000.0,833000000.0,0.0,14000000.0,35000000.0,165000000.0,0.1713395639,130000000.0,0.1349948079,-2000000.0,128000000.0,0.1329179647,22000000.0,106000000.0,0.1100726895,0.58,0.58,182200000,183400000,https://www.sec.gov/Archives/edgar/data/1524472/000152447214000016/0001524472-14-000016-index.htm,https://www.sec.gov/Archives/edgar/data/1524472/000152447214000016/xyl0930201410-q.htm,5.285400658616904,0.5817782656421515,0.8507135016465422,0.6915477497255763,2.903402854006586,12.03622392974753,0.4281009879253567,12.03622392974753,6.882546652030736,6466278000.0,7177278000.0,15.250655660377358,6.714722741433022,41.717922580645165,51.31966666666667,2.9485991792065667,2.9485991792065667,7.453040498442368,43.49865454545454,46.30501935483871,56.96252380952381,0.0163927378315624,0.019485707233744,0.5654354765161879,0.2575820523473203,4.3090909090909095,2.3823529411764706,9.285714285714286,1.4622641509433962,0.0037115632826179,0.2264150943396226,0.0,0.0249221183800623,0.4393435812214374,0.1870967741935484,0.0301142263759086,0.8285714285714286,0.0051921079958463,12.55206370926328,0.0268804619225967,0.0392738051130048,-6.756311745334797,1175000000.0,78000000.0,-596000000.0,3744000000.0,817000000.0,321000000.0,521500000.0,75.14018691588785,48.14310051107326,79.11413969335605,1.1977611940298507,1.8694267515923568,1.1375968992248062,0.0483356133150934,0.1591657519209659,2014-10-28,0.52,bmo,944830188.0,2025-04-25,2014-09-30,0.0192307692307692,37.1565625,813535.359375
2014-06-30,XYL,USD,1524472,2014-07-29,2014-07-29 11:22:31,2014,Q2,1005000000.0,617000000.0,388000000.0,0.3860696517,27000000,0.0,0.0,242000000.0,1000000.0,269000000.0,886000000.0,0.0,13000000.0,36000000.0,155000000.0,0.1542288557,116000000.0,0.1154228856,-12000000.0,104000000.0,0.1034825871,18000000.0,86000000.0,0.0855721393,0.47,0.47,183400000,184500000,https://www.sec.gov/Archives/edgar/data/1524472/000152447214000013/0001524472-14-000013-index.htm,https://www.sec.gov/Archives/edgar/data/1524472/000152447214000013/xyl0630201410-q.htm,5.479825517993457,0.4689203925845147,0.4143947655398037,0.2889858233369684,2.453653217011996,12.241003271537622,0.2998909487459106,12.241003271537622,6.8429661941112325,7167272000.0,7959272000.0,20.83509302325581,7.131613930348259,94.30621052631578,135.2315471698113,3.19254877505568,3.19254877505568,7.919673631840796,51.35014193548387,104.72726315789474,150.1749433962264,0.0119989865042096,0.0073947242409664,0.5532293986636971,0.253469387755102,5.109677419354838,2.382978723404255,8.923076923076923,0.8837209302325582,0.0032090312743816,0.2674418604651162,0.0,0.026865671641791,0.446938775510204,0.3026315789473684,0.0228855721393034,0.6388888888888888,0.0049751243781094,11.364473650092616,0.023413003886521,0.0317343173431734,-7.191930207197383,1170000000.0,55000000.0,-639000000.0,3829000000.0,816500000.0,326500000.0,521500000.0,74.32835820895522,47.84440842787682,76.87196110210697,1.210843373493976,1.881097560975609,1.1707779886148009,0.0383073496659242,0.1254089422028353,2014-07-29,0.44,bmo,921250000.0,2025-04-25,2014-06-30,0.0909090909090908,37.36095238095238,1099791.9206349207
2014-03-31,XYL,USD,1524472,2014-04-29,2014-04-29 10:45:43,2014,Q1,906000000.0,564000000.0,342000000.0,0.3774834437,27000000,0.0,0.0,224000000.0,-1000000.0,251000000.0,815000000.0,0.0,14000000.0,36000000.0,127000000.0,0.1401766004,76000000.0,0.0838852097,-15000000.0,61000000.0,0.0673289183,12000000.0,49000000.0,0.0540838852,0.27,0.27,184500000,185800000,https://www.sec.gov/Archives/edgar/data/1524472/000152447214000007/0001524472-14-000007-index.htm,https://www.sec.gov/Archives/edgar/data/1524472/000152447214000007/xyl0331201410-q.htm,4.9105691056910565,0.2655826558265582,0.1192411924119241,-0.016260162601626,2.5257452574525745,12.08130081300813,0.1626016260162601,12.08130081300813,6.813008130081301,6719490000.0,7496490000.0,34.28311224489796,7.416655629139073,305.43136363636364,-2239.83,3.014576043068641,3.014576043068641,8.274271523178808,59.02748031496063,340.74954545454545,-2498.83,0.0072922200940845,-0.0004464624547398,0.5576491700314042,0.2543482709228565,6.118110236220472,2.323220536756126,5.428571428571429,0.4489795918367347,0.0035716996379189,0.4897959183673469,0.0,0.0298013245033112,0.4499693063228975,1.1363636363636365,0.0275938189845474,0.6944444444444444,0.0044150110375275,8.49665457721807,0.0149850712635907,0.0182291666666666,-7.218157181571816,1134000000.0,30000000.0,-667000000.0,3809000000.0,810000000.0,328500000.0,495500000.0,79.76821192052981,51.86170212765957,82.34042553191489,1.12826899128269,1.7353846153846153,1.0930232558139534,0.0219829519964109,0.1355013550135501,2014-04-29,0.32,bmo,852705882.0,2025-04-25,2014-03-31,0.0625,36.46557377049181,1261873.9672131147
2013-12-31,XYL,USD,1524472,2014-02-27,2014-02-27 11:58:31,2013,Q4,1033000000.0,623000000.0,410000000.0,0.3969022265,26000000,0.0,0.0,242000000.0,-13000000.0,268000000.0,891000000.0,3000000.0,14000000.0,40000000.0,211000000.0,0.2042594385,129000000.0,0.1248789932,-22000000.0,107000000.0,0.1035818006,39000000.0,68000000.0,0.0658276864,0.37,0.37,184500000,185800000,https://www.sec.gov/Archives/edgar/data/1524472/000152447214000004/0001524472-14-000004-index.htm,https://www.sec.gov/Archives/edgar/data/1524472/000152447214000004/xyl1231201310k.htm,5.598915989159892,0.3685636856368564,0.8726287262872628,0.6829268292682927,2.888888888888889,12.146341463414634,0.1897018970189702,12.146341463414634,6.802168021680217,6383700000.0,7091700000.0,23.469485294117646,6.179767666989352,39.650310559006215,50.66428571428571,2.8485943775100404,2.8485943775100404,6.86515004840271,33.60995260663507,44.04782608695652,56.28333333333333,0.0106521296426837,0.0197377696320315,0.5537706381079875,0.2534722222222222,3.3554502369668247,2.3552168815943726,9.214285714285714,2.367647058823529,0.0034462772373388,0.3235294117647059,0.0,0.0251694094869312,0.4505718954248366,0.217391304347826,0.0338818973862536,0.875,0.0058083252662149,10.036222321027816,0.0200688637481554,0.0252788104089219,-6.892953929539296,1156000000.0,35000000.0,-646000000.0,3850000000.0,831000000.0,328000000.0,485500000.0,71.1810261374637,47.96147672552167,68.61958266452649,1.2643818849449204,1.8765060240963856,1.311578947368421,0.0303435966086568,0.1897018970189702,2014-02-04,0.52,bmo,959214285.0,2025-04-25,2013-12-31,0.0769230769230769,32.16640625,1337480.890625
2013-09-30,XYL,USD,1524472,2013-10-29,2013-10-29 11:53:49,2013,Q3,965000000.0,581000000.0,384000000.0,0.3979274611,24000000,0.0,0.0,256000000.0,-1000000.0,280000000.0,861000000.0,0.0,14000000.0,36000000.0,146000000.0,0.1512953368,98000000.0,0.1015544041,-15000000.0,83000000.0,0.0860103627,10000000.0,73000000.0,0.0756476684,0.39,0.39,185200000,186000000,https://www.sec.gov/Archives/edgar/data/1524472/000152447213000016/0001524472-13-000016-index.htm,https://www.sec.gov/Archives/edgar/data/1524472/000152447213000016/xyl0930201310-q.htm,5.2105831533477325,0.3941684665226782,0.5453563714902808,0.3779697624190065,2.127429805615551,11.652267818574511,-0.2321814254859611,11.652267818574511,6.565874730021599,5172636000.0,5980636000.0,17.714506849315068,5.360244559585492,51.21421782178217,73.8948,2.396958294717331,2.396958294717331,6.1975502590673575,40.9632602739726,59.21421782178218,85.43765714285715,0.0141127270505792,0.0135327519663088,0.556997219647822,0.2512541806020067,5.534246575342466,2.3678304239401498,7.0,1.3835616438356164,0.0042531506179827,0.3013698630136986,0.0,0.0248704663212435,0.4600752508361204,0.3069306930693069,0.0321243523316062,0.8611111111111112,0.0093264248704663,10.165703226785594,0.0216293026560445,0.0282617111885404,-7.290766738660907,1097000000.0,-43000000.0,-727000000.0,3776000000.0,818500000.0,317500000.0,483500000.0,78.80829015544042,50.18932874354561,76.83304647160068,1.142011834319527,1.7932098765432098,1.1713709677419355,0.0338276181649675,0.1673866090712743,2013-10-29,0.35,bmo,689285714.0,2025-04-25,2013-09-30,0.4000000000000001,26.6596875,1721854.453125
2013-06-30,XYL,USD,1524472,2013-07-30,2013-07-30 14:21:12,2013,Q2,960000000.0,589000000.0,371000000.0,0.3864583333,28000000,0.0,0.0,252000000.0,1000000.0,280000000.0,869000000.0,0.0,14000000.0,37000000.0,108000000.0,0.1125,70000000.0,0.0729166667,-13000000.0,57000000.0,0.059375,11000000.0,46000000.0,0.0479166667,0.25,0.25,185400000,186100000,https://www.sec.gov/Archives/edgar/data/1524472/000152447213000011/0001524472-13-000011-index.htm,https://www.sec.gov/Archives/edgar/data/1524472/000152447213000011/xyl0630201310-q.htm,5.17799352750809,0.2481121898597627,0.2265372168284789,0.0647249190938511,1.941747572815534,11.067961165048544,-0.6472491909385113,11.067961165048544,6.56957928802589,5126310000.0,5970310000.0,27.86038043478261,5.33990625,122.055,427.1925,2.4982017543859647,2.4982017543859647,6.219072916666667,55.28064814814815,142.1502380952381,497.5258333333333,0.0089733160889606,0.0023408650666853,0.5867446393762183,0.2611147256560399,7.814814814814815,2.417119565217391,5.0,0.9130434782608696,0.0040965138666994,0.4565217391304347,0.0,0.0291666666666666,0.4710474951203643,0.7142857142857143,0.03125,0.8108108108108109,0.00625,7.860481018596611,0.0145595948634472,0.018860188601886,-7.38673139158576,1043000000.0,-120000000.0,-780000000.0,3685000000.0,779500000.0,310000000.0,466000000.0,74.25,47.52122241086588,71.96943972835315,1.2121212121212122,1.8938906752411573,1.2505307855626326,0.0224171539961013,0.1618122977346278,2013-07-30,0.44,bmo,1200000000.0,2025-04-25,2013-06-30,-0.1818181818181818,27.61015625,997201.9375
2013-03-31,XYL,USD,1524472,2013-04-30,2013-04-30 10:47:41,2013,Q1,879000000.0,545000000.0,334000000.0,0.3799772469,26000000,0.0,0.0,236000000.0,-2000000.0,262000000.0,807000000.0,0.0,13000000.0,37000000.0,101000000.0,0.1149032992,66000000.0,0.0750853242,-20000000.0,51000000.0,0.0580204778,10000000.0,41000000.0,0.0466439135,0.22,0.22,185800000,186400000,https://www.sec.gov/Archives/edgar/data/1524472/000152447213000006/0001524472-13-000006-index.htm,https://www.sec.gov/Archives/edgar/data/1524472/000152447213000006/xyl0331201310-q.htm,4.7308934337997846,0.2206673842841765,0.1076426264800861,-0.053821313240043,2.0182992465016145,10.979547900968784,-0.7158234660925726,10.979547900968784,6.555435952637245,5063050000.0,5893050000.0,30.87225609756097,5.760011376564278,253.1525,-506.305,2.481887254901961,2.481887254901961,6.704266211604096,58.347029702970296,294.6525,-589.305,0.0080978856618046,-0.0019750940638547,0.5906862745098039,0.262584441054696,8.217821782178218,2.436893203883495,5.076923076923077,0.4878048780487805,0.0043452069404805,0.5365853658536586,0.0,0.0295790671217292,0.4735236434953149,1.5,0.0341296928327645,0.8108108108108109,0.0068259385665529,7.383334789132622,0.0136961341067144,0.0169701986754966,-7.3641011840688915,1036000000.0,-133000000.0,-792000000.0,3683000000.0,771500000.0,320500000.0,452000000.0,78.53242320819113,51.02752293577981,76.12844036697247,1.1460234680573664,1.7637540453074434,1.1822125813449025,0.0200980392156862,0.1614639397201291,2013-04-30,0.27,bmo,879000000.0,2025-04-25,2013-03-31,0.0,27.829666666666665,948873.35
2012-12-31,XYL,USD,1524472,2013-02-25,2013-02-25 17:26:08,2012,Q4,969000000.0,587000000.0,382000000.0,0.3942208462,26000000,0.0,0.0,217000000.0,0.0,243000000.0,830000000.0,4000000.0,14000000.0,39000000.0,142000000.0,0.1465428277,104000000.0,0.1073271414,-15000000.0,89000000.0,0.0918472652,16000000.0,73000000.0,0.0753353973,0.39,0.39,185800000,186400000,https://www.sec.gov/Archives/edgar/data/1524472/000152447213000003/0001524472-13-000003-index.htm,https://www.sec.gov/Archives/edgar/data/1524472/000152447213000003/xyl1231201210k.htm,5.2152852529601725,0.3928955866523143,0.8934337997847147,0.7265877287405813,2.71259418729817,11.16254036598493,-0.3067814854682454,11.16254036598493,6.560818083961249,5035180000.0,5736180000.0,17.24376712328767,5.196264189886481,30.33240963855422,37.29762962962963,2.4277627772420445,2.4277627772420445,5.91969040247678,40.3956338028169,34.55530120481928,42.49022222222222,0.0144979921273916,0.0268113553040804,0.5810028929604629,0.2575336610386834,4.936619718309859,2.3994878361075545,7.428571428571429,2.2739726027397262,0.0037734500057594,0.2602739726027397,0.0,0.0268317853457172,0.4554391964094892,0.1867469879518072,0.0319917440660474,0.7948717948717948,0.0061919504643962,9.933707214657336,0.0218502486645791,0.0286499215070643,-6.983315392895586,1093000000.0,-57000000.0,-731000000.0,3711000000.0,788500000.0,324000000.0,455000000.0,72.07430340557276,50.90289608177172,67.92163543441227,1.2487113402061856,1.7680722891566265,1.325056433408578,0.0351976856316297,0.1668460710441335,2013-02-07,0.46,bmo,948382978.0,2025-04-25,2012-12-31,0.0217391304347825,25.46790322580645,921724.3870967742
2012-09-30,XYL,USD,1524472,2012-11-01,2012-11-01 11:36:46,2012,Q3,931000000.0,557000000.0,374000000.0,0.4017185822,24000000,0.0,0.0,235000000.0,0.0,259000000.0,816000000.0,0.0,14000000.0,36000000.0,150000000.0,0.1611170784,111000000.0,0.119226638,-11000000.0,100000000.0,0.1074113856,28000000.0,72000000.0,0.0773361976,0.39,0.38,185900000,186300000,https://www.sec.gov/Archives/edgar/data/1524472/000152447212000004/0001524472-12-000004-index.htm,https://www.sec.gov/Archives/edgar/data/1524472/000152447212000004/xyl0930201210-q.htm,5.0080688542227,0.3873050026896181,0.5648197955890264,0.4357181280258203,2.280796126949973,11.048951048951048,-0.2797202797202797,11.048951048951048,6.594943518020441,4692116000.0,5480116000.0,16.292069444444444,5.039866809881848,44.68681904761904,57.92735802469136,2.284379746835443,2.284379746835443,5.886268528464017,36.534106666666666,52.19158095238095,67.65575308641975,0.0153448891715379,0.0172630003179802,0.5900681596884129,0.2637075718015665,5.253333333333333,2.3363057324840764,7.928571428571429,1.4583333333333333,0.0036230988321686,0.2361111111111111,0.0,0.0257787325456498,0.4582245430809399,0.2285714285714285,0.0257787325456498,0.6666666666666666,0.0064446831364124,9.81246989060132,0.0208995815899581,0.0289156626506024,-6.905594405594406,1049000000.0,-52000000.0,-708000000.0,3619000000.0,785500000.0,321500000.0,467000000.0,77.43286788399571,51.05924596050269,75.45780969479354,1.1622971285892634,1.7626582278481011,1.1927194860813704,0.0350535540408958,0.129101667563206,2012-11-01,0.43,bmo,909840909.0,2025-04-25,2012-09-30,0.0232558139534883,24.554285714285715,880977.6984126985
2012-06-30,XYL,USD,1524472,2012-08-02,2012-08-02 10:22:37,2012,Q2,966000000.0,583000000.0,383000000.0,0.3964803313,28000000,0.0,0.0,226000000.0,0.0,254000000.0,837000000.0,0.0,13000000.0,33000000.0,161000000.0,0.1666666667,129000000.0,0.1335403727,-14000000.0,115000000.0,0.119047619,26000000.0,89000000.0,0.0921325052,0.48,0.48,185800000,186200000,https://www.sec.gov/Archives/edgar/data/1524472/000119312512330734/0001193125-12-330734-index.htm,https://www.sec.gov/Archives/edgar/data/1524472/000119312512330734/d354795d10q.htm,5.199138858988159,0.4790096878363832,0.3444564047362756,0.2045209903121636,1.9268030139935417,10.484391819160388,-0.7427341227125942,10.484391819160388,6.560818083961249,4676586000.0,5524586000.0,13.13647752808989,4.841186335403727,73.07165625,123.06805263157896,2.400711498973306,2.400711498973306,5.719033126293996,34.314198757763975,86.32165625,145.38384210526317,0.0190309768707343,0.0081255856302011,0.6190965092402464,0.2690763052208835,5.267080745341615,2.245186136071887,9.923076923076923,0.7191011235955056,0.0042766240158953,0.2247191011235955,0.0,0.0289855072463768,0.465417224453369,0.40625,0.0269151138716356,0.7878787878787878,0.005175983436853,10.630043188065269,0.0269096449080042,0.0371452420701168,-7.346609257265877,970000000.0,-138000000.0,-785000000.0,3515000000.0,765500000.0,328000000.0,466000000.0,71.73913043478261,50.480274442538594,72.0926243567753,1.2545454545454546,1.782874617737003,1.2483940042826551,0.0456878850102669,0.1399354144241119,2012-08-02,0.48,bmo,946285714.0,2025-04-25,2012-06-30,0.0208333333333333,26.07111111111111,927649.1904761904
2012-03-31,XYL,USD,1524472,2012-05-03,2012-05-03 08:45:55,2012,Q1,925000000.0,562000000.0,363000000.0,0.3924324324,28000000,0.0,0.0,231000000.0,5000000.0,264000000.0,826000000.0,0.0,14000000.0,34000000.0,132000000.0,0.1427027027,99000000.0,0.107027027,-15000000.0,84000000.0,0.0908108108,21000000.0,63000000.0,0.0681081081,0.34,0.34,185400000,185900000,https://www.sec.gov/Archives/edgar/data/1524472/000119312512206735/0001193125-12-206735-index.htm,https://www.sec.gov/Archives/edgar/data/1524472/000119312512206735/d338967d10q.htm,4.989212513484358,0.3398058252427184,0.3290183387270766,0.1618122977346278,1.871628910463862,10.512405609492989,-0.9924487594390508,10.512405609492989,6.580366774541532,5144850000.0,6003850000.0,20.416071428571428,5.562,84.34180327868853,171.495,2.6397383273473576,2.6397383273473576,6.490648648648649,45.48371212121212,98.42377049180328,200.12833333333333,0.0122452549637015,0.0058310737922388,0.6187788609543355,0.2672280079769554,6.507575757575758,2.1184371184371185,7.071428571428571,0.9682539682539684,0.0036930134017512,0.3015873015873015,0.0,0.0302702702702702,0.4726346111234212,0.5081967213114754,0.0335135135135135,0.9117647058823528,0.0054054054054054,8.965153368847005,0.0200784207679826,0.0264705882352941,-7.625404530744337,916000000.0,-184000000.0,-829000000.0,3517000000.0,758500000.0,325500000.0,445500000.0,74.04324324324324,52.686832740213525,74.46619217081852,1.2155059132720103,1.7082066869300911,1.2086021505376343,0.0323242688558235,0.1672060409924487,2012-05-03,0.36,bmo,925000000.0,2025-04-25,2012-03-31,0.0,26.822903225806453,987212.0322580644
2011-12-31,XYL,USD,1524472,2012-02-28,2012-02-28 14:43:15,2011,Q4,1003000000.0,623000000.0,380000000.0,0.3788634098,27000000,0.0,0.0,321000000.0,0.0,348000000.0,971000000.0,3000000.0,15000000.0,33000000.0,132000000.0,0.1316051844,99000000.0,0.0987038883,-15000000.0,84000000.0,0.0837487537,32000000.0,52000000.0,0.0518444666,0.28,0.28,185400000,185900000,https://www.sec.gov/Archives/edgar/data/1524472/000119312512084766/0001193125-12-084766-index.htm,https://www.sec.gov/Archives/edgar/data/1524472/000119312512084766/d267556d10k.htm,5.409924487594391,0.2804746494066882,1.0625674217907228,0.8090614886731392,1.715210355987055,9.854368932038836,-1.5533980582524272,9.854368932038836,6.585760517799352,4762926000.0,5650926000.0,22.89868269230769,4.748679960119641,24.177289340101524,31.75284,2.60696551724138,2.60696551724138,5.634023928215354,42.81004545454545,28.68490355329949,37.67284,0.0109176585989368,0.0314932459584717,0.6600985221674877,0.27452765763715,6.727272727272728,2.0097919216646267,6.6,3.7884615384615374,0.0039392759828727,0.3608169230769231,0.0,0.0269192422731804,0.4814477577964944,0.2385786802030456,0.0468594217347956,1.4242424242424243,0.0059820538384845,7.885921956569152,0.0171141341205569,0.0228270412642669,-7.918015102481122,825000000.0,-288000000.0,-924000000.0,3403000000.0,754500000.0,302500000.0,431500000.0,67.83649052841476,46.51685393258427,61.54093097913323,1.3267195767195767,1.934782608695652,1.4624413145539903,0.0284619594964422,0.2535059331175836,2012-02-28,0.46,bmo,1153450000.0,2025-04-25,2011-12-31,-0.1304347826086956,24.673272727272728,1618602.5818181818
2011-09-30,XYL,USD,1524472,2011-11-21,2011-11-21 16:13:42,2011,Q3,939000000.0,574000000.0,365000000.0,0.3887113951,23000000,0.0,0.0,215000000.0,286000000.0,238000000.0,812000000.0,0.0,1000000.0,36000000.0,119000000.0,0.1267305644,79000000.0,0.0841320554,3000000.0,82000000.0,0.0873269436,5000000.0,77000000.0,0.0820021299,0.42,0.42,184600000,184600000,https://www.sec.gov/Archives/edgar/data/1524472/000095012311099774/0000950123-11-099774-index.htm,https://www.sec.gov/Archives/edgar/data/1524472/000095012311099774/y93003e10vq.htm,5.086673889490791,0.4171180931744312,0.4929577464788732,0.352112676056338,0.9967497291440952,10.568797399783316,-1.0888407367280606,10.568797399783316,6.543878656554713,4476550000.0,5499550000.0,14.534253246753249,4.767358892438764,49.19285714285714,68.87,2.2944900051255765,2.2944900051255765,5.856815761448349,46.21470588235294,60.43461538461538,84.60846153846154,0.0172007461102858,0.0145201103528386,0.6186570989236289,0.290773307636714,8.596638655462185,2.212257100149477,79.0,1.181818181818182,0.0,0.0,0.0,0.0244941427050053,0.5184292941459889,0.2857142857142857,0.027689030883919,0.7222222222222222,0.0021299254526091,9.959408813642067,0.0212741401861968,0.0385192596298149,-6.67795232936078,811000000.0,-201000000.0,-720000000.0,3405000000.0,,,,72.17252396166134,44.37282229965157,68.5191637630662,1.247011952191235,2.0282685512367493,1.3135011441647595,0.0394669400307534,0.1408450704225352,2011-11-21,,bmo,,2025-04-25,2011-09-30,,,
2011-06-30,XYL,USD,1524472,2011-06-30,2011-06-29 20:00:00,2011,Q2,971000000.0,592000000.0,379000000.0,0.3903192585,26000000,0.0,0.0,237000000.0,0.0,263000000.0,855000000.0,0.0,1000000.0,35000000.0,151000000.0,0.1555097837,116000000.0,0.1194644696,-1000000.0,115000000.0,0.1184346035,43000000.0,72000000.0,0.0741503605,0.39,0.39,184600000,184600000,,,5.260021668472373,0.390032502708559,0.4875406283856988,0.3033586132177681,,,,,,4476550000.0,,15.543576388888887,4.610247167868177,49.739444444444445,79.93839285714286,0.0,0.0,,,,,0.0160838145446828,0.0125096335347533,0.0,0.0,,0.0,116.0,1.25,0.0,0.0,0.0,0.0267765190525231,0.0,0.3777777777777777,0.035015447991761,0.9714285714285714,0.0020597322348094,,0.0,0.0,,,,,,,,,,,,0.0,0.0,0.0,0.0,0.1841820151679306,2011-11-21,0.42,bmo,717054545.0,2025-04-25,2011-06-30,0.3095238095238097,,
2011-03-31,XYL,USD,1524472,2011-03-31,2011-03-30 20:00:00,2011,Q1,890000000.0,553000000.0,337000000.0,0.3786516854,24000000,0.0,0.0,213000000.0,0.0,237000000.0,790000000.0,0.0,0.0,33000000.0,132000000.0,0.1483146067,100000000.0,0.1123595506,1000000.0,101000000.0,0.1134831461,23000000.0,78000000.0,0.0876404494,0.42,0.42,184600000,184600000,,,4.821235102925244,0.4225352112676056,0.3846153846153846,0.2816901408450704,0.8342361863488624,15.335861321776814,5.092091007583965,15.335861321776814,0.0,4476550000.0,4322550000.0,14.347916666666666,5.029831460674157,63.05,86.0875,1.581261038502296,1.581261038502296,4.856797752808989,32.74659090909091,60.88098591549296,83.12596153846154,0.0174241324234064,0.0116160882822709,0.0,0.0,-1.1666666666666667,2.1927899686520376,0.0,0.9102564102564102,0.0,0.0,0.0,0.0269662921348314,0.4912964406339309,0.2676056338028169,0.0213483146067415,0.5757575757575758,0.0033707865168539,12.074712484372974,0.0240509880947608,0.0398365679264555,-0.6541170097508126,761000000.0,940000000.0,381000000.0,3111000000.0,701500000.0,298000000.0,403000000.0,72.10112359550563,46.70886075949368,67.86618444846293,1.2482468443197756,1.9268292682926829,1.3261390887290168,0.0275521017308371,0.1029252437703141,2011-03-30,,bmo,,2025-04-25,2011-03-31,,,
2010-12-31,XYL,USD,1524472,2010-12-31,2010-12-30 19:00:00,2010,Q4,935000000.0,576000000.0,359000000.0,0.3839572193,21000000,0.0,0.0,220000000.0,0.0,241000000.0,817000000.0,0.0,0.0,25000000.0,151000000.0,0.1614973262,111000000.0,0.1187165775,0.0,111000000.0,0.1187165775,14000000.0,97000000.0,0.1037433155,0.53,0.53,184600000,184600000,,,5.065005417118093,0.5254604550379198,0.9154929577464788,0.6446370530877573,0.7096424702058505,14.729144095341278,4.691224268689058,14.729144095341278,0.0,4476550000.0,4345550000.0,11.5375,4.787754010695188,26.48846153846154,37.61806722689076,1.6463957337256343,1.6463957337256343,4.647647058823529,28.77847682119205,25.713313609467452,36.51722689075631,0.0216684723726977,0.0265829712613508,0.0,0.0,-0.8675496688741722,2.058551617873652,0.0,1.7422680412371134,0.0,0.0,0.0,0.0224598930481283,0.4961178045515395,0.2958579881656805,0.053475935828877,2.0,0.002139037433155,13.196234768667354,0.0314322747893713,0.0515409139213602,-0.9371614301191766,687000000.0,866000000.0,320000000.0,2994000000.0,,,,66.41711229946524,48.28125,60.78125,1.355072463768116,1.864077669902913,1.480719794344473,0.0356748804707613,0.2708559046587215,2010-12-30,,bmo,,2025-04-25,2010-12-31,,,
2010-09-30,XYL,USD,1524472,2010-09-30,2010-09-29 20:00:00,2010,Q3,806000000.0,497000000.0,309000000.0,0.3833746898,18000000,0.0,0.0,183000000.0,0.0,201000000.0,698000000.0,0.0,0.0,1000000.0,108000000.0,0.1339950372,107000000.0,0.1327543424,3000000.0,110000000.0,0.1364764268,19000000.0,91000000.0,0.1129032258,0.49,0.49,184600000,184600000,,,4.366197183098592,0.4929577464788732,,,,,,,,4476550000.0,,12.298214285714286,5.554032258064516,0.0,0.0,0.0,0.0,,,0.0,0.0,0.0203281544939741,,0.0,0.0,,0.0,0.0,0.0,,,0.0,0.0223325062034739,0.0,0.0,,0.0,,,0.0,0.0,,,,,,,,,,,,0.0,0.0,0.0,0.0,,2010-09-29,,bmo,,2025-04-25,2010-09-30,,,
2010-03-31,XYL,USD,1524472,2010-03-31,2010-03-30 20:00:00,2010,Q1,686000000.0,431000000.0,255000000.0,0.3717201166,18000000,0.0,0.0,164000000.0,0.0,182000000.0,613000000.0,0.0,0.0,19000000.0,92000000.0,0.1341107872,69000000.0,0.1005830904,-2000000.0,67000000.0,0.0976676385,11000000.0,56000000.0,0.0816326531,0.3,0.3,184600000,184600000,,,3.71614301191766,0.3033586132177681,0.2275189599133261,0.1733477789815818,,,,,,4476550000.0,,19.984598214285715,6.525583090379008,106.58452380952382,139.8921875,0.0,0.0,,,,,0.0125096335347533,0.007148362019859,0.0,0.0,,0.0,0.0,0.75,0.0,0.0,0.0,0.0262390670553935,0.0,0.238095238095238,0.0145772594752186,0.5263157894736842,0.0029154518950437,,0.0,0.0,,,,,,,,,,,,0.0,0.0,0.0,0.0,0.0541711809317443,2010-03-30,,bmo,,2025-04-25,2010-03-31,,,
