date,symbol,reportedCurrency,cik,fillingDate,acceptedDate,calendarYear,period,revenue,costOfRevenue,grossProfit,grossProfitRatio,researchAndDevelopmentExpenses,generalAndAdministrativeExpenses,sellingAndMarketingExpenses,sellingGeneralAndAdministrativeExpenses,otherExpenses,operatingExpenses,costAndExpenses,interestIncome,interestExpense,depreciationAndAmortization,ebitda,ebitdaratio,operatingIncome,operatingIncomeRatio,totalOtherIncomeExpensesNet,incomeBeforeTax,incomeBeforeTaxRatio,incomeTaxExpense,netIncome,netIncomeRatio,eps,epsdiluted,weightedAverageShsOut,weightedAverageShsOutDil,link,finalLink,revenuePerShare,netIncomePerShare,operatingCashFlowPerShare,freeCashFlowPerShare,cashPerShare,bookValuePerShare,tangibleBookValuePerShare,shareholdersEquityPerShare,interestDebtPerShare,marketCap,enterpriseValue,peRatio,priceToSalesRatio,pocfratio,pfcfRatio,pbRatio,ptbRatio,evToSales,enterpriseValueOverEBITDA,evToOperatingCashFlow,evToFreeCashFlow,earningsYield,freeCashFlowYield,debtToEquity,debtToAssets,netDebtToEBITDA,currentRatio,interestCoverage,incomeQuality,dividendYield,payoutRatio,salesGeneralAndAdministrativeToRevenue,researchAndDdevelopementToRevenue,intangiblesToTotalAssets,capexToOperatingCashFlow,capexToRevenue,capexToDepreciation,stockBasedCompensationToRevenue,grahamNumber,roic,returnOnTangibleAssets,grahamNetNet,workingCapital,tangibleAssetValue,netCurrentAssetValue,investedCapital,averageReceivables,averagePayables,averageInventory,daysSalesOutstanding,daysPayablesOutstanding,daysOfInventoryOnHand,receivablesTurnover,payablesTurnover,inventoryTurnover,roe,capexPerShare,report_date,epsEstimated,time,revenueEstimated,updatedFromDate,fiscalDateEnding,surprise(%),QuarterAvgPrice,QuarterAvgVolume
2025-03-31,ZBH,USD,1136869,2025-05-05,2025-05-05 16:00:26,2025,Q1,1909100000.0,700800000.0,1208300000.0,0.6329160337,0,0.0,0.0,0.0,0.0,0.0,0.0,0.0,0.0,0.0,0.0,0.0,0.0,0.0,0.0,0.0,0.0,0.0,0.0,0.0,0.0,0.0,203100000,203900000,https://www.sec.gov/Archives/edgar/data/1136869/000095017025063509/0000950170-25-063509-index.htm,https://www.sec.gov/Archives/edgar/data/1136869/000095017025063509/zbh-20250331.htm,9.399803052683406,0.0,1.8847858197932053,1.8847858197932053,6.816838995568685,68.5012309207287,2.24519940915805,68.5012309207287,35.33382570162482,22986858000.0,28778658000.0,0.0,12.04067780629616,60.049263322884016,60.04926332288401,1.6522330836795425,1.6522330836795425,15.074463359698289,0.0,75.17935736677116,75.17935736677116,0.0,0.0166529936366248,0.5158130040395038,0.3234913608517889,0.0,3.2980530973451327,0.0,2.0963855421686746,0.0020794490486694,0.0,0.0,0.0,0.6065930697487818,0.0,0.0,0.0,0.0102666177780105,0.0,,0.0,-22.72107336287543,3895200000.0,456000000.0,-2681100000.0,19416700000.0,1507050000.0,97300000.0,2239750000.0,72.28851291184327,0.0,288.21061643835617,1.2450110864745012,0.0,0.3122716335442474,0.0,0.0,2025-03-31,,,,,,,106.97133333333332,1853599.25
2024-12-31,ZBH,USD,1136869,2025-02-25,2025-02-25 16:01:39,2024,Q4,2023200000.0,586700000.0,1436500000.0,0.7100138395,108500000,0.0,0.0,746900000.0,192100000.0,1047500000.0,1634200000.0,0.0,61900000.0,263600000.0,611800000.0,0.3023922499,389000000.0,0.1922696718,-100000000.0,289000000.0,0.142843021,48900000.0,239500000.0,0.1183768288,1.18,1.2,199100000,199900000,https://www.sec.gov/Archives/edgar/data/1136869/000095017025026604/0000950170-25-026604-index.htm,https://www.sec.gov/Archives/edgar/data/1136869/000095017025026604/zbh-20241231.htm,10.161727774987444,1.202913108990457,2.542943244600703,2.1165243596182823,2.639377197388247,62.66298342541437,-5.390758412857861,62.62230035158212,31.474133601205423,21030933000.0,26710033000.0,21.952957202505218,10.394885824436535,41.53848113766541,49.90729235880399,1.6867793007755791,1.6867793007755791,13.201874752866743,43.658112128146456,52.75534860754493,63.384036544850495,0.0113879873993227,0.0200371519418563,0.4976379721048115,0.2904054705527186,9.282608695652174,1.9060345179321885,6.284329563812601,2.108704706372345,0.0022823523806575,0.2004175365344467,0.0,0.0536279161724001,0.6341825296157788,0.1676871420106656,0.0419632265717674,0.3220789074355083,0.0104290233293792,41.16924440867547,0.0163408529318862,0.030643056372988,-30.815796082370667,2220600000.0,-1073300000.0,-4217600000.0,17818900000.0,1481100000.0,249550000.0,2302000000.0,65.86743772241992,29.851712970853928,342.8958581898756,1.366380765853988,3.0149023638232277,0.2624703619201002,0.0192090214226706,0.4264188849824209,2025-02-06,2.3,bmo,2014321542.0,2025-05-06,2024-12-31,0.0043478260869566,107.29625,1495569.46875
2024-09-30,ZBH,USD,1136869,2024-10-30,2024-10-30 16:05:30,2024,Q3,1824200000.0,538600000.0,1285600000.0,0.7047472865,111600000,0.0,0.0,709700000.0,184800000.0,1006100000.0,1463600000.0,0.0,54300000.0,250900000.0,532500000.0,0.2919087819,279500000.0,0.1532178489,-49200000.0,230300000.0,0.126247122,-18900000.0,249200000.0,0.1366078281,1.23,1.23,202300000,203000000,https://www.sec.gov/Archives/edgar/data/1136869/000095017024118959/0000950170-24-118959-index.htm,https://www.sec.gov/Archives/edgar/data/1136869/000095017024118959/zbh-20240930.htm,9.017301038062284,1.231833910034602,1.9560059317844785,1.8220464656450817,2.812654473554128,61.21206129510628,-5.904102817597627,61.17004448838359,32.75729115175482,21838285000.0,27841785000.0,21.908391853932585,11.9714313123561,55.18899418751579,59.24656809549647,1.7647526808730718,1.7647526808730718,15.262462997478346,52.28504225352113,70.36084154662623,75.53387140531741,0.0114111524783196,0.0168786147813347,0.5311239868441255,0.3025971096163496,11.274178403755869,1.3619690308851118,5.147329650092081,1.5878812199036918,0.0022529241650614,0.1974317817014446,0.0,0.0611775024668347,0.625111071209882,0.0684862269396007,0.0148558272119285,0.1080111598246313,0.0134305448963929,41.17529646863654,0.0152269504566309,0.0306040993773564,-31.995180425111226,1292700000.0,-1194400000.0,-4473100000.0,16977499999.0,1449750000.0,315000000.0,2369300000.0,73.09231443920623,50.88191607872262,395.8095061269959,1.2313196085048936,1.7688013136288998,0.2273821083294634,0.0201378619279659,0.1339594661393969,2024-10-30,1.74,bmo,1798246992.0,2025-04-25,2024-09-30,0.0,109.1365625,1485682.015625
2024-06-30,ZBH,USD,1136869,2024-08-07,2024-08-07 16:05:38,2024,Q2,1942000000.0,763400000.0,1178600000.0,0.606900103,109400000,0.0,0.0,733700000.0,2000000.0,843100000.0,1606500000.0,0.0,51100000.0,243200000.0,645300000.0,0.3322863028,335500000.0,0.1727600412,-49100000.0,302200000.0,0.1556127703,59100000.0,242800000.0,0.1250257467,1.18,1.18,205700000,206400000,https://www.sec.gov/Archives/edgar/data/1136869/000095017024092746/0000950170-24-092746-index.htm,https://www.sec.gov/Archives/edgar/data/1136869/000095017024092746/zbh-20240630.htm,9.44093339815265,1.180359747204667,1.7958191541079245,1.2834224598930482,2.04229460379193,61.98104035002431,-3.80359747204667,61.94020418084589,28.61351482741857,21795972000.0,27210572000.0,22.44231054365733,11.223466529351183,59.00371413102327,82.5605,1.7106821232075724,1.7106821232075724,14.011623069001027,42.1673206260654,73.6615376285869,103.07034848484848,0.0111396729634264,0.012112329746065,0.4579431917181405,0.2711291821561338,8.39082597241593,1.285722203746813,6.565557729941292,1.5214168039538716,0.0022664738236954,0.2034596375617792,0.0,0.0563336766220391,0.6288057620817844,0.2853275582024905,0.0542739443872296,0.4333881578947368,0.0135942327497425,40.558769512226895,0.0136378530740547,0.0303952128791577,-29.664316966456003,1031000000.0,-782400000.0,-4131100000.0,16665900000.0,1432200000.0,347900000.0,2379050000.0,65.71575695159629,38.37437778359968,279.3961226093791,1.369534555712271,2.34531490015361,0.3221232963416178,0.0190564393969123,0.512396694214876,2024-08-07,1.99,bmo,1939970619.0,2025-04-25,2024-06-30,0.0100502512562813,117.88412698412698,1439939.9047619049
2024-03-31,ZBH,USD,1136869,2024-05-02,2024-05-02 16:08:17,2024,Q1,1889200000.0,719800000.0,1169400000.0,0.618992166,107900000,0.0,0.0,735200000.0,-100000.0,843100000.0,1562900000.0,0.0,50700000.0,238600000.0,631100000.0,0.3340567436,326300000.0,0.1727186111,-50800000.0,215100000.0,0.1138577176,42300000.0,172400000.0,0.0912555579,0.84,0.84,205200000,206200000,https://www.sec.gov/Archives/edgar/data/1136869/000095017024052097/0000950170-24-052097-index.htm,https://www.sec.gov/Archives/edgar/data/1136869/000095017024052097/zbh-20240331.htm,9.206627680311891,0.8401559454191033,1.1111111111111112,0.3820662768031189,1.915204678362573,61.432748538011694,-4.481481481481482,61.39376218323586,28.493664717348928,26624700000.0,32027900000.0,38.608903712296986,14.093108193944529,116.775,339.60076530612247,2.113406889982537,2.113406889982537,16.953154774507727,50.74932657265093,140.47324561403508,408.5191326530612,0.006475190330783,0.0029446341179431,0.4600889030004763,0.2701888832951091,8.561559182379971,1.6558813013943512,6.435897435897436,1.322505800464037,0.0018554199671733,0.2865429234338747,0.0,0.0571141223798433,0.6304935578303593,0.656140350877193,0.0791869574423036,0.6269907795473596,0.0153504128731738,34.06695645302898,0.0133567834323489,0.0217490033809355,-30.090155945419102,1834500000.0,-919600000.0,-4214900000.0,17451000000.0,1444400000.0,390450000.0,2386700000.0,68.90535676476816,46.30036121144762,298.6079466518477,1.3061393805309736,1.9438293275722387,0.3013985428356084,0.0136847118590252,0.7290448343079922,2024-05-02,1.87,bmo,1867447069.0,2025-04-25,2024-03-31,0.0374331550802138,124.9144262295082,1563276.737704918
2023-12-31,ZBH,USD,1136869,2024-02-23,2024-02-23 16:06:31,2023,Q4,1940100000.0,538800000.0,1401300000.0,0.7222823566,113300000,0.0,0.0,708400000.0,-144900000.0,966600000.0,1505400000.0,0.0,50300000.0,241200000.0,701000000.0,0.3613215814,434700000.0,0.2240606154,-69700000.0,284400000.0,0.1465903819,-135200000.0,419200000.0,0.2160713365,2.01,2.01,207900000,208600000,https://www.sec.gov/Archives/edgar/data/1136869/000095017024019353/0000950170-24-019353-index.htm,https://www.sec.gov/Archives/edgar/data/1136869/000095017024019353/zbh-20231231.htm,9.331890331890332,2.016354016354017,2.8302068302068304,2.1486291486291487,2.0,60.06830206830207,-5.708032708032708,60.03126503126503,29.07888407888408,25301430000.0,30880830000.0,15.08911617366412,13.04130199474254,43.00039089055064,56.64076561450638,2.0272769520451908,2.0272769520451908,15.91713313746714,44.0525392296719,52.482715839564925,69.13102753525857,0.0165682334951028,0.0176551285836413,0.4803653699771644,0.27888672320195,7.959201141226819,1.6131798138167566,8.642147117296222,1.4039608685277976,0.0019840775798047,0.1197519083969465,0.0,0.0583990515952785,0.6361335820513655,0.2408225696804894,0.0730374722952425,0.5874792703150912,0.013040564919334,52.1871282303748,0.0326791214026196,0.0535924316031705,-30.39201539201539,1752100000.0,-1186700000.0,-4399200000.0,17691200000.0,1391550000.0,365150000.0,2354250000.0,66.91201484459563,68.58574610244989,398.4187082405345,1.3450499168053245,1.3122260107160253,0.2258930068757337,0.0335883979007251,0.6815776815776816,2024-02-08,2.15,bmo,1928416240.0,2025-04-25,2023-12-31,0.0232558139534884,111.58333333333331,1759371.5714285714
2023-09-30,ZBH,USD,1136869,2023-11-07,2023-11-07 16:05:56,2023,Q3,1753600000.0,518600000.0,1235000000.0,0.7042655109,116900000,0.0,0.0,674900000.0,3800000.0,936800000.0,1455400000.0,51100000.0,51100000.0,241200000.0,542900000.0,0.3095916971,266600000.0,0.1520301095,-47400000.0,219200000.0,0.125,56400000.0,162700000.0,0.0927805657,0.78,0.77,208900000,210000000,https://www.sec.gov/Archives/edgar/data/1136869/000095017023060232/0000950170-23-060232-index.htm,https://www.sec.gov/Archives/edgar/data/1136869/000095017023060232/zbh-20230930.htm,8.394447103877454,0.7788415509813308,1.6160842508377211,1.1498324557204405,1.398276687410244,59.92340832934418,-5.189564384873145,59.92340832934418,26.488750598372427,23442758000.0,28633058000.0,36.02144744929318,13.368361085766423,69.4394490521327,97.5968276436303,1.8727239175587151,1.8727239175587151,16.32815807481752,52.74094308344078,84.81356042654028,119.20507077435472,0.0069403096683419,0.0102462346793837,0.4379613356766256,0.2583929152154138,9.56032418493277,2.11044603205252,5.217221135029354,2.0737100737100738,0.002137120555525,0.3079287031346036,0.0,0.0666628649635036,0.6410853407360975,0.2885071090047393,0.0555428832116788,0.4038142620232172,0.0088959854014598,32.40515246646072,0.0101536875393468,0.021365164408026,-29.87087123025371,2300400000.0,-1084100000.0,-4327300000.0,17934700000.0,1354000000.0,337150000.0,2299550000.0,68.80873631386862,55.482067103740846,403.1951407635943,1.3079734467069442,1.6221457616515482,0.2232169758533121,0.0129972839111679,0.466251795117281,2023-11-07,1.59,bmo,1748807938.0,2025-04-25,2023-09-30,0.0377358490566036,126.99095238095238,1578733.8412698412
2023-06-30,ZBH,USD,1136869,2023-08-01,2023-08-01 16:07:01,2023,Q2,1869600000.0,525500000.0,1344100000.0,0.718923834,118100000,0.0,0.0,725800000.0,-1200000.0,982100000.0,1507600000.0,51600000.0,51600000.0,237500000.0,598600000.0,0.3201754386,329600000.0,0.1762943945,-52800000.0,276800000.0,0.1480530595,66900000.0,209600000.0,0.1121095421,1.0,1.0,208600000,209900000,https://www.sec.gov/Archives/edgar/data/1136869/000095017023036456/0000950170-23-036456-index.htm,https://www.sec.gov/Archives/edgar/data/1136869/000095017023036456/zbh-20230630.htm,8.962607861936721,1.0047938638542666,1.667785234899329,0.8499520613614573,1.5330776605944392,59.34132310642378,-6.676893576222435,59.34132310642378,27.61744966442953,30372160000.0,35761760000.0,36.22633587786259,16.245271715875052,87.30140845070422,171.30377890580937,2.453602184415039,2.453602184415039,19.128027385537013,59.74233210825259,102.79321644150616,201.70197405527355,0.0069010567572408,0.0058375828390209,0.4612314801350718,0.2681186984310355,9.003675242231875,1.9643208881726208,6.387596899224806,1.6582459485224024,0.0016561219221813,0.2399809160305343,0.0,0.0631685922122379,0.6467176662299301,0.4903707962058062,0.0912494651262302,0.7183157894736842,0.0181322207958921,36.62759123846913,0.0127646754844717,0.0278615959271025,-30.836649089165867,2154100000.0,-1392800000.0,-4527800000.0,17900500000.0,1374100000.0,375850000.0,2258550000.0,65.81996148908858,60.73073263558515,389.7659372026641,1.3673663424266804,1.48195149464185,0.2309078126373143,0.0169324479343382,0.8178331735378715,2023-08-01,1.82,bmo,1824800000.0,2025-04-25,2023-06-30,0.0,135.8967741935484,1446924.9193548388
2023-03-31,ZBH,USD,1136869,2023-05-02,2023-05-02 16:06:27,2023,Q1,1831000000.0,500800000.0,1330200000.0,0.7264882578,110400000,0.0,0.0,715900000.0,133400000.0,959700000.0,1460500000.0,48200000.0,48200000.0,231800000.0,606600000.0,0.3312943747,327300000.0,0.1787547788,-40500000.0,286800000.0,0.1566357182,54100000.0,232500000.0,0.1269797925,1.11,1.11,209400000,210400000,https://www.sec.gov/Archives/edgar/data/1136869/000095017023016663/0000950170-23-016663-index.htm,https://www.sec.gov/Archives/edgar/data/1136869/000095017023016663/zbh-20230331.htm,8.744030563514805,1.1103151862464182,1.4694364851957975,1.2464183381088825,1.576886341929322,58.05921680993314,-7.874880611270296,58.05921680993314,27.879656160458453,27054480000.0,32514080000.0,29.09083870967742,14.775794647733475,87.92486187845303,103.65701149425286,2.2253142067513325,2.2253142067513325,17.757553249590387,53.60052753049785,105.66811829704255,124.57501915708812,0.0085937707913809,0.0096472007593566,0.4762288609593998,0.2725445430366935,9.00032970656116,1.8888175357479235,6.79045643153527,1.3217353951890034,0.0018592114873396,0.2163440860215053,0.0,0.0602949208083014,0.6499211523524843,0.151771205719857,0.0255051884216275,0.2014667817083693,0.0136537411250682,38.08465147309277,0.0136235798862412,0.031263026260942,-31.515639923591213,2076100000.0,-1649000000.0,-4674000000.0,17789100000.0,1381200000.0,375600000.0,2194250000.0,67.87602403058438,71.36381789137381,402.7895367412141,1.3259468462596855,1.26114328884412,0.2234417525543211,0.0191238402316246,0.223018147086915,2023-05-02,1.66,bmo,1704330000.0,2025-04-25,2023-03-31,0.1385542168674698,125.55064516129032,1434262.0483870967
2022-12-31,ZBH,USD,1136869,2023-02-24,2023-02-24 09:46:33,2022,Q4,1825100000.0,520300000.0,1304800000.0,0.7149197304,108000000,0.0,0.0,727100000.0,142900000.0,978000000.0,1498300000.0,42600000.0,42600000.0,228500000.0,60000000.0,0.032874911,322900000.0,0.1769218125,-46500000.0,-74800000.0,-0.0409840557,55400000.0,-130200000.0,-0.0713385568,-0.62,-0.62,209800000,209800000,https://www.sec.gov/Archives/edgar/data/1136869/000095017023004264/0000950170-23-004264-index.htm,https://www.sec.gov/Archives/edgar/data/1136869/000095017023004264/zbh-20221231.htm,8.699237368922784,-0.6205910390848427,1.1639656816015254,0.8617731172545281,1.823164918970448,57.32602478551001,-7.707340324118208,57.29885605338418,27.355100095328886,26749500000.0,32070300000.0,-51.36232718894009,14.65645718042847,109.53931203931204,147.9507743362832,2.225175313817973,2.225175313817973,17.57180428469673,534.505,131.32800982800984,177.37997787610618,-0.0048673806987046,0.0067590048412119,0.4738672190195735,0.2704120383556441,88.68,1.8774064964803665,7.57981220657277,-1.8755760368663592,0.0018841473672405,-0.3870967741935484,0.0,0.059174839734809,0.6476787240102535,0.2596232596232596,0.0347378225850638,0.2774617067833698,0.0146841268971563,,0.0291142345057083,-0.0175424413904607,-31.20483794089609,2069100000.0,-1617000000.0,-4611700000.0,17585600000.0,1330000000.0,344000000.0,2137900000.0,68.12503424469892,61.25120123005959,371.41649048625794,1.3211002533478104,1.469358938153064,0.2423155737704918,-0.0108307753737116,0.3021925643469971,2023-02-03,1.83,bmo,1760948445.0,2025-04-25,2022-12-31,0.0273224043715846,116.0463492063492,1198771.746031746
2022-09-30,ZBH,USD,1136869,2022-11-02,2022-11-02 16:06:17,2022,Q3,1669800000.0,488200000.0,1181600000.0,0.7076296562,101700000,0.0,0.0,654900000.0,139600000.0,896200000.0,1384400000.0,42300000.0,42300000.0,231400000.0,546800000.0,0.327464367,245300000.0,0.1469038208,-67700000.0,177600000.0,0.1063600431,-16600000.0,194000000.0,0.1161815786,0.92,0.92,209800000,210300000,https://www.sec.gov/Archives/edgar/data/1136869/000095017022021220/0000950170-22-021220-index.htm,https://www.sec.gov/Archives/edgar/data/1136869/000095017022021220/zbh-20220930.htm,7.959008579599619,0.9246901811248808,2.1487130600571973,1.9237368922783604,2.708293612964728,58.39418493803623,-8.027645376549094,58.36367969494757,28.295519542421356,21934590000.0,27283290000.0,28.266224226804123,13.13605821056414,48.65703194321207,54.34734886025768,1.7913538102199318,1.7913538102199318,16.33925619834711,49.89628749085589,60.52193877551021,67.59982656095144,0.0088444780595397,0.0184001615712899,0.4813592819750586,0.2762863691974518,9.781821506949523,1.975170971816875,5.799054373522458,2.321318228630278,0.0022931816824476,0.2592783505154639,0.0,0.0609054976643909,0.6532182081534502,0.1047027506654835,0.0282668583063839,0.2039757994814174,0.0164091507965025,34.84662443961109,0.0136179063150332,0.0262233035955663,-30.938155386081984,2238700000.0,-1684200000.0,-4547800000.0,17975600000.0,1280300000.0,320500000.0,2125650000.0,68.9094502335609,61.554690700532575,392.40884883244576,1.306061791161517,1.462114405510632,0.2293526261392464,0.0158435894713631,0.224976167778837,2022-11-02,1.56,bmo,1634155208.0,2025-04-25,2022-09-30,0.0128205128205128,109.7390625,1052580.28125
2022-06-30,ZBH,USD,1136869,2022-08-02,2022-08-02 16:19:18,2022,Q2,1781800000.0,511000000.0,1270800000.0,0.7132113593,99400000,0.0,0.0,695200000.0,140800000.0,935400000.0,1446400000.0,0.0,38800000.0,244600000.0,567200000.0,0.3183297789,280900000.0,0.1576495679,-81400000.0,199500000.0,0.1119654282,45500000.0,153700000.0,0.0862610843,0.73,0.73,209600000,210300000,https://www.sec.gov/Archives/edgar/data/1136869/000095017022013875/0000950170-22-013875-index.htm,https://www.sec.gov/Archives/edgar/data/1136869/000095017022013875/zbh-20220630.htm,8.500954198473282,0.7333015267175572,1.6817748091603053,1.486641221374046,2.039599236641221,57.846374045801525,-9.7743320610687,57.81679389312977,29.533874045801525,22020576000.0,27785676000.0,35.81746258945999,12.35861263890448,62.46971914893617,70.66937098844673,1.817119091629258,1.817119091629258,15.59416096082613,48.98744005641749,78.82461276595744,89.1709756097561,0.0069798355864987,0.0141504018786792,0.5076165170319514,0.2867471227397949,10.164139633286318,1.8115359636304595,7.239690721649485,2.288961038961039,0.0022842272609036,0.3272608978529603,0.0,0.0557862835335054,0.6606767446521883,0.1160283687943262,0.0229543158603659,0.1757627847013322,0.0154899539791222,30.88584987845233,0.0109286370505165,0.0211143775585899,-32.81333492366412,1999300000.0,-2048700000.0,-4865200000.0,17969200000.0,1268150000.0,314550000.0,2127400000.0,64.75979346728029,54.0880626223092,373.8610567514677,1.3897511894548007,1.6639531097362423,0.2407311442973571,0.0126831925006601,0.1951335877862595,2022-08-02,1.63,bmo,1721852941.0,2025-04-25,2022-06-30,0.1165644171779142,118.64096774193548,1359796.8064516129
2022-03-31,ZBH,USD,1136869,2022-05-05,2022-05-05 16:11:19,2022,Q1,1663200000.0,500000000.0,1163200000.0,0.6993746994,96900000,0.0,0.0,684500000.0,137300000.0,918700000.0,1418700000.0,0.0,41100000.0,223800000.0,510200000.0,0.3067580568,198400000.0,0.1192881193,-97200000.0,101200000.0,0.0608465608,28000000.0,73200000.0,0.044011544,0.35,0.35,209200000,210100000,https://www.sec.gov/Archives/edgar/data/1136869/000156459022018250/0001564590-22-018250-index.htm,https://www.sec.gov/Archives/edgar/data/1136869/000156459022018250/zbh-10q_20220331.htm,7.950286806883366,0.3499043977055449,1.1338432122370936,0.959847036328872,2.0831739961759084,57.46367112810707,-10.831739961759082,57.43642447418738,30.315009560229445,26756680000.0,32621680000.0,91.3821038251366,16.087469937469937,112.80219224283306,133.2503984063745,2.2268099236831813,2.2268099236831813,19.613804713804715,63.9390043120345,137.5281618887015,162.4585657370518,0.0027357654238119,0.0075046679931889,0.524380602045657,0.2914675610038164,11.495491963935711,1.6890916570060954,4.827250608272506,3.240437158469945,0.0018761669982972,0.6857923497267759,0.0,0.0582611832611832,0.6609182375390309,0.1534569983136593,0.0218855218855218,0.155688622754491,0.0139490139490139,21.26471946723052,0.0071904719117536,0.009986221197528,-34.19502868068834,1842700000.0,-2266000000.0,-5079300000.0,17956000000.0,1256900000.0,314250000.0,2140050000.0,67.86796536796537,57.96,383.778,1.3261042895869877,1.5527950310559009,0.2345105764269968,0.0060920295946137,0.1739961759082218,2022-05-03,1.4,bmo,,2025-04-25,2022-03-31,0.1500000000000001,120.4791935483871,1991821.5
2021-12-31,ZBH,USD,1136869,2022-02-25,2022-02-25 16:07:32,2021,Q4,1777200000.0,536500000.0,1240700000.0,0.6981206392,96000000,817400000.0,-12200000.0,805200000.0,-3800000.0,1052000000.0,1588500000.0,0.0,48800000.0,130800000.0,146100000.0,0.0822079676,133800000.0,0.0752869683,-272500000.0,-83900000.0,-0.047209093,-29200000.0,-84000000.0,-0.0472653612,-0.4,-0.4,208900000,208900000,https://www.sec.gov/Archives/edgar/data/1136869/000156459022007160/0001564590-22-007160-index.htm,https://www.sec.gov/Archives/edgar/data/1136869/000156459022007160/zbh-10k_20211231.htm,8.507419818094782,-0.4021062709430349,1.750598372426999,1.4485399712781235,1.809956917185256,60.63379607467688,-8.552417424605075,60.606510292005744,34.122067975107704,25744836000.0,32446036000.0,-76.62153571428571,14.486178257933828,70.39878589007382,85.07877065432915,2.0334449122086458,2.0334449122086458,18.256828719333782,222.08101300479123,88.72309543341537,107.22417713152676,-0.0032627902543251,0.0117538134637952,0.5591554969314493,0.3018067563650006,45.86721423682409,1.4086334669396463,2.7418032786885247,-4.358760429082241,0.0019499056043705,-0.5976190476190476,0.4599369795183434,0.0540175557056043,0.6161644583141488,0.1725458025704129,0.0355052892189961,0.2362411081991763,0.0099594868332207,,0.0040397680184938,-0.0093298087389208,-40.17807563427477,1417100000.0,-1786600000.0,-5905000000.0,17706700000.0,1325800000.0,317050000.0,2332700000.0,63.7879810938555,51.4165890027959,360.3355079217149,1.4109241028898063,1.7504078303425774,0.2497672253258845,-0.0066347042422614,0.302058401148875,2022-02-07,1.96,bmo,2071700000.0,2025-04-25,2021-12-31,-0.0051020408163265,130.7746875,1599053.046875
2021-09-30,ZBH,USD,1136869,2021-11-04,2021-11-04 16:17:19,2021,Q3,1924000000.0,581500000.0,1342500000.0,0.6977650728,108900000,0.0,0.0,802400000.0,300000.0,1076800000.0,1658300000.0,0.0,52600000.0,265100000.0,487300000.0,0.2532744283,214900000.0,0.1116943867,-80400000.0,162600000.0,0.0845114345,16800000.0,145600000.0,0.0756756757,0.7,0.69,208800000,210600000,https://www.sec.gov/Archives/edgar/data/1136869/000156459021054497/0001564590-21-054497-index.htm,https://www.sec.gov/Archives/edgar/data/1136869/000156459021054497/zbh-10q_20210930.htm,9.21455938697318,0.6973180076628352,2.074233716475096,1.8146551724137927,4.404214559386973,60.89176245210728,-14.215038314176246,60.86494252873563,36.23467432950192,29647512000.0,36241112000.0,50.9057554945055,15.409309771309772,68.45419533595013,78.24627078384798,2.3328700250224257,2.3328700250224257,18.8363367983368,74.3712538477324,83.67839298083584,95.6482238057535,0.0049110360424173,0.0127801617889555,0.5911902176478919,0.312937863932091,13.530884465421712,1.8074920894151272,4.085551330798479,2.9705075445816185,0.0016898551217383,0.3440934065934066,0.0,0.0566008316008316,0.6531951050873437,0.1251443084737935,0.0281704781704781,0.2044511505092417,0.011018711018711,30.902264647831966,0.0087132971875949,0.0174867588244478,-38.65948275862069,2373300000.0,-2968100000.0,-5982000000.0,20063800000.0,1406200000.0,344100000.0,2525200000.0,65.11434511434511,50.70335339638865,389.6233877901978,1.382183908045977,1.775030525030525,0.2309922936362914,0.0114568087751601,0.2595785440613027,2021-11-04,1.75,bmo,1980910000.0,2025-04-25,2021-09-30,0.0342857142857143,146.98859375,1543005.390625
2021-06-30,ZBH,USD,1136869,2021-08-03,2021-08-03 16:14:59,2021,Q2,2026900000.0,581600000.0,1445300000.0,0.7130593517,180500000,817400000.0,0.0,817400000.0,8100000.0,1163500000.0,1745100000.0,0.0,54700000.0,266500000.0,505300000.0,0.2492969559,220500000.0,0.1087868173,-50900000.0,173900000.0,0.0857960432,31400000.0,141900000.0,0.0700083872,0.68,0.67,208600000,210700000,https://www.sec.gov/Archives/edgar/data/1136869/000156459021040242/0001564590-21-040242-index.htm,https://www.sec.gov/Archives/edgar/data/1136869/000156459021040242/zbh-10q_20210630.htm,9.716682646212847,0.6802492809204218,2.175934803451582,2.0450623202301053,4.99712368168744,60.32262703739214,-15.853307766059444,60.2967401725791,37.898849472674975,32545772000.000004,39354372000.0,57.33927413671601,16.056920420346344,71.70251597268121,76.29107360525083,2.587536234188537,2.587536234188537,19.416040258522862,77.88318226795963,86.70273628552545,92.251223628692,0.0043600133375235,0.0131076933741193,0.6241900476232122,0.3241107698404835,13.474371660399765,1.8291958340447327,4.0310786106032905,3.185263157894737,0.0015362978638208,0.3523608174770965,0.4032759386254872,0.0890522472741625,0.6559950790977245,0.0601454064771976,0.0134688440475603,0.1024390243902439,0.0122354334204943,30.378912394051486,0.0080862906608913,0.0170288855020461,-39.62464046021093,2428300000.0,-3307000000.0,-6283100000.0,20323800000.0,1400300000.0,345200000.0,2522350000.0,63.06971236864177,55.80123796423659,391.9704264099037,1.426992396508026,1.612867443150305,0.2296091590998815,0.0112816924923874,0.1308724832214765,2021-08-03,1.84,bmo,1977840000.0,2025-04-25,2021-06-30,0.0326086956521738,161.8579365079365,1189808.3174603174
2021-03-31,ZBH,USD,1136869,2021-05-04,2021-05-04 16:16:02,2021,Q1,1847400000.0,516400000.0,1331000000.0,0.7204720147,94400000,0.0,0.0,770100000.0,7300000.0,1030200000.0,1546600000.0,0.0,52300000.0,268700000.0,554700000.0,0.3002598246,265600000.0,0.1437696222,-45000000.0,220600000.0,0.1194110642,22900000.0,198100000.0,0.1072317852,0.95,0.94,208000000,210200000,https://www.sec.gov/Archives/edgar/data/1136869/000156459021023347/0001564590-21-023347-index.htm,https://www.sec.gov/Archives/edgar/data/1136869/000156459021023347/zbh-10q_20210331.htm,8.881730769230769,0.952403846153846,1.1850961538461535,1.0533653846153843,3.4822115384615384,59.854807692307695,-17.233653846153846,59.854807692307695,37.9375,32302400000.000004,39416800000.0,40.76527006562343,17.485330735087153,131.04421906693713,147.43222272934736,2.594611961637938,2.594611961637938,21.3363646205478,71.05967189471787,159.90588235294118,179.90324052943862,0.0061326712566248,0.00678277775026,0.6296245722822856,0.3262509052466849,12.82567153416261,2.3930793529242846,5.078393881453155,1.2468386444107231,0.0015416811134776,0.2513881877839475,0.0,0.051098841615243,0.6673603422872982,0.111156186612576,0.0148316552993396,0.1019724599925567,0.0116921078272166,35.81387794949654,0.0107040746649179,0.0247866670003253,-41.16105769230769,2910700000.0,-3584600000.0,-6576700000.0,20967000000.0,1416450000.0,329900000.0,2481200000.0,67.23936342968496,57.478698683191325,437.7478698683191,1.3385016664251557,1.5657974530018193,0.2055978022853047,0.0159119021992321,0.1317307692307692,2021-05-04,1.51,bmo,1630058823.0,2025-04-25,2021-03-31,0.1324503311258278,154.78131147540984,1330521.262295082
2020-12-31,ZBH,USD,1136869,2021-02-22,2021-02-22 16:17:08,2020,Q4,2085300000.0,647300000.0,1438000000.0,0.689589028,100000000,893900000.0,0.0,893900000.0,8000000.0,1161500000.0,1808800000.0,0.0,53100000.0,152600000.0,649700000.0,0.3115618856,240700000.0,0.1154270369,-45100000.0,195600000.0,0.0937994533,-138200000.0,333700000.0,0.1600249365,1.61,1.59,207400000,209300000,https://www.sec.gov/Archives/edgar/data/1136869/000156459021007163/0001564590-21-007163-index.htm,https://www.sec.gov/Archives/edgar/data/1136869/000156459021007163/zbh-10k_20201231.htm,10.054484088717452,1.6089681774349085,2.049662487945998,1.914175506268081,3.867405978784957,58.82063645130183,-19.85486981677917,58.82063645130183,39.43876567020251,31004226000.0,38328626000.0,23.227619118969137,14.867993094518772,72.93395906845448,78.0962871536524,2.5414549895896523,2.5414549895896523,18.38038939241356,58.994345082345696,90.16378734415431,96.54565743073049,0.0107630488824329,0.0128047060423311,0.6661393183271308,0.332811853696294,11.273510851162074,1.9880714928233407,4.532956685499058,1.273517076093469,0.0016062326471236,0.1492358405753671,0.4286673380328969,0.0479547307341869,0.6682570430466424,0.0661020936250294,0.0134752793363065,0.1058779201205727,0.008487987339951,46.14555206191362,0.0183084682928326,0.0411954965186904,-43.8829556412729,2526400000.0,-4117900000.0,-7135000000.0,20891400000.0,1396700000.0,332400000.0,2471450000.0,62.69745360379802,45.88289819249189,340.7430866676966,1.4354649962139463,1.9615151515151512,0.2641286163137062,0.0273538042854566,0.135486981677917,2021-02-05,2.06,bmo,2034685922.0,2025-04-25,2020-12-31,0.024271844660194,141.12828125,1095025.9375
2020-09-30,ZBH,USD,1136869,2020-11-06,2020-11-06 16:15:55,2020,Q3,1929300000.0,569400000.0,1359900000.0,0.7048670502,85900000,790000000.0,0.0,790000000.0,10600000.0,1035400000.0,1604800000.0,0.0,54000000.0,258600000.0,612900000.0,0.3176799876,299200000.0,0.1550821541,-43400000.0,255800000.0,0.1325869486,9700000.0,242500000.0,0.1256932566,1.17,1.16,207100000,208500000,https://www.sec.gov/Archives/edgar/data/1136869/000156459020051976/0001564590-20-051976-index.htm,https://www.sec.gov/Archives/edgar/data/1136869/000156459020051976/zbh-10q_20200930.htm,9.31578947368421,1.170931916948334,1.841139546112989,1.693384838242395,4.670690487687108,57.3549010140029,-19.36842105263158,57.325929502655725,40.271849348141,27351697000.0,34670697000.0,28.19762577319588,14.177005649717517,71.73274849200105,77.99172226974622,2.3038440221694376,2.3038440221694376,17.970609547504274,56.56827704356338,90.92760818253343,98.86141146278872,0.0088659946766739,0.0128218735385961,0.6979582554202254,0.3448960479490541,11.941589166258767,2.2736739917041744,5.54074074074074,1.5493701747257214,0.0018134158184042,0.2045360824742268,0.4094749390970818,0.0445239205929611,0.6613556429626855,0.080251770259638,0.0158606748561654,0.1183294663573085,0.0122842481729124,38.86266990025607,0.0129609785604011,0.0298054350364425,-43.11141960405601,2886400000.0,-4011200000.0,-6994700000.0,20818300000.0,1202600000.0,349100000.0,2494350000.0,62.54237288135593,52.91886195995784,393.9199157007376,1.4390243902439024,1.700716845878136,0.2284728352459674,0.0204258688364414,0.1477547078705939,2020-11-06,1.05,bmo,1472668947.0,2025-04-25,2020-09-30,0.7238095238095238,130.5325,1119457.859375
2020-06-30,ZBH,USD,1136869,2020-08-05,2020-08-04 20:07:47,2020,Q2,1226100000.0,424500000.0,801600000.0,0.6537802789,87700000,0.0,0.0,665000000.0,3800000.0,910100000.0,1334600000.0,0.0,54000000.0,147700000.0,87700000.0,0.0715276079,-171700000.0,-0.1400375173,-50200000.0,-221900000.0,-0.1809803442,-13700000.0,-206600000.0,-0.1685017535,-1.0,-1.0,206600000,206800000,https://www.sec.gov/Archives/edgar/data/1136869/000156459020036314/0001564590-20-036314-index.htm,https://www.sec.gov/Archives/edgar/data/1136869/000156459020036314/zbh-10q_20200630.htm,5.934656340755082,-1.0,-0.2555663117134559,-0.3475314617618587,3.453049370764763,56.35963213939981,-20.696515004840272,56.35963213939981,39.99661181026138,23922214000.0,31418114000.0,-28.9475,19.510818040942823,-453.07223484848487,-333.1784679665738,2.0544846657906715,2.0544846657906715,25.624430307479,358.2453135689852,-595.0400378787879,-437.5781894150418,-0.0086363243803437,-0.0030013944361504,0.7050301015982617,0.3471515079754393,85.47206385404789,2.177864149546548,-3.1796296296296296,0.2536023054755043,0.0020733866856972,-0.2400774443368828,0.0,0.0715276078623277,0.6732099663390788,-0.3598484848484848,0.0154962890465704,0.074305827141181,0.0177799526955387,,-0.0073439271721808,-0.026734646341779,-44.74189254598257,2545600000.0,-4275900000.0,-7296900000.0,20521900000.0,1051800000.0,384150000.0,2479850000.0,78.1379985319305,77.04593639575971,529.2932862190812,1.1518083607327383,1.1681342872867364,0.1700380532745844,-0.0177431960082103,0.0919651500484027,2020-08-04,-0.72,bmo,17901060000.0,2025-04-25,2020-06-30,-1.0694444444444444,115.14158730158732,1739479.126984127
2020-03-31,ZBH,USD,1136869,2020-05-11,2020-05-11 16:25:47,2020,Q1,1783800000.0,487100000.0,1296700000.0,0.7269312703,98400000,0.0,0.0,828900000.0,3000000.0,1091300000.0,1578400000.0,0.0,50900000.0,253000000.0,-200200000.0,-0.112232313,-456000000.0,-0.2556340397,-47900000.0,-503900000.0,-0.2824868259,5200000.0,-508500000.0,-0.2850655903,-2.46,-2.46,206500000,206500000,https://www.sec.gov/Archives/edgar/data/1136869/000156459020024235/0001564590-20-024235-index.htm,https://www.sec.gov/Archives/edgar/data/1136869/000156459020024235/zbh-10q_20200331.htm,8.638256658595642,-2.4624697336561745,2.183535108958838,1.988861985472155,11.78498789346247,57.54334140435835,-20.07845036319613,57.52348668280872,47.0682808716707,20249390000.0,27484490000.0,-9.955452310717796,11.351827559143402,44.90882679086272,49.3045775505235,1.704694997727005,1.704694997727005,15.407831595470345,-137.28516483516484,60.95473497449545,66.92108595081568,-0.0251118675673686,0.0202820924482169,0.8139595575236139,0.3789729901344026,-36.13936063936064,1.6856016509683565,-8.958742632612967,-0.8856806128461991,0.0024445180817792,-0.0973451327433628,0.0,0.055163134880592,0.6282664847978866,0.0891550232867598,0.022536158762193,0.158893280632411,0.0092499159098553,,-0.0194527661083767,-0.0536166174609869,-44.48268765133171,2591300000.0,-4146200000.0,-7259300000.0,20685700000.0,1201500000.0,402900000.0,2424100000.0,52.426841574167504,74.81215356189695,455.11804557585714,1.7166778943316332,1.203013089651766,0.1977508931471256,-0.0428080750256764,0.1946731234866828,2020-05-11,1.39,bmo,1448025882.0,2025-04-25,2020-03-31,0.223021582733813,130.9841935483871,1739354.5161290322
2019-12-31,ZBH,USD,1136869,2020-02-21,2020-02-21 09:44:47,2019,Q4,2125700000.0,582200000.0,1543500000.0,0.7261137508,121100000,1636700000.0,-754500000.0,882200000.0,4800000.0,1170000000.0,1752200000.0,0.0,52400000.0,147400000.0,660100000.0,0.3105330009,336800000.0,0.158441925,-47600000.0,289200000.0,0.1360493014,-32200000.0,320700000.0,0.1508679494,1.56,1.54,205800000,207800000,https://www.sec.gov/Archives/edgar/data/1136869/000156459020005657/0001564590-20-005657-index.htm,https://www.sec.gov/Archives/edgar/data/1136869/000156459020005657/zbh-10k_20191231.htm,10.328960155490767,1.5583090379008746,2.056851311953353,1.433916423712342,3.00242954324587,60.21768707482993,-21.693391642371235,60.21768707482993,40.20310981535472,29884218000.0,37487718000.0,23.29608512628625,14.058530366467515,70.59819985825655,101.26810572687224,2.411417758698599,2.411417758698599,17.63546972761914,56.79096803514619,88.56063784549964,127.03394781430023,0.0107314168301141,0.0098747773824966,0.6634013298044026,0.3336783190671585,11.518709286471749,1.3726282144413773,6.427480916030534,1.3170504044803983,0.0016530464340743,0.1540380417835983,0.7699581314390553,0.0569694688808392,0.6841797659779127,0.3028584927947082,0.0603095450910288,0.5049231981094919,0.0106788352072258,45.94942584221666,0.0164445008517671,0.0412136633510679,-45.73651603498542,1282400000.0,-4464500000.0,-7522000000.0,20217100000.0,1257350000.0,378050000.0,2373650000.0,57.7461542080256,61.97354860872552,368.6877361731364,1.558545347899406,1.4522324769269144,0.2441090146750524,0.0258779291201342,0.6229348882410107,2020-02-04,2.26,bmo,2097973478.0,2025-04-25,2019-12-31,0.0176991150442478,137.92828125,935953.703125
2019-09-30,ZBH,USD,1136869,2019-11-05,2019-11-05 16:29:17,2019,Q3,1892400000.0,535700000.0,1356700000.0,0.7169203128,114400000,0.0,0.0,830100000.0,-4400000.0,1111800000.0,1647500000.0,0.0,56800000.0,251500000.0,571500000.0,0.3019974635,245800000.0,0.1298879729,-61200000.0,184600000.0,0.0975480871,-247400000.0,431100000.0,0.2278059607,2.1,2.08,205300000,207000000,https://www.sec.gov/Archives/edgar/data/1136869/000156459019040417/0001564590-19-040417-index.htm,https://www.sec.gov/Archives/edgar/data/1136869/000156459019040417/zbh-10q_20190930.htm,9.21773015099854,2.09985387238188,2.814905017048222,2.529469069654165,2.4963468095470045,58.86751095957136,-23.377009254749147,58.84802727715538,40.887968826108136,27339801000.0,35164801000.0,15.854674669450244,14.447157577679135,47.308878698736805,52.64741190063546,2.262947564458055,2.262947564458055,18.582118473895584,61.5307104111986,60.849283613081845,67.71577315617176,0.0157682201125019,0.0189942860227841,0.6901047055415305,0.3428925116799368,13.692038495188102,1.166300113940486,4.327464788732394,1.3377314814814816,0.0017995741812458,0.1141266527487821,0.0,0.0604523356584231,0.6944133710600776,0.1014016265789929,0.0309659691397167,0.2330019880715705,0.0114140773620798,52.72926895092807,0.0255184898384114,0.0580184108527131,-47.11617145640526,627600000.0,-4799300000.0,-7828200000.0,19567700000.0,1198950000.0,351350000.0,2353400000.0,54.73050095117311,59.675191338435695,396.8769833862236,1.6444212721584983,1.5081644144144144,0.226770520255683,0.0356826552994247,0.2854359473940575,2019-11-05,1.75,bmo,1871016949.0,2025-04-25,2019-09-30,0.0114285714285714,129.07515625,1211371.828125
2019-06-30,ZBH,USD,1136869,2019-08-05,2019-08-05 17:23:50,2019,Q2,1988600000.0,581300000.0,1407300000.0,0.7076837976,112100000,840300000.0,0.0,840300000.0,-4700000.0,1122000000.0,1703300000.0,0.0,59700000.0,253000000.0,598100000.0,0.3007643568,204700000.0,0.1029367394,-64400000.0,140300000.0,0.0705521472,8400000.0,133700000.0,0.0672332294,0.65,0.65,204800000,206200000,https://www.sec.gov/Archives/edgar/data/1136869/000156459019028842/0001564590-19-028842-index.htm,https://www.sec.gov/Archives/edgar/data/1136869/000156459019028842/zbh-10q_20190630.htm,9.7099609375,0.65283203125,1.4697265625,0.21728515625,1.96826171875,56.9443359375,-26.63916015625,56.9443359375,42.8662109375,23308288000.0,31624488000.0,43.58318623784592,11.720953434577089,77.43617275747509,523.7817528089888,1.9986184424894105,1.9986184424894105,15.902890475711557,52.87491723792008,105.06474418604652,710.6626516853933,0.0057361570270626,0.0019091921294262,0.7476548164154276,0.360216808437682,13.904363818759403,1.1939746587633913,3.4288107202680065,2.2820318423047765,0.0021065468214568,0.3672400897531787,0.4225585839283918,0.0563713165040732,0.7071846713790554,0.8521594684385382,0.128985215729659,1.0138339920948616,0.0099064668611083,28.921262873720803,0.0085424856420297,0.0188633990801094,-48.9884033203125,713400000.0,-5455700000.0,-8152300000.0,19867100000.0,1236200000.0,354300000.0,2327350000.0,56.44121492507291,53.801823499053846,362.9881300533288,1.5945794242642932,1.6728057553956834,0.2479419918959266,0.0114643892233026,1.25244140625,2019-07-26,1.92,bmo,1967992746.0,2025-04-25,2019-06-30,0.0052083333333333,117.03333333333336,1220310.2063492064
2019-03-31,ZBH,USD,1136869,2019-05-06,2019-05-06 16:16:46,2019,Q1,1975500000.0,553400000.0,1422100000.0,0.7198683877,101700000,796400000.0,0.0,796400000.0,-500000.0,1061200000.0,1614600000.0,0.0,58000000.0,247700000.0,606800000.0,0.3071627436,350200000.0,0.1772715768,-58500000.0,291700000.0,0.1476588206,45500000.0,246100000.0,0.1245760567,1.2,1.2,204400000,205800000,https://www.sec.gov/Archives/edgar/data/1136869/000156459019015985/0001564590-19-015985-index.htm,https://www.sec.gov/Archives/edgar/data/1136869/000156459019015985/zbh-10q_20190331.htm,9.664872798434445,1.2040117416829743,1.3874755381604698,1.2025440313111546,2.870841487279844,56.45450097847358,-27.168297455968688,56.45450097847358,43.388454011741686,25333336000.0,33557136000.0,25.73479886225112,12.823759048342191,89.32770098730606,103.06483319772173,2.195396254538837,2.195396254538837,16.986654517843583,55.301806196440346,118.32558533145276,136.52211554109033,0.0097144726616344,0.0097026305576178,0.7635298501642214,0.3627403351311293,13.55273566249176,1.995210643015521,6.037931034482758,1.1519090170593014,0.0019342103227147,0.1991060544494108,0.4031384459630473,0.0514806378132118,0.7037136152167648,0.1332863187588152,0.019134396355353,0.1526039563988696,0.010275879524171,39.10712653853568,0.0131168475571245,0.0341971791843257,-49.35824363992173,2244200000.0,-5553200000.0,-8250500000.0,21350700000.0,1250550000.0,361850000.0,2283350000.0,55.82232346241458,58.72605710155403,375.7101554029635,1.6122582224761284,1.5325394627527,0.2395463596225435,0.0213271168961722,0.184931506849315,2019-04-26,1.86,bmo,1964935828.0,2025-04-25,2019-03-31,0.0053763440860215,113.55295081967212,1330511.1967213114
2018-12-31,ZBH,USD,1136869,2019-02-26,2019-02-26 09:17:03,2018,Q4,2071000000.0,583400000.0,1487600000.0,0.718300338,101200000,2449400000.0,-1450800000.0,998600000.0,-6900000.0,1282400000.0,1865800000.0,800000.0,66200000.0,254800000.0,-543800000.0,-0.2625784645,-790500000.0,-0.381699662,-75400000.0,-865900000.0,-0.4181071946,36600000.0,-901100000.0,-0.4351038146,-4.41,-4.38,204400000,205800000,https://www.sec.gov/Archives/edgar/data/1136869/000156459019004283/0001564590-19-004283-index.htm,https://www.sec.gov/Archives/edgar/data/1136869/000156459019004283/zbh-10k_20181231.htm,10.132093933463796,-4.408512720156556,1.8566536203522503,1.62426614481409,2.655577299412916,55.16682974559687,-29.36839530332681,55.14334637964775,43.98385518590998,20566728000.0,28948028000.0,-5.706005992675619,9.930819893771124,54.1942766798419,61.947975903614456,1.8246988368688617,1.8246988368688617,13.977802028005794,-53.23285766826039,76.27938866930171,87.19285542168674,-0.0438134836032255,0.0161425774678402,0.7917542785659152,0.3698832833197937,-15.412467819051122,1.828521868417792,-11.941087613293051,-0.4204986149584487,0.0023824888431451,-0.054377982465875,1.1827136648961851,0.0488652824722356,0.7161745444899448,0.1251646903820817,0.0229357798165137,0.1864207221350078,0.009753742153549,,-0.0370622784334004,-0.1315897076433307,-50.013698630136986,2006100000.0,-6002900000.0,-8423300000.0,21300500000.0,1269250000.0,354200000.0,2238000000.0,55.44278126508933,55.93760713061364,348.10593075077134,1.6232951873334378,1.6089354660783233,0.2585419898072236,-0.0799464125699786,0.2323874755381604,2019-02-01,2.18,bmo,2061499999.0,2025-04-25,2018-12-31,0.0,112.37126984126984,1324482.1587301588
2018-09-30,ZBH,USD,1136869,2018-11-01,2018-11-01 11:51:17,2018,Q3,1836700000.0,529000000.0,1307700000.0,0.7119834486,95700000,787700000.0,0.0,787700000.0,-2200000.0,1063200000.0,1592200000.0,800000.0,68300000.0,260600000.0,558000000.0,0.3038057386,223300000.0,0.1215767409,-69700000.0,153600000.0,0.0836282463,-8500000.0,162200000.0,0.088310557,0.8,0.79,203700000,205400000,https://www.sec.gov/Archives/edgar/data/1136869/000156459018026081/0001564590-18-026081-index.htm,https://www.sec.gov/Archives/edgar/data/1136869/000156459018026081/zbh-10q_20180930.htm,9.0166912125675,0.7962690230731467,2.37653411880216,2.0746195385370645,2.5753559155621013,60.00490918016691,-30.427098674521357,60.00490918016691,45.48699067255768,25800642000.0,34473442000.0,39.76671085080148,14.047281537540153,53.29609997934311,61.05215806909607,2.11082729280864,2.11082729280864,18.76922850764959,61.780362007168456,71.21140673414584,81.57463795551348,0.0062866652698022,0.0163794373798915,0.7524666612124683,0.3623591521550705,15.542652329749105,1.887462361993978,3.269399707174231,2.986428130783467,0.0018914258025052,0.3008631319358816,0.4288669897098056,0.0521043175259977,0.7257505318729809,0.1270398677959099,0.033483965808243,0.235993860322333,0.0105079762617738,32.7879724027104,0.0099893643434799,0.0233012498204281,-51.92746686303387,2122100000.0,-6198000000.0,-8645700000.0,22545500000.0,1299000000.0,350750000.0,2189000000.0,61.873468721075845,58.831758034026464,377.6086956521739,1.4545814524431773,1.529786003470214,0.238341968911917,0.0132700646322506,0.3019145802650957,2018-10-26,1.6,bmo,1814163803.0,2025-04-25,2018-09-30,0.0187499999999998,118.80857142857144,1047330.873015873
2018-06-30,ZBH,USD,1136869,2018-08-06,2018-08-06 17:14:27,2018,Q2,2007600000.0,583700000.0,1423900000.0,0.7092548316,99100000,791300000.0,0.0,791300000.0,-2900000.0,1077400000.0,1661100000.0,600000.0,75900000.0,261600000.0,635800000.0,0.3166965531,296000000.0,0.147439729,-78200000.0,217800000.0,0.1084877466,32900000.0,185000000.0,0.0921498306,0.91,0.9,203300000,204600000,https://www.sec.gov/Archives/edgar/data/1136869/000156459018019495/0001564590-18-019495-index.htm,https://www.sec.gov/Archives/edgar/data/1136869/000156459018019495/zbh-10q_20180630.htm,9.875061485489423,0.9099852434825382,1.9345794392523368,1.8017707820954256,2.366945400885391,59.243482538121,-32.21003443187408,59.243482538121,47.07476635514018,21978763000.0,30991963000.0,29.70103108108108,10.94777993624228,55.88294685990338,60.00208299208299,1.824842081665864,1.824842081665864,15.437319685196254,48.74483013526266,78.79980422069667,84.6081435981436,0.0084172162009299,0.0166660880778413,0.7882964414406934,0.3724637908578781,14.17615602390689,2.552007299270073,3.8998682476943354,2.127095727420228,0.0022203251384074,0.2637837837837838,0.3941522215580793,0.0493624227933851,0.7293807962088282,0.068649885583524,0.0134488942020322,0.1032110091743119,0.0060270970312811,34.828015086272494,0.0105418178163146,0.0268182015858979,-53.53996556812592,2721600000.0,-6548300000.0,-8971400000.0,23301000000.0,1376900000.0,351500000.0,2142200000.0,59.86102809324567,54.84495459996573,332.8165153332191,1.503482363513817,1.6409895979758222,0.2704192726430391,0.0153600903339366,0.1328086571569109,2018-07-27,1.88,bmo,1965775000.0,2025-04-25,2018-06-30,0.0212765957446808,108.75203125,1203981.3125
2018-03-31,ZBH,USD,1136869,2018-05-08,2018-05-08 15:36:57,2018,Q1,2017600000.0,575800000.0,1441800000.0,0.7146114195,95700000,785100000.0,0.0,785100000.0,-3600000.0,1031600000.0,1607400000.0,900000.0,78900000.0,263500000.0,672700000.0,0.3334159397,305000000.0,0.1511697066,-81600000.0,223400000.0,0.1107256146,47200000.0,174700000.0,0.0865880254,0.86,0.85,203000000,204600000,https://www.sec.gov/Archives/edgar/data/1136869/000156459018011749/0001564590-18-011749-index.htm,https://www.sec.gov/Archives/edgar/data/1136869/000156459018011749/zbh-10q_20180331.htm,9.938916256157636,0.8605911330049261,2.416256157635468,2.284729064039409,8.696551724137931,59.11083743842365,-34.31182266009852,59.11083743842365,55.12709359605911,21473340000.0,30819840000.0,30.72887807670292,10.643011498810468,43.77847094801224,46.2987063389392,1.7895195633151382,1.7895195633151382,15.275495638382235,45.815133045934296,62.83351681957186,66.45071151358344,0.0081356696256846,0.0215988756290358,0.9260302512604692,0.4088082939678896,13.89400921658986,1.6864651773981605,3.865652724968314,2.783768444948921,0.0022632715730296,0.27819118488838,0.3891256938937351,0.0474325931800158,0.6977175400644563,0.0544342507645259,0.0132335448057097,0.1013282732447817,0.0068893735130848,33.83165540865637,0.0094776762181935,0.0212623533420962,-55.61317733990147,2350800000.0,-6965300000.0,-9406400000.0,23346900000.0,1456550000.0,338750000.0,2103850000.0,63.27567406819985,54.28447377561653,332.2872525182355,1.4223475502291152,1.6579326230924274,0.2708499929441648,0.0145589399558314,0.1315270935960591,2018-04-26,1.87,bmo,1996473298.0,2025-04-25,2018-03-31,0.0213903743315507,116.0416393442623,1372852.0819672132
2017-12-31,ZBH,USD,1136869,2018-02-27,2018-02-27 17:18:20,2017,Q4,2074300000.0,591400000.0,1482900000.0,0.7148917707,95000000,770600000.0,0.0,770600000.0,-7100000.0,1017100000.0,1608500000.0,800000.0,80000000.0,264500000.0,235200000.0,0.1133876484,-22900000.0,-0.0110398689,-86300000.0,-109200000.0,-0.0526442655,-1366200000.0,1257200000.0,0.6060839801,6.21,6.16,202500000,204100000,https://www.sec.gov/Archives/edgar/data/1136869/000156459018003549/0001564590-18-003549-index.htm,https://www.sec.gov/Archives/edgar/data/1136869/000156459018003549/zbh-10k_20171231.htm,10.243456790123457,6.208395061728395,1.9896296296296296,1.7614814814814814,2.5896296296296297,58.0637037037037,-35.87111111111111,58.0637037037037,50.48148148148148,23704650000.0,33322750000.0,4.7137786350620425,11.427782866509183,58.835070737155625,66.45542472666106,2.016061541601817,2.016061541601817,16.06457600154269,141.67835944591138,82.7072474559444,93.41954022988506,0.0530360077031299,0.0150476805183793,0.8626115207647624,0.384293324644029,40.893282486791165,1.5244859937454256,-0.28625,0.3205250596658711,0.0020502306509482,0.0386573337575564,0.3714988188786579,0.0457985826543894,0.7207247486037753,0.114668652271035,0.0222725738803451,0.1746691871455576,0.0065564286747336,90.0602812295411,0.0107103766628872,0.1705649318934172,-59.00469135802469,1576500000.0,-7263900000.0,-10052400000.0,22636900000.0,1406550000.0,328650000.0,2083000000.0,64.84790049655305,50.250253635441325,316.81095705106526,1.3878629733708014,1.7910357359176257,0.2840810836775867,0.106923855450378,0.2281481481481481,2018-01-30,2.1,bmo,2074300000.0,2025-04-25,2017-12-31,0.0,112.99126984126984,1483627.507936508
2017-09-30,ZBH,USD,1136869,2017-11-06,2017-11-06 17:13:41,2017,Q3,1818100000.0,500900000.0,1317200000.0,0.7244926022,91200000,694500000.0,0.0,694500000.0,-4500000.0,938400000.0,1439300000.0,600000.0,82300000.0,266500000.0,637100000.0,0.3504207689,213400000.0,0.1173752819,-84000000.0,127200000.0,0.0699631483,28400000.0,98800000.0,0.0543424454,0.49,0.48,202300000,204000000,https://www.sec.gov/Archives/edgar/data/1136869/000156459017021865/0001564590-17-021865-index.htm,https://www.sec.gov/Archives/edgar/data/1136869/000156459017021865/zbh-10q_20170930.htm,8.98714780029659,0.4883835887296094,2.291151754819575,2.1131982204646564,2.376668314384577,51.65694513099358,-44.09095402867029,51.65694513099358,51.937716262975776,22979257000.0,32923157000.0,58.145893218623485,12.63916011220505,49.57768500539374,53.752647953216375,2.198929876940154,2.198929876940154,18.108551234805567,51.676592371684194,71.03162243797195,77.01323274853802,0.0042995297889744,0.0186037346638318,0.997559855313774,0.394613419135043,15.60806780725161,1.4727592850973357,2.592952612393681,4.691295546558704,0.0021105991373002,0.4908906882591093,0.3819921896485342,0.0501622573015785,0.7332185104570834,0.0776699029126213,0.0198008910400968,0.1350844277673546,0.0068203069138111,23.82517776496896,0.0067291356491401,0.0140187578926458,-66.5127286208601,1423100000.0,-8919600000.0,-11534000000.0,22841500000.0,1370750000.0,343650000.0,2054050000.0,65.26868709091909,58.77221002196047,374.4819325214613,1.3789154342055363,1.5313359828798532,0.2403320218788983,0.0094543645097701,0.1779535343549184,2017-11-01,1.74,bmo,1839240697.0,2025-04-25,2017-09-30,-0.0114942528735632,115.344126984127,1507521.8095238097
2017-06-30,ZBH,USD,1136869,2017-08-08,2017-08-08 13:32:31,2017,Q2,1954400000.0,527700000.0,1426700000.0,0.72999386,90100000,748000000.0,0.0,748000000.0,-3900000.0,985800000.0,1513500000.0,300000.0,82300000.0,264100000.0,715900000.0,0.3663016783,282300000.0,0.1444433074,-83700000.0,196400000.0,0.1004911993,12300000.0,184200000.0,0.0942488743,0.91,0.9,201800000,203700000,https://www.sec.gov/Archives/edgar/data/1136869/000156459017016390/0001564590-17-016390-index.htm,https://www.sec.gov/Archives/edgar/data/1136869/000156459017016390/zbh-10q_20170630.htm,9.684836471754211,0.912784935579782,2.182854311199207,2.0307234886025767,2.2299306243805748,50.9390485629336,-45.21308225966303,50.9390485629336,53.34985133795838,25136208000.0,35369908000.0,34.11537459283388,12.861342611543185,57.06290124858115,61.33774524158126,2.4452753538596235,2.4452753538596235,18.097578796561603,49.406213158262325,80.2949103291714,86.31017081503173,0.007328074306196,0.0163031750851202,1.0393209786468214,0.4032467483449208,14.294873585696326,1.4700401659313886,3.4301336573511545,2.3927213470939708,0.0019255092096628,0.262757871878393,0.3827261563651248,0.0461011051985264,0.7323678389987243,0.0696935300794551,0.0157081457224723,0.116243847027641,0.0070098239869013,32.34453452475064,0.0106761578337165,0.0259776890857038,-67.81714568880079,1427700000.0,-9124000000.0,-11749600000.0,22888600000.0,1511550000.0,348050000.0,2000450000.0,65.52906262791649,61.43263217737351,345.1790790221717,1.373436401967674,1.4650194336479734,0.2607342259993083,0.0179191594921932,0.1521308225966303,2017-07-27,2.1,bmo,1973192307.0,2025-04-25,2017-06-30,-0.0095238095238095,118.46730158730158,1305795.015873016
2017-03-31,ZBH,USD,1136869,2017-05-09,2017-05-09 15:17:09,2017,Q1,1977300000.0,512900000.0,1464400000.0,0.7406058767,91100000,760800000.0,0.0,760800000.0,-2800000.0,1003900000.0,1516800000.0,500000.0,82900000.0,267600000.0,615700000.0,0.3113842108,350400000.0,0.1772113488,-82900000.0,265200000.0,0.134122288,-34100000.0,299400000.0,0.1514186011,1.49,1.47,201100000,203100000,https://www.sec.gov/Archives/edgar/data/1136869/000119312517164030/0001193125-17-164030-index.htm,https://www.sec.gov/Archives/edgar/data/1136869/000119312517164030/d376667d10q.htm,9.832421680755845,1.488811536548981,1.3694679264047738,1.155146693187469,5.169070114370959,49.39930382894082,-46.7503729487817,49.39930382894082,57.661362506215816,23822306000.0,34295606000.0,19.891705076820305,12.047896626713197,86.50074800290486,102.54974601808009,2.3980095025266253,2.3980095025266253,17.344664947150154,55.70181257105733,124.53015976761075,147.63498062849763,0.0125680528157097,0.0097513649602183,1.1589055988403696,0.4265927567271137,17.010394672730225,1.9125409434885736,4.226779252110977,0.920147009689275,0.0020191160335191,0.1606546426185705,0.3847671066605977,0.0460729277297324,0.7164607711632663,0.1564996368917937,0.0217974004956253,0.1610612855007474,0.0070803621099479,40.67911875096786,0.0156265022156152,0.0391265142901948,-68.74950273495773,2423800000.0,-9401500000.0,-11973700000.0,23812700000.0,1602250000.0,350200000.0,1973150000.0,72.83113336367774,58.94131409631507,346.90972899200625,1.235735266545841,1.5269425424233405,0.2594334850784016,0.0301383100803285,0.2143212332173048,2017-04-27,2.11,bmo,1958733802.0,2025-04-25,2017-03-31,0.009478672985782,113.25193548387097,1335213.2096774194
2016-12-31,ZBH,USD,1136869,2017-03-01,2017-03-01 15:58:49,2016,Q4,2013100000.0,614900000.0,1398200000.0,0.694550693,95700000,756300000.0,0.0,756300000.0,-62600000.0,993200000.0,1608100000.0,200000.0,90100000.0,252000000.0,672500000.0,0.3340618946,185300000.0,0.0920470916,-152500000.0,32800000.0,0.016293279,-33900000.0,66600000.0,0.0330833044,0.33,0.33,200400000,202500000,https://www.sec.gov/Archives/edgar/data/1136869/000119312517065632/0001193125-17-065632-index.htm,https://www.sec.gov/Archives/edgar/data/1136869/000119312517065632/d285470d10k.htm,10.045409181636726,0.3323353293413174,3.129740518962076,2.8572854291417165,3.164171656686627,47.8188622754491,-48.20858283433134,47.8188622754491,56.56437125748503,20064048000.0,30675348000.0,75.3154954954955,9.96674184094183,31.989872448979597,35.04025148445686,2.093734464514917,2.093734464514917,15.237865977845114,45.613900371747214,48.908399234693874,53.57203632553266,0.0033193700493539,0.0285386079618629,1.1734861054586816,0.4242122456986144,15.778884758364311,1.9464806330695543,2.056603773584906,9.403298350824588,0.0023973228134222,0.7222222222222222,0.3756892355074263,0.0475386220257314,0.7259410990271192,0.0870535714285714,0.0271223486165615,0.2166666666666666,0.0056629079529084,18.90946033651848,0.0152658386885284,0.0091672401927047,-70.37899201596807,2272500000.0,-9661000000.0,-12252500000.0,23554300000.0,1604000000.0,315400000.0,2019650000.0,71.7281804182604,53.35013823385916,288.2371117254838,1.2547369733233606,1.6869684499314128,0.3122429289595287,0.0069498794728109,0.2724550898203592,2017-01-31,2.11,bmo,1984477725.0,2025-04-25,2016-12-31,0.0142180094786731,107.1,1967248.4126984128
2016-09-30,ZBH,USD,1136869,2016-11-08,2016-11-08 09:46:07,2016,Q3,1832800000.0,479300000.0,1353500000.0,0.73848756,95600000,727700000.0,0.0,727700000.0,-1100000.0,987600000.0,1466900000.0,600000.0,91500000.0,288100000.0,654000000.0,0.3568310781,195500000.0,0.1066673942,-92000000.0,103500000.0,0.0564709734,-54400000.0,158800000.0,0.0866433872,0.79,0.78,200100000,202900000,https://www.sec.gov/Archives/edgar/data/1136869/000119312516762482/0001193125-16-762482-index.htm,https://www.sec.gov/Archives/edgar/data/1136869/000119312516762482/d276518d10q.htm,9.159420289855072,0.7936031984007996,1.762118940529735,1.4802598700649676,2.442278860569715,48.70664667666167,-50.09995002498751,48.70664667666167,55.460769615192405,25240614000.0,35771514000.0,39.736482997481104,13.771613924050634,71.5842711287578,85.21476704929103,2.589790277236256,2.589790277236256,19.51741270187691,54.69650458715597,101.45069200226888,120.7681093855503,0.0062914475852291,0.0117350552565797,1.1292811557324909,0.4070867161060048,16.10229357798165,2.03196228536828,2.136612021857923,2.2330588980367323,0.0018977351343354,0.3016372795969773,0.3970427760803143,0.0521606285464862,0.7312780870304958,0.1599546228020419,0.0307725883893496,0.1957653592502603,0.0082933216935835,29.490835664396972,0.0117886639455638,0.0218573217898779,-72.78310844577712,2386000000.0,-10025000000.0,-12592200000.0,24238000000.0,1598450000.0,255050000.0,2016050000.0,78.74508948057617,50.00417275192989,388.691842269977,1.142928411075081,1.7998497934660158,0.2315458937198067,0.0162935297859678,0.2818590704647676,2016-10-31,1.79,bmo,1832800000.0,2025-04-25,2016-09-30,0.0,123.454375,1275582.140625
2016-06-30,ZBH,USD,1136869,2016-08-08,2016-08-08 17:03:10,2016,Q2,1934000000.0,628700000.0,1305300000.0,0.6749224405,88600000,732000000.0,0.0,732000000.0,-3800000.0,954400000.0,1583100000.0,800000.0,88100000.0,252300000.0,591800000.0,0.3059979317,201600000.0,0.1042399173,-91100000.0,110500000.0,0.0571354705,142200000.0,-31300000.0,-0.0161840745,-0.16,-0.16,195625000,199400000,https://www.sec.gov/Archives/edgar/data/1136869/000119312516675281/0001193125-16-675281-index.htm,https://www.sec.gov/Archives/edgar/data/1136869/000119312516675281/d223996d10q.htm,9.886261980830673,-0.16,1.979297124600639,1.7436421725239617,4.990670926517572,48.74734824281151,-44.98249201277955,48.74734824281151,54.295718849840256,22845087500.0,32402287500.0,-182.46875,11.812351344364012,59.000742510330575,66.97475080621518,2.39561748914662,2.39561748914662,16.754026628748708,54.75209107806691,83.68359375,94.99351363236588,-0.0013700976194553,0.0149309999359818,1.1045804408464588,0.4044641382938283,16.149374788779994,2.4036740909956213,2.2883087400681044,-13.444444444444445,0.0020923535530341,-1.5271565495207668,0.3784901758014478,0.0458117890382626,0.7040598085481375,0.1190599173553719,0.023836608066184,0.1827189853349187,0.0093071354705274,,-0.0023662059879038,-0.0040611376375337,-68.2661980830671,2949400000.0,-8799700000.0,-11456300000.0,23319100000.0,1580750000.0,248200000.0,2022500000.0,74.14529472595657,34.90058851598536,280.87959281056146,1.2138329253750078,2.5787530762920428,0.3204219968401203,-0.0032822298190054,0.2356549520766773,2016-07-28,1.96,bmo,1886128712.0,2025-04-25,2016-06-30,0.0306122448979592,113.08640625,1718644.96875
2016-03-31,ZBH,USD,1136869,2016-05-10,2016-05-10 15:22:51,2016,Q1,1904000000.0,635200000.0,1268800000.0,0.6663865546,85700000,716900000.0,0.0,716900000.0,-3800000.0,929200000.0,1564400000.0,1300000.0,88200000.0,246900000.0,734800000.0,0.3859243697,245500000.0,0.1289390756,-90700000.0,154800000.0,0.081302521,49000000.0,105900000.0,0.0556197479,0.53,0.52,200100000,202000000,https://www.sec.gov/Archives/edgar/data/1136869/000119312516585477/0001193125-16-585477-index.htm,https://www.sec.gov/Archives/edgar/data/1136869/000119312516585477/d186005d10q.htm,9.515242378810594,0.5292353823088456,1.3253373313343328,1.1874062968515742,5.04847576211894,48.28085957021489,-44.75812093953024,48.28085957021489,56.0,20698344000.0,30818944000.0,48.86294617563739,10.87097899159664,78.04805429864253,87.11424242424242,2.142463927129697,2.142463927129697,16.186420168067226,41.9419488296135,116.21019607843137,129.70936026936027,0.0051163513370924,0.0114791792039015,1.1507504399130524,0.4227582299323504,13.7732716385411,3.355341344249307,2.7834467120181405,2.506616257088847,0.0021547617529209,0.421152030217186,0.3765231092436975,0.0450105042016806,0.7079472037053234,0.1040723981900452,0.0144957983193277,0.1117861482381531,0.0066701680672268,23.977460903710245,0.0067704508257609,0.0137887034191817,-67.00899550224888,3567400000.0,-8956100000.0,-11554300000.0,24223500000.0,1507350000.0,268700000.0,2168500000.0,74.12710084033613,35.79030226700252,295.1212216624685,1.214130850656804,2.514647664291369,0.3049594315617648,0.0109615981782424,0.1379310344827586,2016-04-28,1.93,bmo,1837360000.0,2025-04-25,2016-03-31,0.0362694300518135,96.66262295081968,1520733.8032786886
2015-12-31,ZBH,USD,1136869,2016-02-29,2016-02-29 15:19:23,2015,Q4,1933600000.0,669300000.0,1264300000.0,0.6538580885,85900000,1099900000.0,0.0,1099900000.0,7700000.0,1348700000.0,2018000000.0,2000000.0,90000000.0,284300000.0,507500000.0,0.2624637981,213500000.0,0.1104158047,-80300000.0,133200000.0,0.0688870501,6500000.0,127000000.0,0.0656805958,0.63,0.63,200100000,202000000,https://www.sec.gov/Archives/edgar/data/1136869/000119312516485039/0001193125-16-485039-index.htm,https://www.sec.gov/Archives/edgar/data/1136869/000119312516485039/d112646d10k.htm,9.663168415792104,0.6346826586706646,1.934532733633184,1.6891554222888556,8.11544227886057,49.42228885557221,-43.93353323338331,49.41479260369815,58.06846576711644,19913952000.0,29984152000.0,39.20069291338583,10.298899462143153,51.44394730043916,58.91701775147929,2.013971824148707,2.013971824148707,15.506905254447664,59.08207290640394,77.45841384655128,88.71050887573965,0.006377438290501,0.0169730247416484,1.1660210964916715,0.4235750105622807,19.84275862068965,3.623771555720378,2.3722222222222222,3.0552486187845305,0.0022496790190113,0.352755905511811,0.5688353330575093,0.0444249069093918,0.6862910780874005,0.1268406096615861,0.0253930492345883,0.1727048892015476,0.0060508895324782,26.564280882717856,0.0079323736194791,0.0148729359409766,-67.43765617191404,4245000000.0,-8791100000.0,-11467200000.0,24988100000.0,1415800000.0,254200000.0,2305950000.0,67.32778237484484,38.29672792469744,303.10623038995965,1.3367438645005183,2.350070224719101,0.2969256022359256,0.0128439810273162,0.2453773113443278,2016-01-28,2.04,bmo,1887341626.0,2025-04-25,2015-12-31,0.0245098039215685,97.76625,1199563.203125
2015-09-30,ZBH,USD,1136869,2015-11-09,2015-11-09 17:07:05,2015,Q3,1762200000.0,552100000.0,1210100000.0,0.6866984451,83300000,692300000.0,0.0,692300000.0,4300000.0,898200000.0,1450300000.0,2300000.0,90800000.0,239500000.0,551400000.0,0.3129043241,116000000.0,0.0658268074,-84200000.0,31800000.0,0.0180456248,9600000.0,22200000.0,0.012597889,0.11,0.11,203500000,205700000,https://www.sec.gov/Archives/edgar/data/1136869/000119312515372121/0001193125-15-372121-index.htm,https://www.sec.gov/Archives/edgar/data/1136869/000119312515372121/d206828d10q.htm,8.659459459459459,0.109090909090909,0.7434889434889435,0.4791154791154791,8.895331695331695,49.10712530712531,-36.9036855036855,49.0987714987715,58.9945945945946,18542920000.0,28990620000.0,208.8166666666667,10.522596754057428,122.55730337078651,190.18379487179487,1.8558509147684057,1.8558509147684057,16.451378958120532,52.57638737758433,191.61017845340385,297.3396923076923,0.00119722244393,0.0052580715442875,1.1924616678009528,0.4464219475366348,18.947587957925283,3.579457038902883,1.277533039647577,168.11111111111111,0.0020277281032329,1.6936936936936935,0.3928611962319827,0.0472704573828169,0.6558182928611306,0.3555849306014541,0.0305300192940642,0.2246346555323591,0.0076608784473953,10.977939989181737,0.0032227961315633,0.002416747406351,-62.25,4608200000.0,-7509900000.0,-10301100000.0,24100400000.0,1437700000.0,245900000.0,2399600000.0,70.74055158324822,36.44991849302663,384.35428364426735,1.272254710851202,2.469141323792486,0.2341589617439986,0.0022218663677489,0.2643734643734644,2015-10-29,1.55,bmo,1676239024.0,2025-04-25,2015-09-30,0.0580645161290321,100.17078125,1422870.40625
2015-06-30,ZBH,USD,1136869,2015-08-10,2015-08-10 17:09:24,2015,Q2,1167600000.0,290500000.0,877100000.0,0.7511990408,51400000,445100000.0,0.0,445100000.0,-4000000.0,529500000.0,820000000.0,2500000.0,82700000.0,99600000.0,-129500000.0,-0.110911271,-129500000.0,-0.110911271,-106500000.0,-213700000.0,-0.1830250086,-55500000.0,-158000000.0,-0.1353203152,-0.91,-0.91,173000000,173000000,https://www.sec.gov/Archives/edgar/data/1136869/000119312515285070/0001193125-15-285070-index.htm,https://www.sec.gov/Archives/edgar/data/1136869/000119312515285070/d50125d10q.htm,6.749132947976879,-0.9132947976878611,1.0797687861271676,0.9040462427745664,10.8878612716763,58.53121387283237,-43.62023121387284,58.52080924855491,70.1300578034682,18332810000.0,28958010000.0,-29.00761075949367,15.701276121959577,98.14138115631692,117.21745524296676,1.8108088620223035,1.8108088620223035,24.801310380267218,-223.61397683397684,155.02146680942184,185.1535166240409,-0.0086184278351218,0.0085311526165383,1.190209500103713,0.4429422143802382,-82.04787644787645,3.121214923027137,-1.56590084643289,-1.1807838179519596,0.0020400582343895,-0.2367088607594936,0.3812093182596779,0.0440219253168893,0.6496177032789295,0.1627408993576017,0.0260363138060979,0.3052208835341365,0.1476533059266872,,-0.003783116280863,-0.0165760926582597,-74.31257225433527,4588400000.0,-7546300000.0,-10326600000.0,24259200000.0,1180050000.0,221550000.0,1829200000.0,114.87410071942446,83.09122203098106,756.3717728055077,0.7834664161578205,1.0831469052945564,0.1189891046121078,-0.0156063255005383,0.1757225433526011,2015-07-30,1.56,bmo,1138226415.0,2025-04-25,2015-06-30,0.0192307692307692,110.56206349206349,1201920.4444444445
2015-03-31,ZBH,USD,1136869,2015-05-07,2015-05-07 16:13:58,2015,Q1,1134400000.0,278700000.0,855700000.0,0.754319464,48400000,425000000.0,0.0,425000000.0,-22600000.0,493800000.0,772500000.0,2600000.0,23100000.0,89000000.0,338900000.0,0.298748237,274900000.0,0.2423307475,-43100000.0,231800000.0,0.2043370945,55000000.0,177100000.0,0.1561177715,1.04,1.02,170000000,172900000,https://www.sec.gov/Archives/edgar/data/1136869/000119312515177116/0001193125-15-177116-index.htm,https://www.sec.gov/Archives/edgar/data/1136869/000119312515177116/d905008d10q.htm,6.672941176470588,1.041764705882353,0.538235294117647,0.3358823529411764,54.59941176470589,38.72352941176471,21.104117647058825,38.712941176470586,53.43705882352941,19381700000.0,19649400000.0,27.35982495765105,17.085419605077576,211.82185792349728,339.43432574430824,2.945010028566219,2.945010028566219,17.321403385049365,57.9799350840956,214.74754098360657,344.122591943958,0.0091374853599013,0.0029460780014137,1.3768309730748192,0.5271173524295961,0.7899085275892593,13.114559260482007,11.9004329004329,0.5175339366515838,0.0019244957872632,0.2106154714850367,0.3746473906911142,0.0426657263751763,0.174245641386612,0.3759562841530054,0.0303244005641748,0.3865168539325843,0.0113716502115655,30.123412074618987,0.0128781008787925,0.0124763998083805,-0.3785294117647059,11008500000.0,3587700000.0,1310100000.0,15304500000.0,890950000.0,160050000.0,1193000000.0,69.00740479548661,56.480086114101184,393.0032292787944,1.3042078638767534,1.5934819897084047,0.2290057518488085,0.0269099860207864,0.2023529411764706,2015-04-30,1.51,bmo,1084141772.0,2025-04-25,2015-03-31,0.0463576158940397,114.00688524590164,1254065.3278688523
2014-12-31,ZBH,USD,1136869,2015-02-23,2015-02-23 17:19:22,2014,Q4,1222900000.0,312900000.0,910000000.0,0.7441327991,51100000,686400000.0,0.0,686400000.0,-19100000.0,743500000.0,1056400000.0,3500000.0,16000000.0,92600000.0,302800000.0,0.2476081446,225800000.0,0.1846430616,-32100000.0,194200000.0,0.1588028457,37700000.0,156600000.0,0.1280562597,0.92,0.91,170000000,172900000,https://www.sec.gov/Archives/edgar/data/1136869/000119312515058361/0001193125-15-058361-index.htm,https://www.sec.gov/Archives/edgar/data/1136869/000119312515058361/d842425d10k.htm,7.193529411764706,0.9211764705882352,2.083529411764706,1.7941176470588236,9.975294117647058,38.368235294117646,20.028823529411763,38.35764705882353,8.338235294117647,18705100000.0,19023300000.0,29.861270753512137,15.295690571592116,52.80942970073405,61.32819672131148,2.8685284014231383,2.8685284014231383,15.555891732766376,62.824636723910174,53.70779220779221,62.37147540983607,0.0083720482649117,0.0163057134150579,0.2149276162434057,0.1454637923339595,1.0508586525759578,4.131984585741812,14.1125,2.263258785942492,0.0020048008297202,0.239463601532567,0.5612887398806117,0.0417859187178019,0.3235907708594974,0.1389045736871823,0.0402322348515823,0.531317494600432,0.0101398315479597,28.196074967956378,0.0210218922695317,0.0240294614086236,-0.8689705882352942,3251000000.0,3404900000.0,1176900000.0,7657500000.0,929850000.0,147150000.0,1173250000.0,67.1265025758443,41.76414189837009,336.2416107382551,1.340752110514198,2.1549586776859506,0.2676646706586826,0.0240154582259845,0.2894117647058823,2015-01-29,1.7,bmo,1222900000.0,2025-04-25,2014-12-31,0.0058823529411764,105.331875,1009479.640625
2014-09-30,ZBH,USD,1136869,2014-11-05,2014-11-05 11:15:01,2014,Q3,1106000000.0,298300000.0,807700000.0,0.7302893309,46100000,443500000.0,0.0,443500000.0,-10500000.0,489600000.0,787900000.0,3000000.0,16300000.0,90900000.0,337000000.0,0.3047016275,251200000.0,0.227124774,-25400000.0,227400000.0,0.2056057866,62100000.0,165500000.0,0.1496383363,0.98,0.96,169000000,171700000,https://www.sec.gov/Archives/edgar/data/1136869/000119312514397767/0001193125-14-397767-index.htm,https://www.sec.gov/Archives/edgar/data/1136869/000119312514397767/d773292d10q.htm,6.544378698224852,0.9792899408284024,1.51301775147929,1.3218934911242604,10.337869822485208,38.70650887573965,20.047337278106507,38.70650887573965,8.536686390532545,16485950000.0,16945050000.0,24.90324773413897,14.905922242314649,64.47379741885021,73.79565801253358,2.520247959152475,2.520247959152475,15.321021699819168,50.2820474777448,66.2692608525616,75.85071620411817,0.0100388512642583,0.0135509327639596,0.2180572966031736,0.1474940284771841,1.3623145400593473,3.964043915827996,15.411042944785276,1.5468844525105867,0.0022504010991177,0.2241691842900302,0.4009945750452079,0.0416817359855334,0.3260709964946385,0.1263199061400078,0.0292043399638336,0.3553355335533553,0.0115732368896925,29.20376915225901,0.0206844807603717,0.0253931722286152,-0.4908284023668639,3239700000.0,3388000000.0,1203200000.0,7672100000.0,948900000.0,160450000.0,1162350000.0,77.11030741410488,44.984914515588336,355.2631578947368,1.1671591388771634,2.000670690811536,0.2533333333333333,0.0253003944109823,0.1911242603550295,2014-10-23,1.3,bmo,1065037037.0,2025-04-25,2014-09-30,0.0384615384615384,98.2821875,1201526.671875
2014-06-30,ZBH,USD,1136869,2014-08-07,2014-08-07 16:11:01,2014,Q2,1182900000.0,333200000.0,849700000.0,0.7183193846,48100000,455800000.0,0.0,455800000.0,-10000000.0,503900000.0,837100000.0,2900000.0,15800000.0,91300000.0,343500000.0,0.2903880294,259300000.0,0.2192070336,-22900000.0,236400000.0,0.1998478316,60300000.0,176500000.0,0.1492095697,1.05,1.03,168400000,171000000,https://www.sec.gov/Archives/edgar/data/1136869/000119312514300684/0001193125-14-300684-index.htm,https://www.sec.gov/Archives/edgar/data/1136869/000119312514300684/d755990d10q.htm,7.024346793349169,1.0480997624703088,1.5089073634204275,1.3188836104513064,10.08313539192399,38.315320665083135,18.970902612826603,38.315320665083135,10.114014251781471,16967984000.0,17686684000.0,24.0339716713881,14.344394285231212,66.77679653679654,76.39794687077892,2.6297574508314865,2.6297574508314865,14.951968890016062,51.48961863173217,69.60521054702873,79.63387663214768,0.0104019428589748,0.0130893569913785,0.2615191482107155,0.1750723675336937,2.092285298398836,4.438870815405604,16.411392405063292,1.442930153321976,0.0021746838045108,0.2090651558073654,0.3853242032293515,0.0406627779186744,0.337984914352116,0.1259346713892168,0.0270521599458956,0.3504928806133625,0.0109899399780201,30.0592958330874,0.0222394773234597,0.0276615418371025,-1.198040380047506,3276900000.0,3194700000.0,1043800000.0,7809900000.0,944650000.0,163550000.0,1136550000.0,72.29520669540959,46.404561824729896,309.8679471788716,1.2448958114081246,1.939464493597206,0.2904463040446304,0.0273545867365125,0.1900237529691211,2014-07-24,1.49,bmo,1182900000.0,2025-04-25,2014-06-30,0.0,97.4957142857143,1685629.5555555555
2014-03-31,ZBH,USD,1136869,2014-05-06,2014-05-06 14:06:05,2014,Q1,1161500000.0,305400000.0,856100000.0,0.7370641412,47500000,464300000.0,0.0,464300000.0,0.0,511800000.0,817200000.0,2500000.0,15000000.0,101000000.0,437700000.0,0.3768402927,298400000.0,0.2569091692,-14200000.0,285900000.0,0.2461472234,64800000.0,221500000.0,0.1907016789,1.31,1.29,169100000,171800000,https://www.sec.gov/Archives/edgar/data/1136869/000119312514184471/0001193125-14-184471-index.htm,https://www.sec.gov/Archives/edgar/data/1136869/000119312514184471/d696411d10q.htm,6.8687167356593735,1.3098758131283263,1.1164991129509163,0.930810171496156,9.391484328799526,36.8876404494382,17.406268480189237,36.8876404494382,10.024246008279125,15514925000.0,16312325000.0,17.51120203160271,13.357662505380972,82.17650953389831,98.57004447268106,2.487282972890649,2.487282972890649,14.04418854928971,37.26827735892164,86.40002648305085,103.63611817026684,0.0142765756199272,0.0101450699890589,0.2693460730718053,0.1791132290700525,1.8217957505140507,4.4048111461848265,19.89333333333333,0.8539122568973315,0.0021914382441423,0.1534988713318284,0.3997417133017649,0.0408953938872148,0.3512009466850033,0.1663135593220339,0.0270340077486009,0.3108910891089109,0.0096427034007748,32.97211140694659,0.027272891194482,0.0363962009924742,-1.6973684210526316,3128000000.0,2943400000.0,904300000.0,7657900000.0,937850000.0,150800000.0,1100200000.0,72.76711149375807,45.76620825147347,331.7976424361493,1.2368224896177191,1.9665164198325824,0.2712496669331202,0.0355098834506308,0.1856889414547605,2014-04-24,1.47,bmo,1138270000.0,2025-04-25,2014-03-31,0.0204081632653061,92.0927868852459,1209789.0983606558
2013-12-31,ZBH,USD,1136869,2014-02-28,2014-02-28 14:37:43,2013,Q4,1240700000.0,340800000.0,899900000.0,0.7253163537,46400000,477000000.0,0.0,477000000.0,6000000.0,523400000.0,864200000.0,4200000.0,16500000.0,90100000.0,409600000.0,0.3301362134,315300000.0,0.2541307327,-12300000.0,303000000.0,0.2442169743,67600000.0,235900000.0,0.1901346014,1.38,1.36,170700000,173500000,https://www.sec.gov/Archives/edgar/data/1136869/000119312514076641/0001193125-14-076641-index.htm,https://www.sec.gov/Archives/edgar/data/1136869/000119312514076641/d649455d10k.htm,7.268306971294669,1.381956649091974,1.7586408904510835,1.6250732278851787,10.589338019917983,36.90743995313415,17.464557703573522,36.90743995313415,9.896309314586995,15432987000.0,16025187000.0,16.355433446375585,12.438935278471831,51.40901732178548,55.63441600576785,2.4496415929905875,2.4496415929905875,12.91624647376481,39.12399169921875,53.38170219853431,57.76923936553713,0.0152854402067467,0.0179744854317573,0.2655195949270647,0.1746028432457257,1.44580078125,4.069115936409461,19.10909090909091,1.2752761257434155,0.0022030731963941,0.1441288681644764,0.3844603852663819,0.0373982429273797,0.3464188046677661,0.0759493670886076,0.0183767228177641,0.2530521642619311,0.009188361408882,33.87625785110306,0.0286514815584722,0.0376734752543239,-1.36613942589338,3166100000.0,2981200000.0,917200000.0,7709700000.0,917750000.0,146450000.0,1078200000.0,67.94067864914967,38.63556338028169,283.75880281690144,1.3246850309630578,2.32946001367054,0.3171707771056305,0.0374438500976175,0.1335676625659051,2014-01-30,1.62,bmo,1210803614.0,2025-04-25,2013-12-31,0.0246913580246912,86.46765625,1193390.46875
2013-09-30,ZBH,USD,1136869,2013-11-12,2013-11-12 10:12:55,2013,Q3,1074300000.0,328800000.0,745500000.0,0.6939402402,49400000,438000000.0,0.0,438000000.0,0.0,487400000.0,816200000.0,3800000.0,17100000.0,91900000.0,307400000.0,0.286139812,211700000.0,0.1970585498,-13300000.0,198400000.0,0.1846783952,44300000.0,154400000.0,0.1437214931,0.91,0.9,170000000,172200000,https://www.sec.gov/Archives/edgar/data/1136869/000119312513437324/0001193125-13-437324-index.htm,https://www.sec.gov/Archives/edgar/data/1136869/000119312513437324/d595745d10q.htm,6.319411764705882,0.908235294117647,1.7217647058823529,1.5047058823529411,8.85764705882353,36.11176470588235,16.611764705882354,36.11176470588235,10.018235294117646,13547300000.0,14315900000.0,21.93539507772021,12.610350926184491,46.28390843867441,52.96051602814699,2.2067600586414726,2.2067600586414726,13.325793539979522,46.57091737150293,48.90980526135976,55.965207193119625,0.0113971049581835,0.018881991245488,0.2746375631210295,0.1801782546433838,2.5003253090435917,4.77144988808754,12.380116959064328,1.899415963659961,0.0025023436404301,0.2195595854922279,0.4077073443172298,0.0459834310713953,0.3542650736315643,0.1260676460539802,0.0343479475006981,0.4015233949945593,0.0101461416736479,27.16531856746709,0.0192244180352043,0.0255527604925195,-2.9263235294117647,3033000000.0,2824000000.0,618800000.0,7582100000.0,920700000.0,155900000.0,1067400000.0,75.30578050823793,40.12773722627737,296.1405109489051,1.19512737790633,2.242837653478854,0.303909788335336,0.0251506760058641,0.2170588235294117,2013-10-24,1.24,bmo,1065705600.0,2025-04-25,2013-09-30,0.0080645161290322,78.65734375,958259.484375
2013-06-30,ZBH,USD,1136869,2013-08-07,2013-08-07 14:17:56,2013,Q2,1169500000.0,323600000.0,845900000.0,0.7233005558,54900000,458000000.0,0.0,458000000.0,0.0,512900000.0,836500000.0,3900000.0,18300000.0,91400000.0,305700000.0,0.261393758,210400000.0,0.1799059427,-14400000.0,196000000.0,0.1675929885,44300000.0,152100000.0,0.1300555793,0.9,0.89,168800000,170700000,https://www.sec.gov/Archives/edgar/data/1136869/000119312513323827/0001193125-13-323827-index.htm,https://www.sec.gov/Archives/edgar/data/1136869/000119312513323827/d560322d10q.htm,6.928317535545023,0.9010663507109004,1.1238151658767772,0.9911137440758294,7.321090047393365,34.89099526066351,15.362559241706162,34.89099526066351,10.109004739336491,12281888000.0,13260088000.0,20.187192636423408,10.501828131680206,64.74374275171324,73.41236102809324,2.0853518065743004,2.0853518065743004,11.338253954681488,43.37614654890415,69.90030574591461,79.25934249850567,0.0123840894820079,0.0136216842231422,0.2866238793806031,0.1855585112229867,3.199869152764148,4.46562228024369,11.497267759562842,1.2504943968358602,0.0027357357435599,0.2209072978303747,0.3916203505771697,0.0469431380932022,0.3623452854661771,0.1180811808118081,0.0191534843950406,0.2450765864332603,0.010431808465156,26.59661237591061,0.0196362405038464,0.0262196173073608,-4.37603672985782,2787400000.0,2593200000.0,383900000.0,7309000000.0,927500000.0,169750000.0,1046000000.0,72.5309961522018,45.94561186650186,292.8337453646477,1.2408488063660477,1.9588377723970944,0.3073416278848893,0.0258251833740831,0.1327014218009478,2013-07-25,1.44,bmo,1177678321.0,2025-04-25,2013-06-30,-0.0069444444444444,74.71359375,1066556.3125
2013-03-31,ZBH,USD,1136869,2013-05-08,2013-05-08 15:25:37,2013,Q1,1138900000.0,292900000.0,846000000.0,0.7428220212,53500000,460800000.0,0.0,460800000.0,0.0,514300000.0,807200000.0,3700000.0,18200000.0,85100000.0,387000000.0,0.3398015629,298200000.0,0.2618315919,-14500000.0,283700000.0,0.2491000088,65700000.0,218600000.0,0.1919395908,1.3,1.28,168700000,170700000,https://www.sec.gov/Archives/edgar/data/1136869/000119312513207263/0001193125-13-207263-index.htm,https://www.sec.gov/Archives/edgar/data/1136869/000119312513207263/d497857d10q.htm,6.75103734439834,1.2957913455838768,1.069946650859514,0.963841138114997,7.1203319502074685,33.86129223473622,14.551867219917012,33.86129223473622,10.20154119739182,12296543000.0,13342343000.0,14.062835086916742,10.796859250153656,68.12489196675901,75.62449569495695,2.1526053847769764,2.1526053847769764,11.715113706207744,34.47633850129199,73.91879778393351,82.05623001230012,0.0177773541718188,0.013223228674921,0.2980883691618234,0.1947258879765798,2.702325581395349,4.538189440586925,16.384615384615383,0.8279816513761468,0.0025129013902525,0.1413540713632205,0.4046009307226271,0.0469751514619369,0.3725156096333737,0.099168975069252,0.0157169198349284,0.2103407755581668,0.0122925629993853,31.420316868728406,0.0287098657440282,0.0398388948624956,-3.717101363366923,2700700000.0,2454900000.0,431800000.0,7177700000.0,898550000.0,179200000.0,1017200000.0,72.10905259460884,53.55752816660976,319.2864458859679,1.2481095890410958,1.6804360298336205,0.2818785487441054,0.0382676283173447,0.1061055127445168,2013-04-25,1.4,bmo,1130822695.0,2025-04-25,2013-03-31,0.0071428571428571,71.56383333333333,1138714.8333333333
2012-12-31,ZBH,USD,1136869,2013-02-27,2013-02-27 15:54:50,2012,Q4,1180500000.0,298900000.0,881600000.0,0.7468022025,55300000,565700000.0,0.0,565700000.0,4500000.0,625500000.0,924400000.0,4900000.0,18900000.0,90200000.0,295600000.0,0.2504023719,200500000.0,0.1698432867,-181600000.0,186500000.0,0.1579839051,34200000.0,152800000.0,0.1294366794,0.91,0.9,168700000,170700000,https://www.sec.gov/Archives/edgar/data/1136869/000119312513079914/0001193125-13-079914-index.htm,https://www.sec.gov/Archives/edgar/data/1136869/000119312513079914/d458588d10k.htm,6.997628927089508,0.9057498518079432,2.1813870776526376,1.6573799644339064,9.222880853586249,34.773562537048015,15.138114997036158,34.74155305275637,10.704801422643746,10909829000.0,11812529000.0,17.849851112565446,9.241701821262176,29.64627445652174,39.01941702432046,1.861459673428996,1.861459673428996,10.0063778060144,39.961194181326114,32.099263586956525,42.247957796852646,0.0140057190630577,0.0256282660342339,0.3049019775119862,0.1982823665172429,3.053788903924222,4.28256351039261,10.60846560846561,2.416283650689429,0.0028598065102578,0.2041884816753926,0.4792037272342228,0.046844557390936,0.3675491544982469,0.2402173913043478,0.0748835239305379,0.9800443458980044,0.0112664125370605,26.608476504772256,0.0198548120747952,0.026807487850664,-2.5435684647302903,2842700000.0,2553800000.0,562600000.0,7365900000.0,879750000.0,162600000.0,994700000.0,67.44091486658196,55.433255269320846,299.68885915021747,1.3345014695907755,1.623574144486692,0.3003114638802371,0.0260710812332576,0.5240071132187315,2013-01-31,1.49,bmo,1164864238.0,2025-04-25,2012-12-31,0.0134228187919463,63.57822580645161,1353269.241935484
2012-09-30,ZBH,USD,1136869,2012-11-06,2012-11-06 17:14:08,2012,Q3,1025500000.0,255700000.0,769800000.0,0.7506582155,53500000,430000000.0,0.0,430000000.0,0.0,483500000.0,739200000.0,3800000.0,18300000.0,82700000.0,335900000.0,0.3275475378,249400000.0,0.2431984398,-14500000.0,234900000.0,0.2290589956,57200000.0,178100000.0,0.1736713798,1.02,1.02,174100000,175300000,https://www.sec.gov/Archives/edgar/data/1136869/000119312512454834/0001193125-12-454834-index.htm,https://www.sec.gov/Archives/edgar/data/1136869/000119312512454834/d403161d10q.htm,5.890292935094773,1.022975301550833,1.9816197587593336,1.616886846639862,8.55198161975876,33.49167145318782,13.910396323951751,33.49167145318782,14.404939689833428,11462744000.0,13150844000.0,16.090320044918585,11.177712335446124,33.225344927536234,40.72022735346359,1.9658618738102185,1.9658618738102185,12.823836177474403,39.15106877046741,38.1183884057971,46.71703019538188,0.0155372919433601,0.0245578196634243,0.4269666775283404,0.2834211814528523,5.025602857993451,4.807279947054931,13.628415300546449,1.9414743950478337,0.0027480331062091,0.1768669286917462,0.4193076548025353,0.0521696733300828,0.3880989515146685,0.1840579710144927,0.0619210141394441,0.7678355501813785,0.0135543637250121,27.76465263326718,0.0214784822352283,0.0331348837209302,-1.7867604824813326,2876400000.0,2421800000.0,678700000.0,7471100000.0,890800000.0,139150000.0,975050000.0,76.78303266699172,49.66366836136097,349.8983183418068,1.1721339581666477,1.81218993621545,0.2572175837440901,0.0305441698537104,0.3647329121194715,2012-10-25,1.13,bmo,1007665217.0,2025-04-25,2012-09-30,0.0176991150442478,61.15111111111111,1226008.6666666667
2012-06-30,ZBH,USD,1136869,2012-08-07,2012-08-07 09:28:45,2012,Q2,1125000000.0,281900000.0,843100000.0,0.7494222222,57200000,453300000.0,0.0,453300000.0,0.0,510500000.0,792400000.0,3800000.0,18100000.0,93400000.0,399100000.0,0.3547555556,301900000.0,0.2683555556,-14300000.0,287600000.0,0.2556444444,73600000.0,214500000.0,0.1906666667,1.22,1.22,175200000,176200000,https://www.sec.gov/Archives/edgar/data/1136869/000119312512339583/0001193125-12-339583-index.htm,https://www.sec.gov/Archives/edgar/data/1136869/000119312512339583/d355655d10q.htm,6.421232876712328,1.2243150684931507,1.3213470319634704,0.954337899543379,7.625,32.603881278538815,13.275114155251142,32.603881278538815,13.856735159817353,10939488000.0,12698088000.0,12.749986013986012,9.723989333333334,47.25480777537797,65.42755980861244,1.915109414936452,1.915109414936452,11.287189333333334,31.816807817589577,54.85135205183585,75.9455023923445,0.0196078646459505,0.0152840791086383,0.4218339693988305,0.2796495096616956,4.406414432473064,5.0919338310642654,16.679558011049725,1.0817757009345794,0.0027988468930172,0.1427410349650349,0.4029333333333333,0.0508444444444444,0.3930134045145941,0.2777537796976242,0.0571555555555555,0.6884368308351178,0.0133333333333333,29.96901767935059,0.0260709653431205,0.0410126001414886,-2.3423230593607305,2795200000.0,2325800000.0,574000000.0,7358400000.0,900850000.0,131600000.0,946500000.0,72.536,43.802766938630725,305.2146151117417,1.240763207235028,2.05466472303207,0.2948744769874477,0.0375512061902594,0.3670091324200913,2012-07-26,1.32,bmo,1108208955.0,2025-04-25,2012-06-30,0.0151515151515151,60.34428571428572,1618292.8095238097
2012-03-31,ZBH,USD,1136869,2012-05-03,2012-05-03 13:10:49,2012,Q1,1140700000.0,288700000.0,852000000.0,0.7469097922,59600000,0.0,0.0,463300000.0,0.0,522900000.0,811600000.0,3100000.0,17600000.0,96800000.0,395500000.0,0.3467169282,295600000.0,0.2591391251,-14500000.0,281100000.0,0.2464276322,72200000.0,209600000.0,0.1837468221,1.18,1.17,177400000,178500000,https://www.sec.gov/Archives/edgar/data/1136869/000119312512207647/0001193125-12-207647-index.htm,https://www.sec.gov/Archives/edgar/data/1136869/000119312512207647/d312098d10q.htm,6.430101465614431,1.181510710259301,1.169109357384442,0.8968432919954904,6.928410372040586,31.914317925591885,12.508455467869222,31.914317925591885,13.822998872604284,11062664000.0,12823264000.0,13.1949713740458,9.69813623213816,53.33974927675988,69.53277184160905,1.9539819132400733,1.9539819132400733,11.241574471815552,32.4229178255373,61.82865959498554,80.59876807039598,0.0189466117745237,0.0143817076971695,0.4300197823936696,0.2829712797982263,4.451580278128951,2.426422259548674,16.795454545454547,0.9928195308760172,0.0028024374599101,0.1479123282442748,0.0,0.0522486192688699,0.4001301765519486,0.2328833172613307,0.0423424213202419,0.4989669421487603,0.0112211799772069,29.12747740353449,0.0271331862598429,0.0406114975489721,-3.2313979706877114,1953200000.0,2219000000.0,380400000.0,6588500000.0,866900000.0,134650000.0,933400000.0,70.61453493468923,39.27952892275719,292.10252857637687,1.2745251396648043,2.291269841269841,0.308110992529349,0.0370213367246008,0.2722660653889515,2012-04-26,1.3,bmo,1140700000.0,2025-04-25,2012-03-31,0.0,58.4308064516129,1629387.935483871
2011-12-31,ZBH,USD,1136869,2012-02-27,2012-02-24 18:16:31,2011,Q4,1167300000.0,303200000.0,864100000.0,0.74025529,65000000,569700000.0,0.0,569700000.0,0.0,634700000.0,937900000.0,0.0,0.0,94300000.0,258600000.0,0.22153688,201200000.0,0.1723635741,-12700000.0,188500000.0,0.161483766,32400000.0,156600000.0,0.134155744,0.88,0.88,177400000,178500000,https://www.sec.gov/Archives/edgar/data/1136869/000119312512078626/0001193125-12-078626-index.htm,https://www.sec.gov/Archives/edgar/data/1136869/000119312512078626/d263321d10k.htm,6.580045095828636,0.882750845546787,2.215896279594137,1.7006764374295378,6.898534385569334,31.086809470124013,11.782976324689969,31.043968432919957,9.691657271702368,9192868000.0,10143868000.0,14.675715197956578,7.875325965904223,23.38557110150089,30.470228704010605,1.6692453515398025,1.6692453515398025,8.690026557011908,39.22609435421501,25.8048028491478,33.62236658932714,0.0170349449159935,0.0328189200584627,0.3121913131900058,0.2019071553556539,3.677494199535962,3.778802906239188,0.0,2.518257527226137,0.0,0.0,0.4880493446414803,0.0556840572260772,0.4021584676993177,0.2325108114983465,0.0783003512378994,0.9692470837751856,0.0123361603700848,24.831270831835745,0.021384467975116,0.0307613734580026,-3.8483652762119513,2409500000.0,2090300000.0,276100000.0,7041300000.0,833350000.0,125950000.0,949100000.0,64.67232074016962,42.53627968337731,275.99604221635883,1.3916309012875536,2.115840893230984,0.3260916326091632,0.0284355026147588,0.5152198421645998,2012-01-26,1.34,bmo,1150133823.0,2025-04-25,2011-12-31,0.0149253731343283,49.776825396825394,2134001.761904762
2011-09-30,ZBH,USD,1136869,2011-11-02,2011-11-02 15:11:31,2011,Q3,1031500000.0,251900000.0,779600000.0,0.7557925351,61000000,444000000.0,0.0,444000000.0,0.0,505000000.0,756900000.0,0.0,11700000.0,90900000.0,358800000.0,0.3478429472,266600000.0,0.2584585555,-11700000.0,254900000.0,0.2471158507,63700000.0,191500000.0,0.1856519632,1.02,1.01,187700000,188800000,https://www.sec.gov/Archives/edgar/data/1136869/000119312511292603/0001193125-11-292603-index.htm,https://www.sec.gov/Archives/edgar/data/1136869/000119312511292603/d248314d10q.htm,5.495471497069793,1.0202450719232818,1.8678742674480555,1.4549813532232283,5.209909429941396,29.88119339371337,11.612679808204582,29.88119339371337,8.285562067128396,9737876000.0,10728376000.0,12.7126318537859,9.440500242365488,27.774888762122075,35.656814353716584,1.7362091037138732,1.7362091037138732,10.400752302472128,29.900713489409146,30.60004563605248,39.283690955693885,0.0196654794125536,0.0280451301700699,0.2751974610872394,0.1882592574523101,2.760590858416945,4.555736732878743,22.786324786324787,1.8336820083682008,0.0,0.0,0.4304411051866214,0.0591371788657295,0.4182319363809338,0.2210496292070735,0.075133301017935,0.8525852585258525,0.0139602520601066,26.19042108902143,0.0265777288627132,0.0401484338965994,-2.701518380394246,2398700000.0,2179700000.0,483200000.0,7038000000.0,858150000.0,116300000.0,971750000.0,72.23557925351429,38.80111155220325,345.9944422389837,1.2459234207029837,2.3195211786372005,0.260119785212722,0.0341433843849733,0.4128929142248269,2011-10-27,1.03,bmo,1021581730.0,2025-04-25,2011-09-30,0.0097087378640776,55.73765625,2597349.625
2011-06-30,ZBH,USD,1136869,2011-08-08,2011-08-08 15:24:47,2011,Q2,1137400000.0,287900000.0,849500000.0,0.7468788465,57000000,519900000.0,0.0,519900000.0,0.0,576900000.0,864800000.0,0.0,9800000.0,88600000.0,351000000.0,0.3085985581,259100000.0,0.2278002462,-9800000.00000003,249300000.0,0.2191841041,45500000.0,203800000.0,0.1791805873,1.06,1.06,191500000,192700000,https://www.sec.gov/Archives/edgar/data/1136869/000095012311074379/0000950123-11-074379-index.htm,https://www.sec.gov/Archives/edgar/data/1136869/000095012311074379/c64861e10vq.htm,5.939425587467363,1.0642297650130548,1.3107049608355092,1.0193211488250653,4.93733681462141,31.414099216710184,13.108616187989556,31.414099216710184,6.042297650130548,11740865000.0,12264065000.0,14.402434985279688,10.322547037102163,46.7763545816733,60.14787397540984,1.9516714318960071,1.9516714318960071,10.782543520309478,34.940356125356125,48.86081673306773,62.828201844262296,0.0173581759095262,0.0166256915482803,0.1907144519432162,0.1390801532269795,1.4905982905982906,4.577761413843888,26.43877551020408,1.2315996074582924,0.0,0.0,0.4570951292421312,0.0501142957622648,0.4249502982107356,0.2223107569721115,0.0490592579567434,0.6297968397291196,0.0152980481800597,27.42655532724928,0.02797962958671,0.0429622446613403,-0.7,2429300000.0,2510300000.0,874900000.0,7147800000.0,882350000.0,125650000.0,966750000.0,70.29716898188852,38.76345953456061,304.82459187217785,1.280279153534444,2.321774193548387,0.2952517690493282,0.0338774560324478,0.2913838120104439,2011-07-27,1.19,bmo,1118600000.0,2025-04-25,2011-06-30,0.0168067226890756,62.40730158730158,1705749.650793651
2011-03-31,ZBH,USD,1136869,2011-05-05,2011-05-04 19:30:41,2011,Q1,1115600000.0,279000000.0,836600000.0,0.7499103621,55600000,0.0,0.0,458300000.0,0.0,513900000.0,792900000.0,0.0,11000000.0,86100000.0,385300000.0,0.3453746863,297200000.0,0.2664037289,-11000000.0,286200000.0,0.256543564,77300000.0,208900000.0,0.1872534959,1.08,1.08,192600000,193800000,https://www.sec.gov/Archives/edgar/data/1136869/000095012311044906/0000950123-11-044906-index.htm,https://www.sec.gov/Archives/edgar/data/1136869/000095012311044906/c63533e10vq.htm,5.792315680166148,1.084631360332295,0.9460020768431984,0.616822429906542,4.497403946002077,30.44807892004153,12.237798546209762,30.44807892004153,5.977154724818276,11309472000.0,11874072000.0,13.534552417424605,10.137569021154537,62.07174533479692,95.19757575757576,1.9285288951793056,1.9285288951793056,10.643664395840805,30.81773163768492,65.170537870472,99.950101010101,0.0184712425124709,0.0105044691741577,0.1944307078423682,0.1404585042561316,1.465351674020244,4.24824782730586,27.01818181818182,0.8721876495931068,0.0,0.0,0.0,0.0498386518465399,0.4320558778964485,0.3479692645444566,0.0568304051631409,0.7363530778164924,0.0128182144137683,27.259148525171668,0.0292977054817892,0.0453106021169529,-1.3020508826583592,2317300000.0,2357000000.0,777300000.0,7042900000.0,826100000.0,128450000.0,947400000.0,70.69469343850842,41.064516129032256,309.16129032258067,1.273079995435353,2.1916732128829537,0.291110183639399,0.0356223249151646,0.3291796469366563,2011-04-28,1.12,bmo,1049976470.0,2025-04-25,2011-03-31,0.0624999999999998,57.55403225806452,1900257.5483870967
2010-12-31,ZBH,USD,1136869,2011-02-25,2011-02-25 15:03:02,2010,Q4,1134700000.0,274200000.0,860500000.0,0.7583502247,56900000,461100000.0,0.0,461100000.0,0.0,518000000.0,792200000.0,0.0,0.0,90700000.0,433200000.0,0.3817749185,122900000.0,0.1083105667,-13400000.0,109500000.0,0.0965012779,74600000.0,34900000.0,0.0307570283,0.18,0.18,192600000,193800000,https://www.sec.gov/Archives/edgar/data/1136869/000095012311018592/0000950123-11-018592-index.htm,https://www.sec.gov/Archives/edgar/data/1136869/000095012311018592/c61394e10vk.htm,5.891484942886812,0.1812045690550363,1.7705088265835929,1.2601246105919004,4.849428868120457,29.96521287642783,12.271028037383177,29.96521287642783,5.929906542056075,10030608000.0,10503808000.0,71.85249283667622,8.83987661937076,29.41527272727273,41.32924598269469,1.7380153518271446,1.7380153518271446,9.256903146206046,24.24701754385965,30.80295601173021,43.27897816234034,0.0034793504042825,0.0241959410635925,0.1978930223693102,0.1427642845535569,1.0923361034164358,4.284270462633452,0.0,9.770773638968482,0.0,0.0,0.4063629153080109,0.0501454128844628,0.4259928249103114,0.2882697947214076,0.0866308275315061,1.083792723263506,0.0146294174671719,11.053110577258307,0.0053677840847299,0.0076001742160278,-1.2693406022845275,2307200000.0,2363400000.0,781100000.0,6928900000.0,766850000.0,123050000.0,930900000.0,61.541376575306245,42.5382932166302,307.35229759299784,1.46243072560897,2.115740740740741,0.292823579666809,0.006047164417029,0.5103842159916926,2011-01-27,1.19,bmo,1063222834.0,2025-04-25,2010-12-31,0.0672268907563025,49.996875,2240115.59375
2010-09-30,ZBH,USD,1136869,2010-11-03,2010-11-03 14:48:41,2010,Q3,965000000.0,219200000.0,745800000.0,0.7728497409,57600000,411600000.0,0.0,411600000.0,0.0,469200000.0,688400000.0,0.0,14200000.0,83700000.0,360300000.0,0.3733678756,271600000.0,0.2814507772,-14200000.0,257400000.0,0.2667357513,66300000.0,191100000.0,0.1980310881,0.96,0.96,198700000,199700000,https://www.sec.gov/Archives/edgar/data/1136869/000095012310100041/0000950123-10-100041-index.htm,https://www.sec.gov/Archives/edgar/data/1136869/000095012310100041/c60101e10vq.htm,4.856567689984902,0.9617513839959738,1.611977856064419,1.2903875188726723,4.940110719677906,29.29994967287368,11.419728233517866,29.29994967287368,5.801711122294917,10087999000.0,10307999000.0,13.197277603349033,10.453884974093263,31.49546987199501,39.34476989079563,1.7327674814064138,1.7327674814064138,10.681864248704665,28.609489314460173,32.1823259444271,40.20280421216849,0.0189433008468775,0.0254163387605411,0.195571892337553,0.1422592051176331,0.6106022758812101,4.304752361866591,19.12676056338028,1.6760858189429615,0.0,0.0,0.4265284974093264,0.0596891191709844,0.4438946987018504,0.1995004683109584,0.0662176165803108,0.7634408602150538,0.0153367875647668,25.18002205817579,0.0276029656325613,0.042935136713923,-0.8512833417211877,2308700000.0,2269100000.0,825500000.0,7038900000.0,761450000.0,115750000.0,905600000.0,70.67564766839378,47.83302919708029,379.9543795620438,1.2734230667722355,1.8815450643776823,0.2368705424681219,0.032824335697968,0.3215903371917463,2010-10-28,0.95,bmo,954947916.0,2025-04-25,2010-09-30,0.0105263157894736,50.4590625,2211886.515625
2010-06-30,ZBH,USD,1136869,2010-08-05,2010-08-05 16:35:18,2010,Q2,1057700000.0,250600000.0,807100000.0,0.763070814,55100000,512400000.0,0.0,512400000.0,0.0,567500000.0,818100000.0,0.0,0.0,80900000.0,320500000.0,0.3030159781,228100000.0,0.2156566134,-14300000.0,213800000.0,0.2021367117,48300000.0,165500000.0,0.1564715893,0.82,0.82,201900000,203000000,https://www.sec.gov/Archives/edgar/data/1136869/000095012310073408/0000950123-10-073408-index.htm,https://www.sec.gov/Archives/edgar/data/1136869/000095012310073408/c58470e10vq.htm,5.2387320455671125,0.8197127290737989,1.350668647845468,1.018325903912828,4.887072808320951,28.40267459138187,11.284794452699357,28.40267459138187,5.599801882119861,10587636000.0,10764536000.0,15.993407854984897,10.0100557814125,38.82521452145214,51.49628404669261,1.84630499607638,1.84630499607638,10.177305474142006,33.58669578783152,39.47391272460579,52.35669260700389,0.0156314402950762,0.0194188768862095,0.1971575551486616,0.1444431668646915,0.5519500780031201,4.956463941508807,0.0,1.6477341389728095,0.0,0.0,0.4844473858371939,0.0520941665878793,0.441544338405325,0.246057939127246,0.0634395386215373,0.8294190358467244,0.0169235132835397,22.88767709492764,0.0244369880889705,0.0378614568081991,-0.4426696384348687,2381000000.0,2278400000.0,890000000.0,7007700000.0,766100000.0,125500000.0,891150000.0,65.10258107213765,41.300877893056665,318.1245011971269,1.3824336688014638,2.179130434782609,0.2829081056671935,0.0288604063126689,0.3323427439326399,2010-07-22,1.05,bmo,1018885321.0,2025-04-25,2010-06-30,0.0380952380952381,55.83111111111111,2161380.6666666665
2010-03-31,ZBH,USD,1136869,2010-05-05,2010-05-04 18:06:43,2010,Q1,1062800000.0,268400000.0,794400000.0,0.7474595408,51000000,0.0,0.0,446700000.0,0.0,497700000.0,766100000.0,0.0,14600000.0,84900000.0,381600000.0,0.3590515619,294100000.0,0.2767218668,-14600000.0,279500000.0,0.2629845691,74100000.0,205400000.0,0.1932630787,1.01,1.01,203000000,204200000,https://www.sec.gov/Archives/edgar/data/1136869/000095012310043732/0000950123-10-043732-index.htm,https://www.sec.gov/Archives/edgar/data/1136869/000095012310043732/c57443e10vq.htm,5.235467980295566,1.011822660098522,1.2783251231527093,1.0275862068965518,4.292610837438423,28.14729064039409,10.677832512315272,28.14729064039409,5.623645320197045,11658290000.0,11964090000.0,14.18973953261928,10.969410989838163,44.92597302504817,55.88825503355704,2.040338472846917,2.040338472846917,11.25714151298457,31.35243710691824,46.10439306358381,57.35421860019176,0.017618364271261,0.017892847064192,0.197238313586167,0.144080797749936,0.8013626834381551,4.3861416361416365,20.14383561643836,1.2633885102239533,0.0,0.0,0.0,0.0479864508844561,0.4533750958834058,0.1961464354527938,0.0478923598042905,0.5995288574793876,0.0119495671810312,25.314057281131763,0.0301570160079228,0.0480389176041349,-1.0498768472906403,2218600000.0,2167600000.0,765700000.0,6955400000.0,759250000.0,135300000.0,904850000.0,64.9595408355288,45.603576751117735,300.61475409836066,1.3854777734324075,1.973529411764706,0.2993865030674846,0.0359474264512854,0.2507389162561576,2010-04-22,1.01,bmo,1052380392.0,2025-04-25,2010-03-31,0.0099009900990099,57.17573770491803,1773656.5409836066
2009-12-31,ZBH,USD,1136869,2010-02-25,2010-02-25 17:24:52,2009,Q4,1107300000.0,274400000.0,832900000.0,0.7521900117,51600000,460200000.0,0.0,460200000.0,0.0,511800000.0,786200000.0,2700000.0,11400000.0,87800000.0,408900000.0,0.3692766188,238500000.0,0.2153887835,-8700000.0,229800000.0,0.2075318342,74600000.0,155200000.0,0.1401607514,0.76,0.76,203000000,204200000,https://www.sec.gov/Archives/edgar/data/1136869/000095012310017177/0000950123-10-017177-index.htm,https://www.sec.gov/Archives/edgar/data/1136869/000095012310017177/c55340e10vk.htm,5.454679802955665,0.7645320197044335,1.8990147783251232,1.641871921182266,3.7344827586206897,27.776847290640397,9.838423645320198,27.776847290640397,5.610837438423645,11640020000.0,12075920000.0,18.750032216494844,10.512074415244289,30.19460440985733,34.92355235523552,2.0643091492719954,2.0643091492719954,10.905734669917818,29.53269748104671,31.325343709468225,36.23138313831383,0.0133333104238652,0.028633971419293,0.1999751715821022,0.1448333440369918,1.066030814380044,3.964094396988562,20.92105263157895,2.483891752577319,0.0,0.0,0.4156055269574641,0.0465998374424275,0.4677284695909062,0.135408560311284,0.0471416960173394,0.5945330296127562,0.0158945181974171,21.859014298523064,0.0227033486519233,0.0374517374517374,-1.8155172413793104,2047300000.0,1997200000.0,591200000.0,6910500000.0,747300000.0,127800000.0,942650000.0,61.07287997832565,44.147230320699705,299.51895043731776,1.47364918818206,2.038632986627043,0.3004818221638195,0.0275240746980687,0.2571428571428571,2010-01-28,1.08,bmo,1067753571.0,2025-04-25,2009-12-31,0.037037037037037,54.29171875,1861896.890625
2009-09-30,ZBH,USD,1136869,2009-11-04,2009-11-04 16:39:15,2009,Q3,975600000.0,249300000.0,726300000.0,0.7444649446,52100000,448000000.0,0.0,448000000.0,0.0,500100000.0,749400000.0,0.0,0.0,88200000.0,314400000.0,0.3222632226,204000000.0,0.209102091,-4200000.0,199800000.0,0.204797048,49900000.0,149900000.0,0.1536490365,0.7,0.7,213600000,214500000,https://www.sec.gov/Archives/edgar/data/1136869/000095012309057628/0000950123-09-057628-index.htm,https://www.sec.gov/Archives/edgar/data/1136869/000095012309057628/c53543e10vq.htm,4.567415730337078,0.7017790262172284,1.6493445692883897,1.3876404494382022,2.058520599250936,27.990168539325843,10.400749063670412,27.990168539325843,2.809925093632959,11075160000.0,11235660000.0,18.47091394262842,11.352152521525214,31.43673005960829,37.365587044534415,1.8524361483265592,1.8524361483265592,11.516666666666667,35.736832061068704,31.892307692307693,37.90708502024292,0.0135347931768028,0.0267625930460598,0.1003897168280729,0.0784770073613054,0.5104961832061069,3.618737993202305,0.0,2.3502334889926617,0.0,0.0,0.4592045920459204,0.0534030340303403,0.4912461918646461,0.1586715867158671,0.0572980729807298,0.6337868480725624,0.018040180401804,21.02297665595061,0.0219541341841023,0.0385248008224106,-0.8719569288389513,1772100000.0,2221600000.0,779400000.0,6768900000.0,755950000.0,132500000.0,976500000.0,68.56088560885608,43.68231046931408,350.9386281588448,1.3127018299246502,2.0603305785123966,0.256455097212221,0.0250723401408332,0.2617041198501872,2009-10-22,0.86,bmo,953427272.0,2025-04-25,2009-09-30,0.0232558139534883,45.11421875,2384591.15625
2009-06-30,ZBH,USD,1136869,2009-08-07,2009-08-07 16:07:37,2009,Q2,1019900000.0,236800000.0,783100000.0,0.7678203745,49900000,0.0,0.0,400200000.0,0.0,450100000.0,686900000.0,0.0,0.0,81800000.0,382700000.0,0.375232866,296500000.0,0.290714776,-4000000.0,292500000.0,0.2867928228,82400000.0,210100000.0,0.2060005883,0.98,0.97,214700000,215500000,https://www.sec.gov/Archives/edgar/data/1136869/000095012309032090/0000950123-09-032090-index.htm,https://www.sec.gov/Archives/edgar/data/1136869/000095012309032090/c52765e10vq.htm,4.750349324639031,0.9785747554727526,0.9087098276665114,0.5700978108989287,1.2925011644154634,27.04052165812762,9.857475547275268,27.04052165812762,3.0437820214252445,8873551000.0,9249551000.0,10.558723227034744,8.700412785567213,45.482065607380825,72.4963316993464,1.5284468444260713,1.5284468444260713,9.06907638003726,24.16919519205644,47.40928241927217,75.56822712418301,0.0236771051408844,0.013793801376698,0.112563731569519,0.0875758834644403,0.9824928142147896,3.479826658696952,0.0,0.928605425987625,0.0,0.0,0.0,0.0489263653299343,0.4943916591844119,0.3726294208098411,0.0712814981860966,0.8887530562347188,0.0225512305127953,24.40033538832618,0.0313523182135998,0.0556866071191921,-1.453306939916162,1659500000.0,2116400000.0,672200000.0,6603100000.0,747150000.0,150150000.0,963950000.0,67.83312089420532,54.72972972972973,372.80827702702703,1.326785481982568,1.6444444444444444,0.2414109491283515,0.036189196637729,0.3386120167675827,2009-07-23,0.96,bmo,979104000.0,2025-04-25,2009-06-30,0.0416666666666667,41.40761904761904,2345866.9682539683
2009-03-31,ZBH,USD,1136869,2009-05-07,2009-05-07 13:50:19,2009,Q1,992600000.0,230300000.0,762300000.0,0.7679830748,51800000,0.0,0.0,423700000.0,0.0,475500000.0,705800000.0,0.0,0.0,79600000.0,366400000.0,0.3691315736,279800000.0,0.2818859561,-3700000.0,276100000.0,0.278158372,73900000.0,202200000.0,0.203707435,0.91,0.91,221500000,222100000,https://www.sec.gov/Archives/edgar/data/1136869/000095013709003692/0000950137-09-003692-index.htm,https://www.sec.gov/Archives/edgar/data/1136869/000095013709003692/c51028e10vq.htm,4.4812641083521445,0.9128668171557562,0.8334085778781039,0.455079006772009,0.9607223476297968,25.08081264108352,8.774266365688488,25.08081264108352,2.981489841986456,7843314999.999999,8290914999.999999,9.6974715628091,7.901788232923634,42.48816359696641,77.81066468253967,1.4118362314144794,1.4118362314144794,8.352725166230101,22.62804312227074,44.912865655471286,82.25114087301587,0.025779915762659,0.0128517087481504,0.1188753285091982,0.0913176343699442,1.2216157205240177,3.1206651506537804,0.0,0.9129574678536104,0.0,0.0,0.0,0.0521861777150916,0.4994399811944302,0.4539544962080173,0.0844247430989321,1.0527638190954771,0.0172274833769897,22.696859610203344,0.0313879065620869,0.0558563535911602,-2.0135440180586905,1492100000.0,1943500000.0,519200000.0,6361200000.0,729200000.0,171350000.0,937650000.0,65.79085230707234,61.08119843682154,370.08250108554057,1.3679713340683572,1.473448496481126,0.2431890179514255,0.0363970191165352,0.3783295711060948,2009-04-23,0.94,bmo,982151578.0,2025-04-25,2009-03-31,0.0106382978723404,37.02967213114754,2824539.1639344264
2008-12-31,ZBH,USD,1136869,2009-02-27,2009-02-27 14:49:16,2008,Q4,1030200000.0,243100000.0,787100000.0,0.7640264026,47200000,0.0,0.0,504600000.0,-47500000.0,504300000.0,747400000.0,0.0,43000000.0,79100000.0,361900000.0,0.3512910115,239700000.0,0.2326732673,-4200000.0,235500000.0,0.2285963891,67900000.0,167500000.0,0.1625897884,0.76,0.75,221500000,222100000,https://www.sec.gov/Archives/edgar/data/1136869/000095015209001918/0000950152-09-001918-index.htm,https://www.sec.gov/Archives/edgar/data/1136869/000095015209001918/c48761e10vk.htm,4.651015801354402,0.7562076749435666,0.9340857787810384,-0.0663656884875846,0.9598194130925508,25.5255079006772,9.060948081264108,25.50925507900677,2.2713318284424378,8685015000.0,8932515000.0,12.96270895522388,8.430416423995341,41.97687288545191,-590.8173469387755,1.537089181105428,1.537089181105428,8.670661036691904,24.68227410886985,43.17310294828419,-607.6540816326531,0.0192860921944291,-0.0016925704791528,0.0814293046386917,0.0635585025556016,0.6838905775075987,2.8253144857995074,5.574418604651163,1.2352238805970148,0.0,0.0,0.0,0.0458163463405164,0.5037850531841415,1.071048815853069,0.2151038633275092,2.8015170670037928,0.0,20.83342568179455,0.0263747189328819,0.0466301049525347,-1.6196388261851016,1407500000.0,2007000000.0,593500000.0,6318500000.0,712200000.0,176000000.0,885650000.0,64.01863715783344,69.00863842040313,343.6733854380913,1.405840611353712,1.3041845493562232,0.2618765485295702,0.0296444436578588,1.000451467268623,2009-01-29,1.0,bmo,1030200000.0,2025-04-25,2008-12-31,0.0,42.99625,2643474.765625
2008-09-30,ZBH,USD,1136869,2008-11-10,2008-11-07 19:18:20,2008,Q3,952200000.0,237200000.0,715000000.0,0.7508926696,46700000,0.0,0.0,404900000.0,47500000.0,499100000.0,736300000.0,0.0,30800000.0,66800000.0,282700000.0,0.2968914094,210300000.0,0.2208569628,28200000.0,238500000.0,0.2504725898,23500000.0,214700000.0,0.2254778408,0.96,0.95,224700000,225600000,https://www.sec.gov/Archives/edgar/data/1136869/000095015208008981/0000950152-08-008981-index.htm,https://www.sec.gov/Archives/edgar/data/1136869/000095015208008981/c47409e10vq.htm,4.237650200267023,0.95549621717846,1.3702714730752117,0.7708055184690699,2.4138851802403205,25.032487761459723,10.066310636404094,25.016911437472185,1.6105919003115263,14072961000.0,13861661000.0,16.386773404750816,14.77941713925646,45.70627151672621,81.25266166281756,2.503506484265205,2.503506484265205,14.55750997689561,49.03311284046693,45.02000974342319,80.03268475750578,0.0152562065651997,0.0123072891341061,0.058900965968726,0.0467734644289992,-0.7474354439334984,2.7827072152653547,6.827922077922078,1.4340940847694457,0.0,0.0,0.0,0.0490443184204998,0.4750663954342544,0.4374797012016889,0.1414618777567738,2.0164670658682637,0.0,23.191166324483287,0.030379727954137,0.0577787346268737,0.1272808188696039,1494800000.0,2261900000.0,879300000.0,6045700000.0,737050000.0,174800000.0,821850000.0,65.36862003780719,62.83305227655987,319.8566610455312,1.3768074031231925,1.432367149758454,0.2813760379596678,0.0381940120612669,0.5994659546061415,2008-10-23,0.89,bmo,873668041.0,2025-04-25,2008-09-30,0.0898876404494381,67.6246875,1988682.5
2008-06-30,ZBH,USD,1136869,2008-08-05,2008-08-04 19:05:15,2008,Q2,1079500000.0,262300000.0,817200000.0,0.7570171376,50100000,0.0,0.0,446200000.0,0.0,496300000.0,758600000.0,0.0,18500000.0,67400000.0,388300000.0,0.3597035665,308400000.0,0.2856878184,6800000.0,315200000.0,0.291987031,87800000.0,227100000.0,0.2103751737,0.99,0.99,228400000,229500000,https://www.sec.gov/Archives/edgar/data/1136869/000095013708010120/0000950137-08-010120-index.htm,https://www.sec.gov/Archives/edgar/data/1136869/000095013708010120/c34146e10vq.htm,4.726357267950963,0.99430823117338,1.2285464098073555,0.6589316987740805,1.6992119089316988,24.11690017513135,9.041593695271454,24.10245183887916,1.52276707530648,15078968000.0,15020168000.0,16.59948040510788,13.96847429365447,53.73830363506771,100.1924784053156,2.7391404178019982,2.7391404178019982,13.91400463177397,38.68186453772856,53.52875267284391,99.801780730897,0.015060712377664,0.0099807891362326,0.0598183469573115,0.0474331643235768,-0.1514293072366726,2.733135289020918,16.67027027027027,1.2355790400704536,0.0,0.0,0.0,0.0464103751736915,0.4959668126296381,0.4636493228795438,0.1205187586845761,1.93026706231454,0.0,23.22107858679898,0.036269323080373,0.0649005486968449,-0.2573336252189142,1400200000.0,2065100000.0,774000000.0,5957100000.0,770900000.0,174350000.0,778650000.0,65.23853635942567,63.13381624094548,274.7350362180709,1.379552715654952,1.4255434782608696,0.3275883601848383,0.0412534059945504,0.569614711033275,2008-07-22,1.03,bmo,1079500000.0,2025-04-25,2008-06-30,0.0,70.696875,2162217.984375
2008-03-31,ZBH,USD,1136869,2008-05-12,2008-05-12 16:14:52,2008,Q1,1059200000.0,254700000.0,804500000.0,0.7595354985,50000000,0.0,0.0,415600000.0,0.0,465600000.0,720300000.0,0.0,13800000.0,61800000.0,400700000.0,0.3783043807,331600000.0,0.3130664653,1000000.0,332600000.0,0.314010574,93100000.0,239300000.0,0.2259252266,1.03,1.02,232500000,233900000,https://www.sec.gov/Archives/edgar/data/1136869/000095013708007246/0000950137-08-007246-index.htm,https://www.sec.gov/Archives/edgar/data/1136869/000095013708007246/c26397e10vq.htm,4.555698924731183,1.029247311827957,1.0438709677419356,0.5668817204301075,2.0473118279569893,24.55698924731183,9.729032258064516,24.54408602150537,0.5621505376344086,17560725000.0,17201625000.0,18.34593083994985,16.579234327794563,72.35568603213844,133.23767071320182,3.077319723122755,3.077319723122755,16.240204871601208,42.92893686049413,70.87608158220024,130.5130880121396,0.0136270000242017,0.0075053848858745,0.0204854113729957,0.0168950167649439,-0.8961816820564013,2.816269640141916,24.02898550724637,1.014208106978688,0.0,0.0,0.0,0.0472054380664652,0.4982512429182564,0.4569427276473012,0.1047016616314199,1.7944983818770226,0.0,23.841005171247332,0.0389526779469482,0.0689287668865397,0.920752688172043,1433400000.0,2262000000.0,1012900000.0,5919900000.0,716800000.0,169400000.0,742200000.0,64.51756042296073,58.197879858657245,267.3498233215548,1.3949690504411958,1.546448087431694,0.3366375892149088,0.0419346359414702,0.4769892473118279,2008-04-24,1.04,bmo,1059200000.0,2025-04-25,2008-03-31,0.0,71.94655737704917,2272963.819672131
2007-12-31,ZBH,USD,1136869,2008-02-29,2008-02-29 16:09:25,2007,Q4,1073500000.0,253900000.0,819600000.0,0.7634839311,50800000,0.0,0.0,401200000.0,0.0,452000000.0,705900000.0,0.0,30500000.0,62400000.0,430000000.0,0.4005589194,351900000.0,0.3278062413,1100000.0,353000000.0,0.3288309269,89000000.0,263800000.0,0.2457382394,1.13,1.13,232500000,233900000,https://www.sec.gov/Archives/edgar/data/1136869/000095013708003099/0000950137-08-003099-index.htm,https://www.sec.gov/Archives/edgar/data/1136869/000095013708003099/c23011e10vk.htm,4.617204301075269,1.1346236559139784,1.8146236559139783,1.3535483870967742,1.9952688172043007,23.451182795698926,8.977204301075268,23.439139784946235,0.5797849462365592,14919525000.0,14559925000.0,14.13904946929492,13.898020493712156,35.362704432329934,47.40872259294567,2.7377284571344687,2.7377284571344687,13.5630414531905,33.860290697674415,34.51036975586632,46.266047028916425,0.0176815280647339,0.0210931648293092,0.0191390193775689,0.0157227489937742,-0.8362790697674418,2.782126636387924,11.537704918032787,1.5993176648976497,0.0,0.0,0.0,0.047321844434094,0.5072885418393958,0.2540886465987201,0.0998602701443875,1.7179487179487178,0.0,24.461777443006383,0.0447192634127681,0.0807098057212788,0.654731182795699,1334100000.0,2087200000.0,901400000.0,5671200000.0,663200000.0,151550000.0,730000000.0,56.53190498369818,61.7132729421032,257.9834580543521,1.5920213554797569,1.4583572659391155,0.348859576806815,0.0484072225484439,0.4610752688172043,2008-01-29,1.04,bmo,946135593.0,2025-04-25,2007-12-31,0.1346153846153845,68.89859375,2344440.8125
2007-09-30,ZBH,USD,1136869,2007-11-09,2007-11-09 14:58:13,2007,Q3,903200000.0,199200000.0,704000000.0,0.7794508415,53000000,0.0,0.0,352600000.0,169500000.0,575100000.0,774300000.0,0.0,173400000.0,58200000.0,187100000.0,0.2071523472,126000000.0,0.1395039858,1900000.0,127800000.0,0.1414968999,83400000.0,44500000.0,0.0492692648,0.19,0.19,234900000,236800000,https://www.sec.gov/Archives/edgar/data/1136869/000095013707016923/0000950137-07-016923-index.htm,https://www.sec.gov/Archives/edgar/data/1136869/000095013707016923/c21204e10vq.htm,3.845040442741592,0.1894423158790975,0.7100893997445722,0.3661132396764581,1.3324819071945508,22.37420178799489,8.331204767986376,22.36355896126011,1.1775223499361431,18571194000.0,18361394000.0,104.33255056179776,20.56155225863596,111.33809352517986,215.94411627906976,3.5352154877027337,3.5352154877027337,20.32926705048716,98.13679315873864,110.08029976019183,213.50458139534885,0.0023961841118023,0.0046308277216855,0.019645168659103,0.0162080663399924,-1.1213254943880278,2.686130354870635,0.726643598615917,3.748314606741573,0.0,0.0,0.0,0.0586802480070859,0.5180770197260962,0.4844124700239808,0.0894596988485385,1.388316151202749,0.0,9.763380511928071,0.0077341733753818,0.0145021997718755,0.2412728820774797,1192600000.0,1957000000.0,788400000.0,5405300000.0,670900000.0,135150000.0,707550000.0,64.9789636846767,58.28313253012048,330.81325301204816,1.3850636405459285,1.544186046511628,0.2720568150778475,0.008471027183431,0.3439761600681141,2007-10-24,0.91,bmo,903200000.0,2025-04-25,2007-09-30,0.0,78.83349206349207,1779424.5555555555
2007-06-30,ZBH,USD,1136869,2007-08-07,2007-08-07 10:24:11,2007,Q2,970600000.0,216400000.0,754200000.0,0.7770451267,53500000,0.0,0.0,374300000.0,0.0,427800000.0,644200000.0,0.0,6600000.0,56000000.0,382400000.0,0.3939831032,322500000.0,0.3322686998,1200000.0,323800000.0,0.3336080775,92200000.0,231500000.0,0.2385122605,0.98,0.97,236900000,239200000,https://www.sec.gov/Archives/edgar/data/1136869/000095013707011494/0000950137-07-011494-index.htm,https://www.sec.gov/Archives/edgar/data/1136869/000095013707011494/c17407e10vq.htm,4.097087378640777,0.977205571971296,1.192486281131279,0.8125791473195441,1.514140987758548,22.31279020683833,8.56775010552976,22.301815111861544,0.429717180244829,19508715000.0,19245215000.0,21.06772678185745,20.099644549763035,69.05739823008848,101.34397402597402,3.692524558514565,3.692524558514565,19.828162991963733,50.32744508368201,68.12465486725664,99.97514285714286,0.0118664914629179,0.0098673849097698,0.018019041129597,0.0150613846348563,-0.6890690376569037,3.0320423082905585,48.86363636363637,1.2203023758099352,0.0,0.0,0.0,0.0551205439934061,0.5151563093279332,0.3185840707964602,0.0927261487739542,1.6071428571428572,0.0,22.143911236018287,0.0406259650169271,0.0755400378515956,0.7704727733220769,1306400000.0,2029700000.0,914400000.0,5428500000.0,691100000.0,134950000.0,670850000.0,63.953224809396254,58.766173752310536,284.01571164510165,1.4072785268957515,1.5314932767162066,0.3168838775809049,0.043817311150228,0.3799071338117349,2007-07-25,0.98,bmo,970600000.0,2025-04-25,2007-06-30,0.0,85.4547619047619,1527181.9523809524
2007-03-31,ZBH,USD,1136869,2007-05-08,2007-05-08 16:53:38,2007,Q1,950200000.0,206400000.0,743800000.0,0.7827825721,52300000,0.0,0.0,361600000.0,0.0,413900000.0,620300000.0,0.0,5900000.0,53400000.0,383300000.0,0.4033887603,327200000.0,0.3443485582,-500000.0,327000000.0,0.3441380762,93300000.0,233400000.0,0.2456324984,0.99,0.98,236900000,239200000,https://www.sec.gov/Archives/edgar/data/1136869/000095013707007003/0000950137-07-007003-index.htm,https://www.sec.gov/Archives/edgar/data/1136869/000095013707007003/c14902e10vq.htm,4.010975094976783,0.9852258336850992,0.8999577880962432,0.6753904601097509,1.3761080624736175,21.608273533136344,8.205571971295905,21.598142676234698,0.4470240607851414,19629534000.0,19403534000.0,21.025636246786632,20.65831824878973,92.07098499061914,122.6845875,3.8364409959738888,3.8364409959738888,20.420473584508525,50.62231672319332,91.010947467167,121.2720875,0.0118902466049372,0.0081509831053554,0.0195442285892975,0.0163990882106954,-0.5896164883902948,3.150108532309233,55.45762711864407,0.913453299057412,0.0,0.0,0.0,0.0550410439907387,0.5206874497777924,0.24953095684803,0.0559882130077878,0.99625468164794,0.0219953693959166,21.881009638393486,0.0425246291652694,0.0798549336252908,0.8268256648374842,1287700000.0,1943900000.0,907700000.0,5283400000.0,659000000.0,143300000.0,648550000.0,65.59145443064618,56.075581395348834,287.2674418604651,1.372129963898917,1.6049766718507,0.3132969034608379,0.0456162295274205,0.2245673279864922,2007-04-25,0.93,bmo,901720408.0,2025-04-25,2007-03-31,0.0537634408602149,80.64557377049181,1579665.163934426
2006-12-31,ZBH,USD,1136869,2007-02-28,2007-02-27 21:21:28,2006,Q4,933600000.0,207500000.0,726100000.0,0.7777420737,45600000,0.0,0.0,345600000.0,0.0,391200000.0,598700000.0,0.0,0.0,52600000.0,387500000.0,0.4150599829,338300000.0,0.3623607541,1500000.0,339800000.0,0.3639674379,95000000.0,244700000.0,0.2621036847,1.03,1.02,236900000,239200000,https://www.sec.gov/Archives/edgar/data/1136869/000095013707002904/0000950137-07-002904-index.htm,https://www.sec.gov/Archives/edgar/data/1136869/000095013707002904/c12593e10vk.htm,3.940903334740397,1.0329252849303503,1.0430561418319966,0.6593499366821444,1.1215702828197551,20.78176445757704,7.154917686787674,20.770367243562685,0.4204305614183199,18013876000.0,17847776000.0,18.404041683694324,19.29506855184233,72.90115742614327,115.32571062740077,3.6609848592622702,3.6609848592622702,19.11715509854327,46.05877677419355,72.22895993524888,114.26233034571062,0.0135839727108147,0.0086710933282764,0.0202418453409206,0.0166711301553294,-0.4286451612903226,2.7796879974530406,0.0,1.009807928075194,0.0,0.0,0.0,0.0488431876606683,0.5403387787895019,0.367867260218535,0.0973650385604113,1.7281368821292775,0.0,21.970897656245462,0.045587401206831,0.0891049450149297,0.0117138032925284,1118000000.0,1695000000.0,695000000.0,5153300000.0,607450000.0,142200000.0,634600000.0,60.298843187660665,68.53012048192771,276.8530120481928,1.492565947242206,1.3132911392405062,0.3250822497258342,0.0497307184229245,0.3837062051498522,2007-01-29,0.99,bmo,906141176.0,2025-04-25,2006-12-31,0.0303030303030303,71.39904761904762,1412268.380952381
2006-09-30,ZBH,USD,1136869,2006-11-08,2006-11-08 11:06:32,2006,Q3,819800000.0,183200000.0,636600000.0,0.7765308612,46700000,0.0,0.0,330400000.0,0.0,377100000.0,560300000.0,0.0,9300000.0,51300000.0,310800000.0,0.3791168578,254500000.0,0.3104415711,700000.0,255100000.0,0.3111734569,71900000.0,183300000.0,0.2235911198,0.76,0.76,240400000,242600000,https://www.sec.gov/Archives/edgar/data/1136869/000095013706012010/0000950137-06-012010-index.htm,https://www.sec.gov/Archives/edgar/data/1136869/000095013706012010/c09720e10vq.htm,3.410149750415973,0.7624792013311148,1.1884359400998337,0.928036605657238,1.1464226289517472,19.994176372712147,6.418053244592346,19.983361064891845,0.4584026622296173,15741392000.000002,15566692000.000002,21.46943807965085,19.20150280556233,55.09762688134407,70.55756163155536,3.276726061615321,3.276726061615321,18.98840204928031,50.0858815958816,54.48614630731537,69.77450470640969,0.0116444593972375,0.0141728253765613,0.0210033305578684,0.017077092324617,-0.5620978120978121,2.5137006482027107,27.365591397849464,1.558647026732133,0.0,0.0,0.0,0.056965113442303,0.5523736989083524,0.2191109555477773,0.076360087826299,1.2202729044834308,0.0,18.515674080493955,0.0349482972546955,0.0693058076225045,-0.2861896838602329,1027500000.0,1542900000.0,604400000.0,5042300000.0,614300000.0,123900000.0,618500000.0,64.70602585996585,62.09606986899564,309.93995633187774,1.3909060061079064,1.4493670886075949,0.2903788239023617,0.0381557035803497,0.2603993344425956,2006-10-25,0.75,bmo,798506493.0,2025-04-25,2006-09-30,0.0266666666666666,62.17714285714285,2016295.9682539685
2006-06-30,ZBH,USD,1136869,2006-08-04,2006-08-04 13:54:14,2006,Q2,881600000.0,200000000.0,681600000.0,0.7731397459,48600000,0.0,0.0,344800000.0,0.0,393400000.0,593400000.0,0.0,11600000.0,47300000.0,335500000.0,0.3805580762,281900000.0,0.3197595281,1000000.0,283100000.0,0.3211206897,82000000.0,200900000.0,0.2278811252,0.82,0.81,245500000,247700000,https://www.sec.gov/Archives/edgar/data/1136869/000095013706008667/0000950137-06-008667-index.htm,https://www.sec.gov/Archives/edgar/data/1136869/000095013706008667/c07363e10vq.htm,3.5910386965376784,0.8183299389002037,1.2431771894093686,0.9951120162932792,1.3678207739307535,19.95315682281059,6.664358452138493,19.942158859470467,0.3837067209775967,13509865000.0,13256665000.0,16.81167869586859,15.324257032667877,44.2656127129751,55.30030699959067,2.759480575186895,2.759480575186895,15.037051950998183,39.51315946348733,43.43599279161206,54.26387638149816,0.0148706149173215,0.018083082251377,0.016871604232199,0.01385069421155,-0.7546944858420268,2.8383214568487727,24.30172413793104,1.519163763066202,0.0,0.0,0.0,0.0551270417422867,0.5470521161714401,0.1995412844036697,0.069078947368421,1.2875264270613107,0.0,19.162032171006658,0.0375551059358032,0.0743743521397897,0.2164969450101833,1160900000.0,1636100000.0,727300000.0,5148300000.0,615650000.0,121700000.0,602800000.0,65.2540834845735,54.63,272.745,1.379224030037547,1.6474464579901154,0.3299785513941594,0.0410351730054332,0.2480651731160896,2006-07-26,0.82,bmo,870978313.0,2025-04-25,2006-06-30,0.0121951219512195,61.24793650793651,2344909.1587301586
2006-03-31,ZBH,USD,1136869,2006-05-05,2006-05-05 17:11:47,2006,Q1,860400000.0,189400000.0,671000000.0,0.779869828,47400000,0.0,0.0,334900000.0,0.0,382300000.0,571700000.0,0.0,0.0,46200000.0,334900000.0,0.3892375639,290500000.0,0.3376336588,200000.0,291000000.0,0.3382147838,85100000.0,205600000.0,0.2389586239,0.83,0.82,247800000,250100000,https://www.sec.gov/Archives/edgar/data/1136869/000095013706005468/0000950137-06-005468-index.htm,https://www.sec.gov/Archives/edgar/data/1136869/000095013706005468/c04927e10vq.htm,3.4721549636803872,0.8297013720742534,0.817998385794996,0.6004842615012107,1.6295399515738498,19.88135593220339,6.990718321226796,19.87126715092817,0.3288942695722356,16250724000.0,15928424000.0,19.760121595330737,18.887405857740585,80.17130735076468,109.21185483870968,3.300242480859446,3.300242480859446,18.512812645281265,47.56173186025679,78.5812728169709,107.04586021505376,0.0126517440084515,0.0091565151189571,0.0165512479437866,0.0137734063408368,-0.9623768289041504,3.2053352053352056,0.0,0.9858949416342412,0.0,0.0,0.0,0.0550906555090655,0.5398330291354019,0.2659102121361618,0.0626452812645281,1.1666666666666667,0.0211529521152952,19.26038411998916,0.0384385346021003,0.0755077307282676,0.6336763518966909,1256600000.0,1732300000.0,835800000.0,5151900000.0,558150000.0,122800000.0,591600000.0,61.93514644351465,57.97254487856389,284.87328405491024,1.4531329167370377,1.5524590163934426,0.315929941618015,0.0417538230336508,0.2175141242937853,2006-04-26,0.81,bmo,849907317.0,2025-04-25,2006-03-31,0.0123456790123455,66.67467741935484,1557339.5
2005-12-31,ZBH,USD,1136869,2006-03-02,2006-03-02 14:52:53,2005,Q4,848300000.0,185800000.0,662500000.0,0.7809737121,45900000,0.0,0.0,313700000.0,0.0,359600000.0,545400000.0,0.0,44900000.0,49700000.0,352600000.0,0.4156548391,281000000.0,0.3312507368,-800000.0,280200000.0,0.3303076742,80300000.0,199600000.0,0.2352941176,0.81,0.8,247800000,250100000,https://www.sec.gov/Archives/edgar/data/1136869/000095013706002478/0000950137-06-002478-index.htm,https://www.sec.gov/Archives/edgar/data/1136869/000095013706002478/c02799e10vk.htm,3.423325262308313,0.8054882970137207,1.0108958837772395,0.8502824858757062,0.9410815173527038,18.906779661016948,6.052058111380146,18.897497982243745,0.5104923325262308,16213554000.000002,16061954000.000002,20.307557615230465,19.112995402569847,64.72476646706588,76.95089700996678,3.4623631160843944,3.4623631160843944,18.93428504066957,45.55290414066932,64.1195768463074,76.23139060275274,0.0123106877122683,0.0129953001050849,0.017425471939865,0.0142609972212027,-0.4299489506522972,2.5961443400889768,6.258351893095768,1.2550100200400802,0.0,0.0,0.0,0.0541082164328657,0.5567031929953338,0.1588822355289421,0.0469173641400448,0.8008048289738431,0.0,18.506446255821217,0.0391927146019844,0.0786911097969643,-0.4786117836965294,968700000.0,1499700000.0,538800000.0,4862900000.0,532650000.0,116400000.0,585150000.0,55.61475892962395,59.87082884822389,282.7395048439182,1.618275467378863,1.5032362459546926,0.3183142025012849,0.0426240710685914,0.1606133979015335,2006-01-30,0.83,bmo,817638554.0,2025-04-25,2005-12-31,0.036144578313253,64.1295238095238,2417493.73015873
2005-09-30,ZBH,USD,1136869,2005-11-08,2005-11-08 08:20:10,2005,Q3,762500000.0,174500000.0,588000000.0,0.771147541,43900000,0.0,0.0,295800000.0,0.0,339700000.0,514200000.0,0.0,17700000.0,45600000.0,293900000.0,0.385442623,240600000.0,0.3155409836,-2300000.0,238500000.0,0.3127868852,69700000.0,168600000.0,0.2211147541,0.68,0.67,247400000,250200000,https://www.sec.gov/Archives/edgar/data/1136869/000095013705013451/0000950137-05-013451-index.htm,https://www.sec.gov/Archives/edgar/data/1136869/000095013705013451/c99678e10vq.htm,3.082053354890865,0.6814874696847211,0.9361358124494744,1.2081649151172191,0.3710590137429264,18.22312045270817,5.140258690379952,18.21503637833468,0.4183508488278092,16533742000.0,16527742000.0,24.516224792408067,21.68359606557377,71.38921416234888,55.315296085647375,3.668946831173442,3.668946831173442,21.67572721311475,56.235937393671314,71.36330742659759,55.2952224824356,0.0101973285902247,0.0180781821804162,0.0190395881413101,0.0152625587021488,-0.0204151071793126,2.2890922959572846,13.59322033898305,1.3736654804270465,0.0,0.0,0.0,0.0575737704918032,0.5757613490821119,0.290587219343696,0.0882622950819672,1.475877192982456,0.0,16.712261327030074,0.0342897423145277,0.0706947880414273,-1.302647534357316,845000000.0,1271700000.0,387300000.0,4785400000.0,557250000.0,125500000.0,577300000.0,63.86754098360656,56.32091690544412,302.54441260744983,1.4091665126593975,1.597985347985348,0.2974769860211387,0.0374134564175395,0.2720291026677445,2005-10-26,0.67,bmo,729821428.0,2025-04-25,2005-09-30,0.0447761194029849,75.94125,1697451.859375
2005-06-30,ZBH,USD,1136869,2005-08-09,2005-08-09 15:12:55,2005,Q2,846800000.0,188800000.0,658000000.0,0.7770429854,43600000,0.0,0.0,328500000.0,0.0,372100000.0,560900000.0,0.0,24600000.0,45300000.0,331200000.0,0.3911195087,275800000.0,0.3256967407,-4400000.0,271600000.0,0.3207368918,80700000.0,190700000.0,0.2252007558,0.77,0.76,247000000,249900000,https://www.sec.gov/Archives/edgar/data/1136869/000095013705009889/0000950137-05-009889-index.htm,https://www.sec.gov/Archives/edgar/data/1136869/000095013705009889/c97297e10vq.htm,3.42834008097166,0.7720647773279352,0.9862348178137652,0.6955465587044535,0.3190283400809716,17.434817813765182,4.4255060728744935,17.42753036437247,1.1850202429149796,18250830000.0,18440130000.0,23.92610120608285,21.552704298535662,74.92130541871921,106.23300349243306,4.239843423314594,4.239843423314594,21.776251771374582,55.67672101449275,75.69839901477833,107.33486612339932,0.0104488398609816,0.0094132705197517,0.0622822097291269,0.0482932540754751,0.5715579710144928,2.4306890373024923,11.211382113821138,1.2773990561090718,0.0,0.0,0.0,0.0514879546528105,0.5788165360713321,0.2947454844006568,0.0847897968823807,1.5849889624724065,0.0,17.399471339045444,0.0392603819377167,0.0815584637755538,-1.8309716599190284,878300000.0,1093100000.0,247100000.0,4768200000.0,572000000.0,132350000.0,559950000.0,60.94237128011337,67.59533898305084,270.76271186440675,1.4768050226717824,1.3314527503526092,0.3323943661971831,0.0443014449658504,0.2906882591093117,2005-07-27,0.75,bmo,793875000.0,2025-04-25,2005-06-30,0.0666666666666667,75.92390625,1772044.453125
2005-03-31,ZBH,USD,1136869,2005-05-05,2005-05-05 17:05:20,2005,Q1,828500000.0,190300000.0,638200000.0,0.7703077852,42100000,0.0,0.0,321600000.0,0.0,363700000.0,554000000.0,0.0,41200000.0,45100000.0,319600000.0,0.3857573929,257600000.0,0.3109233555,-7400000.0,250400000.0,0.3022329511,76600000.0,173600000.0,0.2095353048,0.71,0.7,246100000,249200000,https://www.sec.gov/Archives/edgar/data/1136869/000095013705005453/0000950137-05-005453-index.htm,https://www.sec.gov/Archives/edgar/data/1136869/000095013705005453/c94805e10vq.htm,3.3665176757415685,0.7054043071921983,0.6196668021129622,0.3718000812677773,0.2316131653799268,16.883787078423406,3.539211702559935,16.8772856562373,1.8996342950020315,18578089000.0,18947389000.0,26.75416042626728,22.42376463488232,121.8235344262295,203.03922404371585,4.472875647044661,4.472875647044661,22.86950995775498,59.28469649561953,124.2451737704918,207.07528961748636,0.0093443410675877,0.0049251567262919,0.1026363308053448,0.0762420860607361,1.1555068836045057,2.4317434210526314,6.252427184466019,0.8784562211981567,0.0,0.0,0.0,0.0508147254073627,0.5873484279429123,0.4,0.0736270368135184,1.352549889135255,0.0,16.3667185135419,0.0358786057891112,0.0752394573744203,-2.7444128403088177,870500000.0,871000000.0,42200000.0,4797700000.0,547700000.0,127250000.0,543950000.0,61.984308992154496,58.12401471361009,261.0141881240147,1.4519803715387312,1.548413344182262,0.3448088421815546,0.0417960755988925,0.2478667208451848,2005-04-25,0.67,bmo,740126666.0,2025-04-25,2005-03-31,0.1194029850746268,79.65803278688526,2126277.2786885244
2004-12-31,ZBH,USD,1136869,2005-03-14,2005-03-11 17:58:11,2004,Q4,801100000.0,189400000.0,611700000.0,0.7635750843,47300000,0.0,0.0,308700000.0,0.0,356000000.0,545400000.0,0.0,34400000.0,46700000.0,302400000.0,0.3774809637,241600000.0,0.3015853202,-5900000.0,235700000.0,0.2942204469,35400000.0,200000000.0,0.249656722,0.81,0.8,246100000,249200000,https://www.sec.gov/Archives/edgar/data/1136869/000095013705002914/0000950137-05-002914-index.htm,https://www.sec.gov/Archives/edgar/data/1136869/000095013705002914/c92811e10vk.htm,3.255180820804551,0.8126777732629012,1.0479479886225112,1.3140999593661111,0.6281999187322227,16.048760666395776,2.5432750914262496,16.01991060544494,2.78707842340512,19129353000.0,19626253000.0,23.91169125,23.878857820496812,74.17352849941838,59.15075139146568,4.852087000634116,4.852087000634116,24.499129946323805,64.90163029100529,76.10024428072896,60.68723871366728,0.0104551366687623,0.0169059559933888,0.1652504755865567,0.1143885523659029,1.6431878306878307,2.226676176890157,7.023255813953488,1.2895,0.0,0.0,0.0,0.0590438147547122,0.5835659731366869,0.253974408685537,0.0817625764573711,1.4025695931477515,0.0386967919111222,17.115141506012563,0.0408828899976294,0.0843241420018551,-3.777732629012597,859900000.0,625900000.0,-185000000.0,4812100000.0,507100000.0,127250000.0,521200000.0,58.9589314692298,62.53431890179514,254.69904963041185,1.5264862804878048,1.439209726443769,0.3533582089552239,0.0507292327203551,0.2661519707436001,2005-01-31,0.64,bmo,713479687.0,2025-04-25,2004-12-31,0.1093749999999999,76.0303125,1727837.71875
2004-09-30,ZBH,USD,1136869,2004-11-08,2004-11-08 16:52:58,2004,Q3,700200000.0,169100000.0,531100000.0,0.7584975721,41400000,0.0,0.0,286200000.0,0.0,327600000.0,496700000.0,0.0,30700000.0,47300000.0,250800000.0,0.3581833762,192000000.0,0.2742073693,-7700000.0,184300000.0,0.2632105113,56400000.0,127900000.0,0.1826620965,0.52,0.52,245000000,248200000,https://www.sec.gov/Archives/edgar/data/1136869/000095013704009597/0000950137-04-009597-index.htm,https://www.sec.gov/Archives/edgar/data/1136869/000095013704009597/c89379e10vq.htm,2.857959183673469,0.5220408163265307,0.8408163265306122,0.2869387755102041,0.1848979591836734,14.846938775510203,1.5612244897959184,14.819183673469388,2.9024489795918367,18786600000.0,19421700000.0,36.72126661454261,26.83033419023136,91.1970873786408,267.2347083926031,5.174374087641502,5.174374087641502,27.737360754070263,77.43899521531101,94.28009708737864,276.2688477951636,0.006808044031384,0.0037420288929343,0.1874018784256479,0.1277338689995682,2.5322966507177034,2.2099728629579376,6.254071661237785,1.6106333072713055,0.0,0.0,0.0,0.0591259640102827,0.6110725214485516,0.6587378640776699,0.1938017709225935,2.86892177589852,0.0,13.19336657943271,0.0280536517865147,0.0617367379446831,-4.1781632653061225,713400000.0,382500000.0,-386200000.0,4552500000.0,510250000.0,114950000.0,505200000.0,62.90488431876607,65.41099940863394,269.52099349497337,1.4307315079689416,1.375915378356387,0.3339257503949447,0.0352273666235161,0.5538775510204081,2004-10-25,0.53,bmo,662689285.0,2025-04-25,2004-09-30,0.0566037735849057,74.29046875,1675919.328125
2004-06-30,ZBH,USD,1136869,2004-08-05,2004-08-05 17:23:17,2004,Q2,737400000.0,201900000.0,535500000.0,0.7262001627,38200000,0.0,0.0,297300000.0,0.0,335500000.0,537400000.0,0.0,56100000.0,45600000.0,245600000.0,0.3330621101,175800000.0,0.2384052075,-8100000.0,167500000.0,0.227149444,51400000.0,116300000.0,0.1577163005,0.48,0.47,244300000,247900000,https://www.sec.gov/Archives/edgar/data/1136869/000095013704006282/0000950137-04-006282-index.htm,https://www.sec.gov/Archives/edgar/data/1136869/000095013704006282/c87084e10vq.htm,3.018419975440033,0.4760540319279574,0.8362668849774867,0.9181334424887434,0.3147769136307818,14.3061809250921,1.176013098649202,14.278346295538272,3.78632828489562,20902308000.0,21694308000.0,44.93187446259673,28.345956061838898,102.31183553597651,93.1890682122158,5.992290579668597,5.992290579668597,29.42,88.33187296416938,106.18848751835536,96.72005349977708,0.0055639788677881,0.0107308723993541,0.2490969554498021,0.1637178979895615,3.224755700325733,2.457623982235382,3.1336898395721926,1.7566638005159072,0.0,0.0,0.0,0.0518036343911038,0.6043939479584723,0.0978952520802741,0.027122321670735,0.4385964912280701,0.0,12.366828505046422,0.025562318262471,0.0553915031434558,-4.44156774457634,787700000.0,287300000.0,-484200000.0,4556400000.0,528800000.0,116150000.0,503900000.0,64.82099267697315,47.69687964338781,224.665676077266,1.3884390886838638,1.8869158878504677,0.4005952380952381,0.0333409781549223,0.0818665575112566,2004-07-28,0.55,bmo,699258620.0,2025-04-25,2004-06-30,0.0545454545454543,80.64774193548386,1293314.0483870967
2004-03-31,ZBH,USD,1136869,2004-05-06,2004-05-06 16:30:17,2004,Q1,742200000.0,219500000.0,522700000.0,0.7042576125,39800000,0.0,0.0,297800000.0,0.0,337600000.0,557100000.0,0.0,72400000.0,41700000.0,226800000.0,0.3055780113,153800000.0,0.2072217731,-9800000.0,144000000.0,0.194017785,46400000.0,97600000.0,0.1315009431,0.4,0.4,242900000,246400000,https://www.sec.gov/Archives/edgar/data/1136869/000095013704003657/0000950137-04-003657-index.htm,https://www.sec.gov/Archives/edgar/data/1136869/000095013704003657/c85155e10vq.htm,3.055578427336352,0.4018114450391107,0.7986825854261013,0.5903664059283655,0.4475092630712227,13.667352820090573,1.2721284479209551,13.638534376286538,4.249073692877728,17386782000.0,18237782000.0,44.53581454918032,23.42600646725949,89.62258762886597,121.24673640167364,5.248364525476938,5.248364525476938,24.572597682565345,80.41350088183421,94.0091855670103,127.18118549511856,0.005613459695992,0.0082476446762833,0.289694518232311,0.1849132947976878,3.752204585537919,2.4054770318021204,2.124309392265193,1.9877049180327868,0.0,0.0,0.0,0.0536243600107787,0.5801156069364162,0.2608247422680412,0.0681756938830503,1.2134292565947242,0.0,11.104174086076991,0.0225437331795463,0.0447870778267254,-4.589234252778922,795500000.0,309000000.0,-508700000.0,4353300000.0,506450000.0,126450000.0,515750000.0,63.84397736459175,51.375854214123,206.56947608200457,1.4096866096866096,1.7517956903431764,0.4356887653830885,0.0294614827336392,0.2083161794977357,2004-04-26,0.51,bmo,675932142.0,2025-04-25,2004-03-31,0.0980392156862745,73.13322580645162,1143211.5967741937
2003-12-31,ZBH,USD,1136869,2004-03-15,2004-03-15 17:04:49,2003,Q4,701600000.0,224100000.0,477500000.0,0.6805872292,37300000,0.0,0.0,287100000.0,0.0,324400000.0,548500000.0,0.0,184900000.0,40600000.0,193700000.0,0.2760832383,65500000.0,0.0933580388,-10200000.0,55300000.0,0.0788198404,18800000.0,37000000.0,0.0527366021,0.15,0.15,242900000,246400000,https://www.sec.gov/Archives/edgar/data/1136869/000095013704001881/0000950137-04-001881-index.htm,https://www.sec.gov/Archives/edgar/data/1136869/000095013704001881/c83286e10vk.htm,2.888431453272952,0.1523260601070399,0.6957595718402635,0.4837381638534376,0.3190613421160971,12.969534787978592,0.4034582132564842,12.940716344174556,5.327295183202964,16590070000.0,17621670000.0,112.09506756756755,23.64605188141391,98.1660946745562,141.192085106383,5.27791493016893,5.27791493016893,25.11640535917902,90.9740320082602,104.27023668639052,149.97165957446808,0.0022302497819478,0.0070825499832128,0.3528457353736519,0.2151086113266097,5.3257614868353125,2.074538974120564,0.3542455381287182,4.567567567567568,0.0,0.0,0.0,0.053164196123147,0.591989914662529,0.3047337278106509,0.0734036488027366,1.2684729064039408,0.0842360319270239,6.659743805327272,0.009373887445127,0.0175880591339069,-5.35014409221902,693400000.0,98000000.0,-667000000.0,4270900000.0,370550000.0,98700000.0,410850000.0,62.394526795895096,51.24497991967871,211.9277108433735,1.4424342105263157,1.756269592476489,0.4246731097214326,0.0117710686221486,0.2120214079868258,2004-02-09,0.48,bmo,660329411.0,2025-04-25,2003-12-31,0.0625,61.7434375,1301043.546875
2003-09-30,ZBH,USD,1136869,2003-11-14,2003-11-14 15:45:09,2003,Q3,398200000.0,96800000.0,301400000.0,0.7569060773,24400000,0.0,0.0,146800000.0,-271260000.0,-100060000.0,-3260000.0,0.0,275360000.0,21300000.0,422760000.0,1.061677549,128500000.0,0.3227021597,-700000.0,127800000.0,0.3209442491,42800000.0,85000000.0,0.2134605726,0.43,0.43,196800000,199600000,https://www.sec.gov/Archives/edgar/data/1136869/000095013703005978/0000950137-03-005978-index.htm,https://www.sec.gov/Archives/edgar/data/1136869/000095013703005978/c80942e10vq.htm,2.023373983739837,0.431910569105691,0.5025406504065041,0.0274390243902439,0.899390243902439,3.7860772357723578,3.725609756097561,3.7860772357723578,1.805691056910569,10518960000.0,10421960000.0,30.938117647058828,26.41627322953289,106.35955510616785,1947.9555555555555,14.117514427593612,14.117514427593612,26.172677046710195,24.65219036805753,105.37876643073812,1929.9925925925927,0.008080646755953,0.000513358735084,0.1073681385048986,0.0642880102860816,-0.229444602138329,2.032967032967033,0.4666618245206275,1.163529411764706,0.0,0.0,0.0,0.0612757408337518,0.0095628415300546,0.9453993933265924,0.2348066298342541,4.389671361502347,0.0,6.065727689697433,0.0924952069318266,0.0689655172413793,0.0799034552845528,413600000.0,733200000.0,314700000.0,763400000.0,256900000.0,68850000.0,287400000.0,57.566549472626825,64.89669421487604,273.34710743801656,1.563407930899097,1.3868194842406876,0.3292517006802721,0.1140786471614548,0.4751016260162601,2003-10-22,0.41,bmo,379679069.0,2025-04-25,2003-09-30,0.048780487804878,48.03453125,1896650.65625
2003-06-30,ZBH,USD,1136869,2003-08-08,2003-08-08 12:56:54,2003,Q2,411100000.0,98400000.0,312700000.0,0.7606421795,22700000,0.0,0.0,155300000.0,0.0,178000000.0,276400000.0,0.0,900000.0,21800000.0,134700000.0,0.3276575043,134700000.0,0.3276575043,-900000.0,133800000.0,0.3254682559,44800000.0,89000000.0,0.2164923376,0.45,0.45,196500000,199100000,https://www.sec.gov/Archives/edgar/data/1136869/000095013703004167/0000950137-03-004167-index.htm,https://www.sec.gov/Archives/edgar/data/1136869/000095013703004167/c78778e10vq.htm,2.092111959287532,0.4529262086513995,0.6213740458015267,0.7206106870229008,0.5852417302798982,3.298727735368957,3.238167938931298,3.298727735368957,0.3913486005089058,8587050000.000001,8548050000.000001,24.12092696629213,20.887983459012407,70.32800982800984,60.64300847457628,13.247531626041344,13.247531626041344,20.79311603016298,63.45991091314032,70.00859950859952,60.36758474576272,0.0103644441338993,0.0164899470714622,0.1172477630360999,0.0665033251662583,-0.289532293986637,1.895529884480161,149.66666666666666,1.3719101123595503,0.0,0.0,0.0,0.0552177085867185,0.0104130206510325,0.1597051597051597,0.0474337144247141,0.8944954128440367,0.0,5.798000133447935,0.1091867593328298,0.0786983818197895,-0.2283715012722646,356600000.0,636300000.0,260200000.0,688400000.0,248250000.0,66350000.0,273350000.0,56.72342495743128,62.10365853658537,256.82926829268297,1.5866460825935933,1.4491899852724597,0.3504273504273504,0.1373033014501697,0.099236641221374,2003-07-23,0.42,bmo,383693333.0,2025-04-25,2003-06-30,0.0714285714285715,44.7252380952381,2025845.396825397
2003-03-31,ZBH,USD,1136869,2003-05-13,2003-05-13 16:30:07,2003,Q1,390100000.0,96900000.0,293200000.0,0.7516021533,21400000,0.0,0.0,149800000.0,0.0,171200000.0,268100000.0,0.0,0.0,19600000.0,122000000.0,0.312740323,122000000.0,0.312740323,-1400000.0,120600000.0,0.3091514996,40400000.0,135300000.0,0.3468341451,0.69,0.68,195700000,198000000,https://www.sec.gov/Archives/edgar/data/1136869/000095013703002883/0000950137-03-002883-index.htm,https://www.sec.gov/Archives/edgar/data/1136869/000095013703002883/c77048e10vq.htm,1.9933571793561573,0.6913643331630046,0.5355135411343894,0.3668880940214614,0.1706693919264179,2.773122125702606,2.773122125702606,2.773122125702606,0.3929483903934593,9233126000.0,9276626000.0,17.060469327420545,23.66861317610869,88.10234732824426,128.595069637883,17.013314906946746,17.013314906946746,23.78012304537298,76.03791803278689,88.51742366412213,129.2009192200557,0.014653758651187,0.0077763479021081,0.1416989128431914,0.0785655905190028,0.3565573770491803,1.6769769477677268,0.0,0.7745750184774575,0.0,0.0,0.0,0.0548577287874903,0.0,0.3148854961832061,0.0845936939246347,1.683673469387755,0.0,6.567940994509543,0.1137882350752083,0.138230486309767,-0.4685743484925907,232000000.0,542700000.0,138600000.0,543000000.0,226100000.0,62300000.0,261750000.0,54.77057164829531,60.18575851393189,246.9659442724458,1.643218197135636,1.4953703703703705,0.3644227153065062,0.2493090105030403,0.1686254471129279,2003-04-23,0.38,bmo,361556097.0,2025-04-25,2003-03-31,0.0789473684210525,41.7688524590164,1248585.8196721312
2002-12-31,ZBH,USD,1136869,2003-03-12,2003-03-12 16:41:32,2002,Q4,370200000.0,93700000.0,276500000.0,0.746893571,21800000,0.0,0.0,143600000.0,0.0,165400000.0,259100000.0,0.0,2100000.0,6600000.0,117700000.0,0.3179362507,111100000.0,0.3001080497,-2100000.0,109000000.0,0.2944354403,36800000.0,72200000.0,0.1950297137,0.37,0.36,195700000,198000000,https://www.sec.gov/Archives/edgar/data/1136869/000095013703001382/0000950137-03-001382-index.htm,https://www.sec.gov/Archives/edgar/data/1136869/000095013703001382/c75212e10vk.htm,1.891670924885028,0.3689320388349514,0.4251405212059274,0.3740419008686765,0.0802248339294839,1.8717424629535,1.8717424629535,1.8717424629535,0.8114460909555442,7882796000.0,8023796000.0,27.295,21.29334413830362,94.74514423076924,107.6884699453552,21.5200546000546,21.5200546000546,21.67421934089681,68.17158878504672,96.43985576923076,109.6146994535519,0.0091591866642242,0.0092860452052799,0.4277914277914278,0.1824426592152753,1.1979609175870858,1.5279441117764472,52.90476190476191,1.1523545706371192,0.0,0.0,0.0,0.0588870880605078,0.0,0.1201923076923077,0.0270124257158292,1.5151515151515151,0.0594273365748244,3.941735616223675,0.1196991040571111,0.0840610082663872,-0.9555442003065916,211600000.0,366300000.0,119800000.0,369400000.0,209750000.0,58550000.0,255400000.0,52.22042139384117,57.43863393810032,247.42796157950903,1.723463687150838,1.5668896321070234,0.3637422360248447,0.1971061971061971,0.0510986203372508,2003-01-29,0.34,bmo,337535294.0,2025-04-25,2002-12-31,0.0882352941176469,38.790625,1311953.0
2002-09-30,ZBH,USD,1136869,2002-11-12,2002-11-12 16:49:24,2002,Q3,337500000.0,85100000.0,252400000.0,0.7478518519,20600000,0.0,0.0,133700000.0,0.0,154300000.0,239400000.0,0.0,3000000.0,6400000.0,98100000.0,0.2906666667,98100000.0,0.2906666667,-3000000.0,95100000.0,0.2817777778,30000000.0,65100000.0,0.1928888889,0.33,0.33,194700000,196500000,https://www.sec.gov/Archives/edgar/data/1136869/000095013702006144/0000950137-02-006144-index.htm,https://www.sec.gov/Archives/edgar/data/1136869/000095013702006144/c72854e10vq.htm,1.7334360554699535,0.3343605546995377,0.2845403184386235,0.2398561890087313,0.1068310220852593,1.4709809964047251,1.4709809964047251,1.4709809964047251,1.2937853107344632,7240893000.0,7468993000.0,27.80680875576037,21.45449777777777,130.70203971119133,155.0512419700214,25.282447625698325,25.282447625698325,22.13034962962963,76.13652395514781,134.81936823104692,159.9356102783726,0.0089906037832626,0.0064494807477475,0.8690642458100558,0.2882788973824415,2.3251783893985727,1.5597147950089127,32.7,0.8509984639016898,0.0,0.0,0.0,0.061037037037037,0.0,0.1570397111913357,0.0257777777777777,1.359375,0.0,3.326613216618842,0.108190152666751,0.0753995830437804,-1.417950693374422,219800000.0,286400000.0,35500000.0,374700000.0,211800000.0,61450000.0,247150000.0,54.586666666666666,60.59929494712104,267.77908343125733,1.6487542745481192,1.4851657940663177,0.3360979462875197,0.227304469273743,0.0446841294298921,2002-10-21,0.3,bmo,306818181.0,2025-04-25,2002-09-30,0.1,34.62796875,1199600.984375
2002-06-30,ZBH,USD,1136869,2002-08-09,2002-08-09 16:01:06,2002,Q2,345600000.0,85200000.0,260400000.0,0.7534722222,19200000,0.0,0.0,137800000.0,0.0,157000000.0,242200000.0,0.0,3300000.0,6800000.0,103400000.0,0.2991898148,103400000.0,0.2991898148,-3300000.0,100100000.0,0.2896412037,34200000.0,65900000.0,0.1906828704,0.34,0.34,194300000,196000000,https://www.sec.gov/Archives/edgar/data/1136869/000095013702004263/0000950137-02-004263-index.htm,https://www.sec.gov/Archives/edgar/data/1136869/000095013702004263/c71109e10vq.htm,1.7786927431806483,0.339166237776634,0.2527020072053526,0.208955223880597,0.1358723623262995,1.056613484302625,1.056613484302625,1.056613484302625,1.626865671641791,6578998000.0,6865398000.0,24.958262518968137,19.036452546296296,133.99181262729124,162.0442857142857,32.045776911836334,32.045776911836334,19.86515625,66.396499032882,139.8248065173116,169.09847290640394,0.0100167229113004,0.0061711525068103,1.5236239649293717,0.3658051689860835,2.769825918762089,1.528954625219353,31.33333333333333,0.7450682852807283,0.0,0.0,0.0,0.0555555555555555,0.0,0.1731160896130346,0.0245949074074074,1.25,0.0,2.8395900154312934,0.1122938427458387,0.077067009706467,-1.7430519814719505,211000000.0,205300000.0,-39900000.0,364300000.0,207550000.0,63400000.0,230450000.0,57.005208333333336,69.29577464788733,254.6830985915493,1.5788031064412973,1.298780487804878,0.3533803401078391,0.3209936678032148,0.0437467833247555,2002-07-24,0.3,bmo,304941176.0,2025-04-25,2002-06-30,0.1333333333333334,33.063125,680506.859375
2002-03-31,ZBH,USD,1136869,2002-05-08,2002-05-08 16:48:12,2002,Q1,319100000.0,80800000.0,238300000.0,0.7467878408,19100000,0.0,0.0,130900000.0,0.0,150000000.0,230800000.0,0.0,3600000.0,5500000.0,93800000.0,0.2939517393,88300000.0,0.2767157631,-3600000.0,84700000.0,0.2654340332,30100000.0,54600000.0,0.1711062363,0.28,0.28,194000000,195700000,https://www.sec.gov/Archives/edgar/data/1136869/000095013702002802/0000950137-02-002802-index.htm,https://www.sec.gov/Archives/edgar/data/1136869/000095013702002802/c69400e10-q.htm,1.6448453608247422,0.2814432989690721,0.1675257731958762,0.134020618556701,0.1072164948453608,0.6902061855670103,0.6902061855670103,0.6902061855670103,1.7824742268041238,6427220000.000001,6748620000.000001,29.428663003663004,20.14171106236289,197.76061538461545,247.20076923076925,48.00014936519791,48.00014936519791,21.14891883422125,71.94690831556504,207.64984615384617,259.56230769230774,0.0084951191961687,0.0040452948553184,2.5556385362210605,0.4330549228043533,3.4264392324093818,1.4564817249539836,24.52777777777778,0.5952380952380952,0.0,0.0,0.0,0.0598558445628329,0.0,0.2,0.0203697900344719,1.181818181818182,0.0,2.09062499776595,0.1016621917432127,0.0690964312832194,-1.9507731958762888,173600000.0,133900000.0,-102400000.0,323100000.0,188950000.0,64300000.0,209900000.0,55.33688498903165,68.16831683168317,244.82673267326737,1.626401630988787,1.3202614379084967,0.367606915377616,0.4077669902912621,0.0335051546391752,2002-04-24,0.25,bmo,278214285.0,2025-04-25,2002-03-31,0.1200000000000001,32.3835,788425.3333333334
2001-12-31,ZBH,USD,1136869,2002-03-13,2002-03-13 00:00:00,2001,Q4,311600000.0,82500000.0,229100000.0,0.735237484,17900000,194500000.0,-61500000.0,139200000.0,5.960464477539065e-08,157100000.0,239600000.0,0.0,4400000.0,5200000.0,60200000.0,0.1931964056,72000000.0,0.2310654685,-4400000.0,67600000.0,0.216944801,24400000.0,43200000.0,0.1386392811,0.22,0.22,194000000,195700000,https://www.sec.gov/Archives/edgar/data/1136869/000095013702001247/0000950137-02-001247-index.htm,https://www.sec.gov/Archives/edgar/data/1136869/000095013702001247/c67231e10-k405.htm,1.6061855670103091,0.222680412371134,0.2659793814432989,0.1819587628865979,0.0948453608247422,0.4056701030927835,0.4056701030927835,0.4056701030927835,1.8984536082474224,5748220000.0,6093720000.0,33.26516203703704,18.447432605905007,111.39961240310078,162.8390934844193,73.03964421855146,73.03964421855146,19.55622593068036,101.22458471760795,118.0953488372093,172.62662889518413,0.007515369975401,0.0061410314845291,4.6238881829733165,0.4884563758389261,5.739202657807309,1.3631734119538998,16.363636363636363,1.1944444444444444,0.0504504002978313,6.712962962962963,0.6241976893453145,0.0574454428754813,0.0,0.315891472868217,0.0523106546854942,3.1346153846153846,0.0317715019255455,1.4256692047860131,0.0881621657779778,0.057986577181208,-2.121778350515464,135500000.0,78700000.0,-157700000.0,283700000.0,186400000.0,58000000.0,193800000.0,52.48074454428755,73.52727272727273,218.1818181818182,1.7149146945514584,1.2240356083086052,0.4125,0.5489199491740788,0.084020618556701,2002-02-05,0.27,bmo,311600000.0,2025-04-25,2001-12-31,0.0,29.48625,928499.71875
2001-09-30,ZBH,USD,1136869,2001-11-13,2001-11-13 00:00:00,2001,Q3,286700000.0,78900000.0,207800000.0,0.7247994419,18300000,0.0,0.0,138700000.0,0.0,157000000.0,235900000.0,0.0,3000000.0,5700000.0,50800000.0,0.177188699,50800000.0,0.177188699,-3000000.0,47800000.0,0.1667247994,20400000.0,27400000.0,0.0955702825,0.14,0.14,193700000,195000000,https://www.sec.gov/Archives/edgar/data/1136869/000091205701539263/0000912057-01-539263-index.htm,https://www.sec.gov/Archives/edgar/data/1136869/000091205701539263/a2063239z10-q.htm,1.480123902942695,0.1414558595766649,0.0428497676819824,-0.0237480640165203,0.1208053691275167,0.1213216313887454,0.1213216313887454,0.1213216313887454,2.12338668043366,5282199000.0,5667099000.0,48.19524635036496,18.42413324032089,636.4095180722892,-1148.3041304347826,224.7744255319149,224.7744255319149,19.7666515521451,111.55706692913384,682.7830120481927,-1231.9780434782608,0.0051872335745018,-0.0008708494322156,17.374468085106383,0.5531770762769272,7.576771653543307,1.2900154400411734,16.933333333333334,0.3029197080291971,0.0,0.0,0.0,0.0638297872340425,0.0,1.5542168674698795,0.0449947680502267,2.263157894736842,0.0,0.621399430479391,0.0582976281721051,0.0371223411461861,-2.3442178626742387,112700000.0,23500000.0,-213300000.0,251000000.0,194000000.0,57800000.0,178150000.0,59.98953610045344,55.43726235741445,213.9923954372624,1.500261643118786,1.623456790123457,0.4205756929637527,1.1659574468085103,0.0665978316985028,2001-11-13,,bmo,,2025-04-25,2001-09-30,,26.55697674418605,2215738.7674418604
2001-06-30,ZBH,USD,1136869,2001-08-21,2001-08-21 00:00:00,2001,Q2,294300000.0,82300000.0,212000000.0,0.7203533809,17400000,64200000.0,61500000.0,125700000.0,0.0,143100000.0,225400000.0,0.0,0.0,0.0,68900000.0,0.2341148488,68900000.0,0.2341148488,0.0,68900000.0,0.2341148488,25700000.0,43200000.0,0.1467889908,0.22,0.22,193600000,193600000,https://www.sec.gov/Archives/edgar/data/1136869/000091205701529764/0000912057-01-529764-index.htm,https://www.sec.gov/Archives/edgar/data/1136869/000091205701529764/a2057640z10-q.htm,1.5201446280991735,0.2231404958677686,0.337293388429752,0.2577479338842975,0.0,1.272210743801653,1.272210743801653,1.272210743801653,0.0,5589232000.0,5589232000.0,32.34509259259259,18.99161399932042,85.59313935681472,112.00865731462926,22.692781161185543,22.692781161185543,18.99161399932042,81.12092888243832,85.5931393568147,112.00865731462926,0.0077291477612666,0.0089278813260927,0.0,0.0,0.0,1.1356443104747551,0.0,1.5115740740740742,0.0,0.0,0.218144750254842,0.0591233435270132,0.0,0.2358346094946401,0.0523275569147128,2.40625,0.0,2.527318552330628,0.1753958587088916,0.0670391061452514,-0.8578254132231405,54000000.0,246300000.0,54000000.0,185500000.0,196450000.0,160000000.0,164350000.0,60.21406727828746,73.2685297691373,184.4835965978129,1.494667343829355,1.228358208955224,0.4878482513337285,0.1753958587088916,0.0795454545454545,2001-10-30,0.23,bmo,263764000.0,2025-04-25,2001-06-30,0.0869565217391303,,
2001-03-31,ZBH,USD,1136869,2001-03-31,2001-03-30 19:00:00,2001,Q1,286000000.0,81100000.0,204900000.0,0.7164335664,18000000,130300000.0,0.0,130300000.0,0.0,148300000.0,229400000.0,0.0,0.0,6100000.0,62700000.0,0.2192307692,56600000.0,0.1979020979,0.0,56600000.0,0.1979020979,20600000.0,36000000.0,0.1258741259,0.19,0.19,193600000,193600000,,,1.4772727272727273,0.1859504132231405,0.2407024793388429,0.1885330578512396,0.0,1.0950413223140496,1.0950413223140496,1.0950413223140496,0.0,5589232000.0,5589232000.0,38.81411111111112,19.54276923076923,119.9406008583691,153.12964383561643,26.364301886792457,26.364301886792457,19.54276923076923,89.14245614035087,119.9406008583691,153.12964383561643,0.0064409564677222,0.0065304141964405,0.0,0.0,0.0,1.0737100737100738,0.0,1.2944444444444445,0.0,0.0,0.4555944055944056,0.0629370629370629,0.0,0.2167381974248927,0.0353146853146853,1.6557377049180328,0.0,2.1404499979130587,0.169811320754717,0.0581583198707592,-0.9297520661157024,30000000.0,212000000.0,30000000.0,152000000.0,192500000.0,151500000.0,156000000.0,61.67832167832167,280.7644882860666,177.55856966707768,1.4591836734693877,0.3205533596837944,0.506875,0.1698113207547169,0.0521694214876033,2001-03-30,,bmo,,2025-04-25,2001-03-31,,,
2000-12-31,ZBH,USD,1136869,2000-12-31,2000-12-30 19:00:00,2000,Q4,274800000.0,80300000.0,194500000.0,0.7077874818,15700000,106400000.0,1.4901161193847656e-08,106400000.0,0.0,122100000.0,202400000.0,0.0,0.0,6300000.0,78700000.0,0.2863901019,72400000.0,0.2634643377,0.0,72400000.0,0.2634643377,24700000.0,47700000.0,0.173580786,0.25,0.25,194100000,194100000,,,1.4157650695517774,0.2457496136012364,0.3333333281813498,0.3060278155589902,0.0,1.3446676970633693,1.3446676970633693,1.3446676970633693,0.0,5603667000.0,5603667000.0,29.369323899371068,20.391801310043668,86.6100013386399,94.33782987100724,21.46998850574713,21.46998850574713,20.391801310043668,71.20288437102923,86.6100013386399,94.33782987100724,0.0085122831174657,0.0106002014395216,0.0,0.0,0.0,2.2406417112299466,0.0,1.356394109014675,0.0,0.0,0.3871906841339155,0.0571324599708879,0.0,0.0819165391331768,0.0192867540029112,0.8412698412698414,0.0,2.7267490271285,0.1163414634146341,0.0798994974874371,-0.6092220504894384,232000000.0,261000000.0,83000000.0,351000000.0,,,,61.89956331877729,56.039850560398506,170.36114570361144,1.453968253968254,1.606,0.5282894736842105,0.1827586206896551,0.0273055126223596,2000-12-30,,bmo,,2025-04-25,2000-12-31,,,
2000-09-30,ZBH,USD,1136869,2000-09-30,2000-09-29 20:00:00,2000,Q3,251800000.0,72300000.0,179500000.0,0.712867355,12800000,101800000.0,1.4901161193847656e-08,101800000.0,0.0,114600000.0,186900000.0,0.0,0.0,5500000.0,70400000.0,0.2795869738,64900000.0,0.2577442415,0.0,64900000.0,0.2577442415,22300000.0,42600000.0,0.1691818904,0.22,0.22,193600000,193600000,,,1.3006198347107438,0.2200413223140495,0.3409090909090909,0.2644628099173554,,,,,,5589232000.0,,32.80065727699531,22.197108816521048,84.68533333333335,109.1646875,0.0,0.0,,,,,0.0076217984868046,0.0091604714207604,0.0,0.0,,0.0,0.0,1.5492957746478873,0.0,0.0,0.4042891183478951,0.0508339952343129,0.0,0.2242424242424242,0.0587768069896743,2.6909090909090905,0.0,,0.0,0.0,,,,,,,,,,,,0.0,0.0,0.0,0.0,0.0764462809917355,2000-09-29,,bmo,,2025-04-25,2000-09-30,,,
2000-06-30,ZBH,USD,1136869,2000-06-30,2000-06-30 00:00:00,2000,Q2,260900000.0,68500000.0,192400000.0,0.7374472978,11500000,56500000.0,52500000.0,109000000.0,0.0,120500000.0,189000000.0,0.0,0.0,0.0,71900000.0,0.2755845151,71900000.0,0.2755845151,0.0,71900000.0,0.2755845151,25000000.0,46900000.0,0.1797623611,0.24,0.24,193600000,193600000,,,1.3476239669421488,0.2422520661157025,0.3011363636363636,0.2861570247933884,,,,,,5589232000.0,,29.793347547974413,21.422889996167115,95.87018867924527,100.8886642599278,0.0,0.0,,,,,0.0083911349537825,0.0099119163419947,0.0,0.0,,0.0,0.0,1.2430703624733477,0.0,0.0,0.2165580682253737,0.0440781908777309,0.0,0.0497427101200686,0.0111153698735147,0.5576924149408491,0.0,,0.0,0.0,,,,,,,,,,,,0.0,0.0,0.0,0.0,0.0149793388429752,2000-06-30,,bmo,,2025-04-25,2000-06-30,,,
2000-03-31,ZBH,USD,1136869,2000-03-31,2000-03-30 19:00:00,2000,Q1,253500000.0,69900000.0,183600000.0,0.724260355,12000000,112800000.0,-1.4901161193847656e-08,112800000.0,0.0,124800000.0,194700000.0,0.0,0.0,6000000.0,64800000.0,0.2556213018,58800000.0,0.2319526627,0.0,58800000.0,0.2319526627,20000000.0,38800000.0,0.1530571992,0.2,0.2,193800000,193800000,,,1.3080495356037152,0.2002063983488132,0.2218782249742002,0.1909184726522187,,,,,,5595006000.0,,36.05029639175258,22.07102958579881,130.11641860465116,151.21637837837838,0.0,0.0,,,,,0.0069347557446765,0.0066130402719854,0.0,0.0,,0.0,0.0,1.1082474226804124,0.0,0.0,0.4449704142011834,0.0473372781065088,0.0,0.1395348837209302,0.0236686390532544,1.0,0.0,,0.0,0.0,,,,,,,,,,,,0.0,0.0,0.0,0.0,0.0309597523219814,2000-03-30,,bmo,,2025-04-25,2000-03-31,,,
